1903 3218
390 101 473 140 AD
498 100 554 139 M.
581 96 928 138 VARRONEM
953 96 1030 135 ΕΤ
1055 94 1338 135 CETEROS.
1491 99 1574 135 ⁶233

144 218 242 248 men
263 205 468 248 constitui
490 205 544 247 ad
563 214 608 245 te
630 202 791 253 venire,
813 209 863 243 ut
883 210 928 242 et
949 201 1139 242 viderem
1161 208 1218 251 te,
1239 209 1283 241 et
1305 199 1499 248 viserem,
1531 208 1576 241 et

145 276 342 305 cenarem
362 262 509 306 etiam.
567 260 669 303 Non
691 259 806 300 enim
828 258 1014 300 arbitror
1032 271 1186 298 cocum
1206 257 1335 298 etiam
1359 264 1400 296 te
1423 256 1577 297 arthri-

146 321 279 362 ticum
300 319 474 363 habere.
525 316 742 373 Exspecta
762 315 896 372 igitur
918 315 1135 371 hospitem
1156 327 1254 355 cum
1280 313 1457 353 minime
1478 312 1576 353 eda-

145 391 255 429 cem,
278 385 369 419 tum
392 376 613 417 inimicum
635 373 752 414 cenis
775 373 1021 414 sumtuosis.

656 460 1059 500 ARGUMENTUM.
1428 443 1431 445 ’
1588 456 1643 495 24

146 527 298 579 Rufum,
317 541 340 565 a
354 529 455 565 Paeto
474 527 771 566 commendatam,
802 525 872 561 sibi
902 536 995 560 curce
1013 523 1104 573 sore
1130 523 1310 560 ostendit:
1339 526 1375 559 et
1392 527 1432 558 ut
1451 523 1513 560 ille
1531 525 1579 559 ad

197 583 393 617 anticorum
411 580 609 615 convictum
635 580 771 618 redeat,
792 577 984 613 hortatur:
1013 575 1176 624 nihilque
1191 575 1261 611 sibi
1277 587 1351 624 rep.
1372 576 1490 612 carius
1508 587 1581 618 esse

199 633 391 669 concludit.
435 631 560 667 Pansa
579 635 613 666 et
631 631 758 666 Hirtio
778 640 886 666 coss.

629 695 866 738 CICERO
900 693 1094 737 PAETO.

149 753 380 808 RUFUM
405 766 549 817 istum,
571 766 757 806 amicum
781 774 917 814 tuum,
952 763 1004 804 de
1026 777 1112 818 quo
1134 762 1290 803 iterum
1316 762 1410 817 jam
1435 763 1487 804 ad
1512 778 1578 804 ine

148 823 314 874 scribis,
348 823 611 878 adjuvarem,
640 831 847 877 quantum
874 834 1059 876 possem,
1088 820 1255 874 etiamsi
1288 822 1343 861 ab
1372 834 1423 861 eo
1452 820 1577 862 laesus

147 892 299 931 essem,
322 895 420 921 cum
443 890 486 921 te
510 890 734 936 tantopere
758 878 942 919 viderem
965 877 1058 932 ejus
1081 891 1209 918 causa
1230 877 1447 918 laborare:
1479 894 1575 920 cum

152 950 252 978 vero
274 947 318 977 et
338 952 394 978 ex
422 938 510 979 tuis
534 938 700 987 litteris,
722 947 765 977 et
792 950 846 976 ex
870 934 982 976 illius
1005 934 1057 974 ad
1086 949 1154 975 me
1179 934 1318 975 missis
1342 935 1578 992 intelligam

150 1004 193 1034 et
208 993 418 1048 judicem,
441 1009 610 1050 magnae
633 1008 747 1034 curae
769 993 806 1033 ei
831 992 1008 1033 salutem
1032 1005 1168 1032 meam
1193 990 1348 1043 fuisse3
1370 987 1457 1033 'non
1484 1010 1578 1050 pos-

151 1065 244 1091 sum
267 1052 304 1091 ei
329 1066 413 1092 non
435 1053 598 1093 amicus
620 1066 725 1101 esse,
754 1064 890 1104 neque
921 1048 1057 1089 solum
1087 1058 1160 1089 tua
1188 1051 1579 1103 commendatione,
1603 1088 1605 1091 .

150 1122 248 1162 quae
271 1108 385 1164 apud
416 1123 498 1160 me,
528 1118 575 1148 ut
596 1108 739 1158 debet,
764 1108 872 1148 valet
903 1106 1147 1162 plurimum,
1178 1106 1250 1147 sed
1278 1107 1407 1148 etiam
1431 1107 1578 1150 volun-
1593 1106 1633 1142 b(

153 1174 241 1206 tate
262 1164 495 1220 acjudicio
519 1179 628 1206 meo.
688 1164 800 1205 Volo
821 1164 935 1204 enim
961 1173 1000 1203 te
1023 1163 1145 1213 scire,
1168 1164 1225 1203 mi
1251 1163 1386 1216 Paete,
1409 1165 1580 1207 initium

153 1221 259 1262 mihi
290 1222 561 1277 suspicionis,
588 1230 631 1262 et
656 1221 884 1271 cautionis,
917 1230 960 1260 et
989 1218 1226 1275 diligentiae
1259 1219 1390 1261 fuisse
1419 1222 1580 1264 litteras

154 1289 273 1330 tuas;
294 1279 450 1334 quibus
471 1278 624 1320 litteris
645 1287 932 1333 congruentes
953 1276 1126 1316 fuerunt
1144 1275 1238 1317 aliae
1260 1288 1409 1333 postea
1427 1281 1583 1322 multo-

152 1349 261 1377 rum.
314 1335 426 1377 Nam
449 1345 492 1376 et
515 1334 708 1390 ⁵Aquini
730 1342 774 1374 et
797 1333 1057 1374 Fabrateriae
1079 1333 1259 1374 consilia
1280 1344 1379 1376 sunt
1402 1336 1510 1378 inita
1529 1338 1582 1380 de

151 1405 235 1444 me,
269 1407 366 1447 quae
399 1402 441 1433 te
462 1392 588 1433 video
620 1391 857 1433 inaudisse:
889 1400 947 1440 et,
978 1390 1098 1444 quasi
1130 1390 1388 1444 divinarent,
1418 1394 1582 1450 6quam

151 1449 219 1490 his
242 1449 445 1490 molestus
466 1464 602 1491 essem
625 1448 809 1499 futurus,
832 1448 941 1488 nihil
962 1448 1076 1488 aliud
1106 1458 1302 1503 egerunt,
1332 1450 1411 1491 nisi
1447 1466 1514 1493 nie
1537 1464 1584 1494 ut

152 1506 461 1563 opprimerent.
523 1506 653 1552 Quod
676 1520 758 1561 ego
780 1519 865 1546 non
889 1504 1125 1560 suspicans,
1157 1505 1372 1547 incautior
1393 1508 1585 1560 fuissem,

156 1563 239 1604 nisi
272 1578 298 1604 a
323 1573 366 1604 te
397 1563 643 1604 admonitus
670 1576 821 1603 essem.
883 1562 1177 1608 Quamobrem
1200 1563 1280 1604 iste
1303 1573 1400 1605 tuus
1422 1567 1586 1608 amicus

155 1619 269 1675 apud
304 1635 371 1661 me
405 1635 492 1661 non
527 1629 627 1676 eget
663 1618 1051 1660 commendatione.
1114 1618 1290 1660 Utinam
1328 1635 1379 1662 ea
1413 1622 1587 1665 fortuna

157 1677 406 1733 reipublicae
430 1678 499 1728 sit,
529 1687 577 1718 ut
607 1677 676 1717 ille
704 1691 772 1718 me
799 1690 926 1732 quam
952 1676 1243 1732 gratissimum
1267 1679 1404 1733 possit
1423 1695 1587 1737 cogno-

156 1735 296 1776 scere!
329 1733 413 1775 Sed
437 1734 530 1775 haec
551 1734 775 1775 hactenus
834 1734 896 1775 Te
914 1734 966 1774 ad
986 1747 1112 1773 cenas
1137 1733 1243 1774 itare
1261 1735 1434 1788 desisse,
1457 1738 1587 1780 mole-

154 1798 219 1831 ste
240 1789 346 1832 fero.
406 1790 576 1847 Magna
595 1791 708 1832 enim
730 1800 771 1831 te
786 1790 1070 1831 delectatione
1086 1799 1130 1830 et
1151 1790 1372 1848 voluptate
1395 1795 1588 1850 privasti.

160 1846 331 1889 Deinde
365 1848 496 1889 etiam
522 1862 683 1899 vereor,
714 1847 816 1888 licet
844 1847 959 1888 enim
992 1860 1137 1888 verum
1167 1848 1324 1901 dicere,
1356 1865 1410 1892 ne
1443 1853 1588 1894 nescio

158 1905 262 1960 quid
284 1905 403 1955 illud,
424 1904 539 1960 quod
563 1905 743 1956 solebas,
766 1904 974 1955 dediscaS,
996 1913 1039 1945 et
1059 1905 1314 1948 obliviscare
1334 1909 1506 1950 cenulas
1528 1909 1591 1951 fa-

157 1976 269 2003 cere.
330 1962 444 2003 Nam
467 1962 500 2003 si
526 1971 631 2013 tum,
653 1976 752 2003 cum
772 1961 976 2012 habebas,
995 1976 1102 2017 quos
1122 1962 1351 2015 imitatem,
1374 1980 1458 2007 non
1483 1967 1592 2008 mul-

158 2027 251 2059 tum
274 2019 558 2075 proficiebas:
583 2019 718 2074 7quid
740 2033 856 2060 nunc
878 2028 919 2059 te
942 2019 1156 2060 facturum
1179 2023 1356 2075 putem?
1376 2022 1594 2078 Spurinna

158 2077 348 2131 quidem,
370 2091 466 2118 cum
487 2077 526 2118 ei
545 2090 634 2117 rem
653 2077 1029 2126 demonstrassem,
1048 2085 1092 2117 et
1112 2077 1243 2118 vitam
1259 2087 1379 2120 tuam
1400 2082 1593 2137 superio·

159 2147 246 2174 rem
272 2134 591 2190 exposuissem:
623 2148 828 2190 magnum
859 2134 1098 2189 periculum
1129 2148 1308 2176 summae
1340 2137 1590 2193 reipublicae

162 2190 499 2242 demonstrabat,
521 2191 602 2232 nisi
624 2191 677 2231 ad
700 2191 962 2247 superiorem
984 2191 1340 2234 consuetudinem
1364 2201 1470 2246 tum,
1493 2210 1592 2237 cum

164 2246 380 2288 Favonius
401 2247 538 2299 flaret,
561 2247 820 2289 revertisses.
842 2247 926 2288 hoc
945 2255 1138 2304 tempore
1157 2248 1255 2290 ferri
1273 2262 1412 2305 posse,
1429 2252 1463 2293 si
1481 2252 1593 2294 forte

161 2312 207 2344 tu
229 2303 366 2360 frigus
388 2304 498 2345 ferre
520 2319 607 2345 non
629 2310 789 2361 posses.
829 2304 929 2355 Sed,
950 2304 1205 2358 mehercule,
1228 2307 1286 2347 mi
1311 2306 1448 2360 Paete,
1469 2319 1594 2352 extra

152 2361 321 2416 jocum,
353 2375 511 2403 moneo
533 2372 590 2412 te,
620 2362 736 2417 quod
767 2362 979 2418 pertinere
1001 2362 1054 2404 ad
1078 2363 1456 2407 beatevivendum
1479 2368 1593 2408 arbi-

164 2428 277 2470 tror;
309 2428 357 2459 ut
394 2433 494 2460 cum
527 2419 627 2460 viris
665 2418 803 2470 bonis,
832 2419 1054 2474 jucundis,
1090 2421 1334 2462 amantibus
1365 2423 1427 2464 tui
1459 2425 1594 2466 vivas.

165 2475 288 2527 Nihil
309 2476 453 2532 aptius
473 2475 599 2519 vitae:
622 2476 731 2518 nihil
747 2476 797 2517 ad
819 2477 943 2518 beate
964 2477 1193 2519 vivendum
1211 2481 1594 2523 accommodatius.

204 2601 222 2629 5
245 2600 366 2640 Aquini
386 2604 417 2630 et
442 2599 643 2632 Fabraterioe
665 2600 740 2641 δια]
766 2600 857 2631 Idem
899 2599 978 2632 Non
1006 2602 1084 2632 satis
1113 2606 1229 2643 aptum
1252 2601 1381 2633 videtur
1392 2600 1595 2642 facturam:

159 2647 275 2672 narrat
311 2641 426 2673 Cicero
457 2643 490 2673 in
524 2643 732 2684 Philippicis:
770 2643 858 2674 unde
901 2653 978 2674 nam
995 2644 1033 2674 de
1048 2644 1198 2684 profectu
1217 2650 1323 2675 sermo
1336 2650 1395 2675 est.
1409 2649 1490 2684 puto
1491 2645 1595 2684 futu--

163 2686 268 2723 patet,
296 2683 381 2714 hanc
414 2685 588 2725 epistolam
617 2690 693 2727 post
720 2686 858 2718 Caesaris
897 2685 1162 2726 rumlegendum
1175 2695 1256 2724 esse,
1266 2686 1332 2717 sive
1346 2686 1460 2718 relicto
1475 2691 1518 2724 te,
1530 2689 1597 2720 sive

161 2723 284 2755 cadem
297 2728 452 2766 scriptam
467 2735 547 2758 esse.
899 2728 1049 2759 sublato:
1070 2729 1188 2770 quippe
1199 2732 1233 2760 et
1247 2728 1340 2759 abest
1354 2727 1418 2760 Gu.
1433 2730 1463 2760 2.
1478 2729 1599 2762 Factu-

205 2766 233 2814 6
247 2775 345 2815 quom
360 2769 409 2799 hz's
424 2769 514 2809 mol.]
540 2770 625 2800 Puto
639 2771 692 2808 iis,
709 2779 769 2812 pro
791 2779 856 2811 quo
897 2777 958 2800 rus
979 2776 1012 2802 et
1021 2769 1171 2810 futurus
1191 2779 1259 2800 non
1278 2778 1351 2803 raro
1365 2767 1599 2812 permutantur

162 2808 285 2842 centies
297 2818 332 2839 in
345 2811 473 2851 scriptis
487 2816 539 2842 est
553 2814 613 2842 his.
898 2811 933 2843 in
949 2811 1115 2844 libris-scr.
1133 2816 1167 2843 et
1182 2811 1252 2843 edd.

204 2853 223 2884 7
252 2851 332 2891 quid
353 2861 441 2882 mmo
469 2857 500 2884 te
516 2852 699 2894 facturum
720 2855 851 2896 putem]
902 2860 905 2863 '
