<?xml version="1.0" encoding="UTF-8"?>
<!DOCTYPE html PUBLIC "-//W3C//DTD XHTML 1.0 Transitional//EN"
    "http://www.w3.org/TR/xhtml1/DTD/xhtml1-transitional.dtd">
<html xmlns="http://www.w3.org/1999/xhtml" xml:lang="en" lang="en">
 <head>
  <title>
</title>
<meta http-equiv="Content-Type" content="text/html;charset=utf-8" />
  <meta name='ocr-system' content='tesseract 3.04.00' />
  <meta name='ocr-capabilities' content='ocr_page ocr_carea ocr_par ocr_line ocrx_word'/>
</head>
<body>
  <div class='ocr_page' id='page_1' title='image "./p1operaomnia03ciceuoft_0035.png"; bbox 0 0 1817 3196; ppageno 0'>
   <div class='ocr_carea' id='block_1_1' title="bbox 551 93 1509 140">
    <p class='ocr_par' dir='ltr' id='par_1_1' title="bbox 551 93 1509 140">
     <span class='ocr_line' id='line_1_1' title="bbox 551 93 1509 140; baseline 0 -9"><span class='ocrx_word' id='word_1_1' title='bbox 551 95 635 132; x_wconf 78' lang='lat' dir='ltr'><strong>AD</strong></span> <span class='ocrx_word' id='word_1_2' title='bbox 664 93 1048 132; x_wconf 85' lang='lat' dir='ltr'><strong>LENTULUM.</strong></span> <span class='ocrx_word' id='word_1_3' title='bbox 1460 94 1509 140; x_wconf 69' lang='lat'><strong>2¹7</strong></span> 
     </span>
    </p>
   </div>
   <div class='ocr_carea' id='block_1_2' title="bbox 81 195 1616 589">
    <p class='ocr_par' dir='ltr' id='par_1_2' title="bbox 81 195 1616 354">
     <span class='ocr_line' id='line_1_2' title="bbox 83 195 1616 253; baseline 0 -13"><span class='ocrx_word' id='word_1_4' title='bbox 83 198 153 240; x_wconf 89' lang='lat' dir='ltr'><strong>ille</strong></span> <span class='ocrx_word' id='word_1_5' title='bbox 173 197 381 250; x_wconf 82' lang='lat' dir='ltr'><strong>stimulus,</strong></span> <span class='ocrx_word' id='word_1_6' title='bbox 402 197 456 238; x_wconf 88' lang='lat' dir='ltr'><strong>de</strong></span> <span class='ocrx_word' id='word_1_7' title='bbox 473 212 559 252; x_wconf 93' lang='lat' dir='ltr'><strong>quo</strong></span> <span class='ocrx_word' id='word_1_8' title='bbox 581 198 623 238; x_wconf 93' lang='lat' dir='ltr'><strong>in</strong></span> <span class='ocrx_word' id='word_1_9' title='bbox 640 197 824 253; x_wconf 87' lang='lat' dir='ltr'><strong>judicio,</strong></span> <span class='ocrx_word' id='word_1_10' title='bbox 846 211 945 238; x_wconf 91' lang='lat' dir='ltr'><strong>cum</strong></span> <span class='ocrx_word' id='word_1_11' title='bbox 968 197 1086 237; x_wconf 88' lang='lat' dir='ltr'><strong>illum</strong></span> <span class='ocrx_word' id='word_1_12' title='bbox 1108 195 1394 247; x_wconf 79' lang='lat' dir='ltr'><strong>defenderem,</strong></span> <span class='ocrx_word' id='word_1_13' title='bbox 1416 198 1550 250; x_wconf 86' lang='lat' dir='ltr'><strong>dixip.</strong></span> <span class='ocrx_word' id='word_1_14' title='bbox 1569 210 1616 240; x_wconf 77' lang='lat'><strong>15.</strong></span> 
     </span>
     <span class='ocr_line' id='line_1_3' title="bbox 81 253 1550 310; baseline -0.001 -13"><span class='ocrx_word' id='word_1_15' title='bbox 81 269 150 297; x_wconf 87' lang='lat' dir='ltr'><strong>me</strong></span> <span class='ocrx_word' id='word_1_16' title='bbox 180 256 317 297; x_wconf 88' lang='lat' dir='ltr'><strong>facere</strong></span> <span class='ocrx_word' id='word_1_17' title='bbox 349 255 567 310; x_wconf 80' lang='lat' dir='ltr'>quiddam,</span> <span class='ocrx_word' id='word_1_18' title='bbox 600 255 713 309; x_wconf 85' lang='lat' dir='ltr'><strong>quod</strong></span> <span class='ocrx_word' id='word_1_19' title='bbox 752 255 794 295; x_wconf 92' lang='lat' dir='ltr'><strong>in</strong></span> <span class='ocrx_word' id='word_1_20' title='bbox 822 253 1034 295; x_wconf 87' lang='lat' dir='ltr'>Eunucho</span> <span class='ocrx_word' id='word_1_21' title='bbox 1068 253 1277 309; x_wconf 82' lang='lat' dir='ltr'><strong>parasitus</strong></span> <span class='ocrx_word' id='word_1_22' title='bbox 1315 253 1510 297; x_wconf 80' lang='lat' dir='ltr'>suaderet</span> <span class='ocrx_word' id='word_1_23' title='bbox 1521 263 1550 283; x_wconf 83' lang='lat'><strong>²·</strong></span> 
     </span>
     <span class='ocr_line' id='line_1_4' title="bbox 83 313 232 354; baseline -0.007 0"><span class='ocrx_word' id='word_1_24' title='bbox 83 313 232 354; x_wconf 86' lang='lat' dir='ltr'><strong>militi:</strong></span> 
     </span>
    </p>

    <p class='ocr_par' dir='ltr' id='par_1_3' title="bbox 241 384 1083 432">
     <span class='ocr_line' id='line_1_5' title="bbox 241 384 1083 432; baseline -0.004 -10"><span class='ocrx_word' id='word_1_25' title='bbox 241 386 309 422; x_wconf 72' lang='lat' dir='ltr'><strong>Ubi</strong></span> <span class='ocrx_word' id='word_1_26' title='bbox 325 386 527 422; x_wconf 78' lang='lat' dir='ltr'><em>nominabit</em></span> <span class='ocrx_word' id='word_1_27' title='bbox 546 385 767 427; x_wconf 61' lang='lat' dir='ltr'><strong>Phaedriam,</strong></span> <span class='ocrx_word' id='word_1_28' title='bbox 788 390 827 420; x_wconf 84' lang='lat' dir='ltr'><strong>lu</strong></span> <span class='ocrx_word' id='word_1_29' title='bbox 847 384 1083 432; x_wconf 78' lang='lat' dir='ltr'><em>Pamphilam</em></span> 
     </span>
    </p>

    <p class='ocr_par' dir='ltr' id='par_1_4' title="bbox 239 436 1150 485">
     <span class='ocr_line' id='line_1_6' title="bbox 239 436 1150 485; baseline -0.003 -11"><span class='ocrx_word' id='word_1_30' title='bbox 239 438 426 474; x_wconf 81' lang='lat' dir='ltr'><strong>Continuo.</strong></span> <span class='ocrx_word' id='word_1_31' title='bbox 445 440 477 474; x_wconf 79' lang='lat' dir='ltr'><strong>si</strong></span> <span class='ocrx_word' id='word_1_32' title='bbox 497 439 639 485; x_wconf 80' lang='lat' dir='ltr'><strong>quando</strong></span> <span class='ocrx_word' id='word_1_33' title='bbox 658 439 726 473; x_wconf 77' lang='lat' dir='ltr'><strong>illa</strong></span> <span class='ocrx_word' id='word_1_34' title='bbox 745 438 850 479; x_wconf 80' lang='lat' dir='ltr'><strong>dicet,</strong></span> <span class='ocrx_word' id='word_1_35' title='bbox 872 437 1075 472; x_wconf 82' lang='lat' dir='ltr'><strong>Praedriam</strong></span> <span class='ocrx_word' id='word_1_36' title='bbox 1092 436 1150 471; x_wconf 77' lang='lat' dir='ltr'><strong>in-</strong></span> 
     </span>
    </p>

    <p class='ocr_par' dir='ltr' id='par_1_5' title="bbox 240 489 1108 536">
     <span class='ocr_line' id='line_1_7' title="bbox 240 489 1108 536; baseline -0.003 -10"><span class='ocrx_word' id='word_1_37' title='bbox 240 491 498 526; x_wconf 74' lang='lat' dir='ltr'><strong>Tromittamus</strong></span> <span class='ocrx_word' id='word_1_38' title='bbox 517 492 745 525; x_wconf 69' lang='lat' dir='ltr'><em>comissatum</em></span> <span class='ocrx_word' id='word_1_39' title='bbox 755 504 768 530; x_wconf 91' lang='lat'><em>;</em></span> <span class='ocrx_word' id='word_1_40' title='bbox 799 494 851 531; x_wconf 81' lang='lat' dir='ltr'><strong>tu,</strong></span> <span class='ocrx_word' id='word_1_41' title='bbox 872 489 1108 536; x_wconf 76' lang='lat' dir='ltr'><em>Pamphilam</em></span> 
     </span>
    </p>

    <p class='ocr_par' dir='ltr' id='par_1_6' title="bbox 235 541 1039 589">
     <span class='ocr_line' id='line_1_8' title="bbox 235 541 1039 589; baseline -0.002 -11"><span class='ocrx_word' id='word_1_42' title='bbox 235 543 430 578; x_wconf 63' lang='lat' dir='ltr'><strong>(Imitatum</strong></span> <span class='ocrx_word' id='word_1_43' title='bbox 447 554 677 589; x_wconf 82' lang='lat' dir='ltr'><strong>provocemus</strong></span> <span class='ocrx_word' id='word_1_44' title='bbox 690 558 701 577; x_wconf 92' lang='lat'><strong>.·</strong></span> <span class='ocrx_word' id='word_1_45' title='bbox 730 543 762 577; x_wconf 84' lang='lat' dir='ltr'><strong>si</strong></span> <span class='ocrx_word' id='word_1_46' title='bbox 781 541 944 576; x_wconf 76' lang='lat' dir='ltr'><em>laudabit</em></span> <span class='ocrx_word' id='word_1_47' title='bbox 965 541 1039 576; x_wconf 84' lang='lat' dir='ltr'><strong>haec</strong></span> 
     </span>
    </p>
   </div>
   <div class='ocr_carea' id='block_1_3' title="bbox 235 592 1071 694">
    <p class='ocr_par' dir='ltr' id='par_1_7' title="bbox 235 592 1071 694">
     <span class='ocr_line' id='line_1_9' title="bbox 235 592 1071 642; baseline -0.002 -13"><span class='ocrx_word' id='word_1_48' title='bbox 235 594 340 630; x_wconf 80' lang='lat' dir='ltr'><strong>Illius</strong></span> <span class='ocrx_word' id='word_1_49' title='bbox 347 594 513 642; x_wconf 86' lang='lat' dir='ltr'><strong>formam</strong></span> <span class='ocrx_word' id='word_1_50' title='bbox 525 608 538 634; x_wconf 89' lang='lat'><strong>‚·</strong></span> <span class='ocrx_word' id='word_1_51' title='bbox 569 599 608 629; x_wconf 81' lang='lat' dir='ltr'><strong>tu</strong></span> <span class='ocrx_word' id='word_1_52' title='bbox 627 592 729 639; x_wconf 79' lang='lat' dir='ltr'><strong>hujus</strong></span> <span class='ocrx_word' id='word_1_53' title='bbox 751 598 887 629; x_wconf 81' lang='lat' dir='ltr'><strong>contra.</strong></span> <span class='ocrx_word' id='word_1_54' title='bbox 917 594 1071 640; x_wconf 81' lang='lat' dir='ltr'><strong>denique</strong></span> 
     </span>
     <span class='ocr_line' id='line_1_10' title="bbox 235 646 979 694; baseline -0.003 -12"><span class='ocrx_word' id='word_1_55' title='bbox 235 646 312 682; x_wconf 82' lang='lat' dir='ltr'><strong>Par</strong></span> <span class='ocrx_word' id='word_1_56' title='bbox 326 648 411 694; x_wconf 79' lang='lat' dir='ltr'><strong>pari</strong></span> <span class='ocrx_word' id='word_1_57' title='bbox 429 646 576 694; x_wconf 82' lang='lat' dir='ltr'><strong>referto,</strong></span> <span class='ocrx_word' id='word_1_58' title='bbox 598 647 693 693; x_wconf 82' lang='lat' dir='ltr'><strong>quod</strong></span> <span class='ocrx_word' id='word_1_59' title='bbox 709 658 787 680; x_wconf 86' lang='lat' dir='ltr'><strong>eam</strong></span> <span class='ocrx_word' id='word_1_60' title='bbox 805 646 979 681; x_wconf 78' lang='lat' dir='ltr'><strong>mordeat.</strong></span> 
     </span>
    </p>
   </div>
   <div class='ocr_carea' id='block_1_4' title="bbox 58 709 1552 2469">
    <p class='ocr_par' dir='ltr' id='par_1_8' title="bbox 58 709 1552 2469">
     <span class='ocr_line' id='line_1_11' title="bbox 77 709 1513 769; baseline -0.002 -15"><span class='ocrx_word' id='word_1_61' title='bbox 77 712 150 754; x_wconf 90' lang='lat' dir='ltr'><strong>Sic</strong></span> <span class='ocrx_word' id='word_1_62' title='bbox 173 714 307 769; x_wconf 87' lang='lat' dir='ltr'><strong>petivi</strong></span> <span class='ocrx_word' id='word_1_63' title='bbox 339 729 363 754; x_wconf 89' lang='lat' dir='ltr'><strong>a</strong></span> <span class='ocrx_word' id='word_1_64' title='bbox 388 713 627 768; x_wconf 79' lang='lat' dir='ltr'><strong>judicibuS,</strong></span> <span class='ocrx_word' id='word_1_65' title='bbox 650 722 711 763; x_wconf 84' lang='lat' dir='ltr'><strong>ut,</strong></span> <span class='ocrx_word' id='word_1_66' title='bbox 734 712 937 768; x_wconf 87' lang='lat' dir='ltr'><strong>quoniam</strong></span> <span class='ocrx_word' id='word_1_67' title='bbox 969 710 1143 766; x_wconf 86' lang='lat' dir='ltr'><strong>quidam</strong></span> <span class='ocrx_word' id='word_1_68' title='bbox 1176 709 1341 752; x_wconf 90' lang='lat' dir='ltr'><strong>nobiles</strong></span> <span class='ocrx_word' id='word_1_69' title='bbox 1373 709 1513 752; x_wconf 86' lang='lat' dir='ltr'><strong>homi-</strong></span> 
     </span>
     <span class='ocr_line' id='line_1_12' title="bbox 76 768 1515 825; baseline -0.001 -14"><span class='ocrx_word' id='word_1_70' title='bbox 76 784 166 821; x_wconf 76' lang='lat' dir='ltr'><strong>ne5‚</strong></span> <span class='ocrx_word' id='word_1_71' title='bbox 208 781 250 811; x_wconf 88' lang='lat' dir='ltr'><strong>et</strong></span> <span class='ocrx_word' id='word_1_72' title='bbox 285 770 338 811; x_wconf 84' lang='lat' dir='ltr'><strong>(le</strong></span> <span class='ocrx_word' id='word_1_73' title='bbox 375 785 442 811; x_wconf 88' lang='lat' dir='ltr'><strong>me</strong></span> <span class='ocrx_word' id='word_1_74' title='bbox 478 770 641 825; x_wconf 85' lang='lat' dir='ltr'><strong>optime</strong></span> <span class='ocrx_word' id='word_1_75' title='bbox 685 770 840 820; x_wconf 81' lang='lat' dir='ltr'><strong>meriti,</strong></span> <span class='ocrx_word' id='word_1_76' title='bbox 894 768 1021 809; x_wconf 87' lang='lat' dir='ltr'><strong>nimis</strong></span> <span class='ocrx_word' id='word_1_77' title='bbox 1060 778 1251 809; x_wconf 86' lang='lat' dir='ltr'><strong>amarent</strong></span> <span class='ocrx_word' id='word_1_78' title='bbox 1290 768 1515 810; x_wconf 88' lang='lat' dir='ltr'><strong>inimicum</strong></span> 
     </span>
     <span class='ocr_line' id='line_1_13' title="bbox 77 825 1514 883; baseline -0.001 -15"><span class='ocrx_word' id='word_1_79' title='bbox 77 840 234 878; x_wconf 90' lang='lat' dir='ltr'><strong>meum,</strong></span> <span class='ocrx_word' id='word_1_80' title='bbox 257 841 410 883; x_wconf 89' lang='lat' dir='ltr'><strong>meque</strong></span> <span class='ocrx_word' id='word_1_81' title='bbox 440 828 708 882; x_wconf 83' lang='lat' dir='ltr'><strong>inspectante</strong></span> <span class='ocrx_word' id='word_1_82' title='bbox 738 840 852 882; x_wconf 81' lang='lat' dir='ltr'><strong>saepe</strong></span> <span class='ocrx_word' id='word_1_83' title='bbox 881 840 980 868; x_wconf 87' lang='lat' dir='ltr'><strong>eum</strong></span> <span class='ocrx_word' id='word_1_84' title='bbox 1006 826 1049 866; x_wconf 88' lang='lat' dir='ltr'><strong>in</strong></span> <span class='ocrx_word' id='word_1_85' title='bbox 1072 835 1221 866; x_wconf 88' lang='lat' dir='ltr'><strong>senatu</strong></span> <span class='ocrx_word' id='word_1_86' title='bbox 1244 825 1374 866; x_wconf 92' lang='lat' dir='ltr'><strong>modo</strong></span> <span class='ocrx_word' id='word_1_87' title='bbox 1396 825 1435 855; x_wconf 74' lang='lat'><strong>68</strong></span> <span class='ocrx_word' id='word_1_88' title='bbox 1449 840 1514 866; x_wconf 87' lang='lat' dir='ltr'><strong>se-</strong></span> 
     </span>
     <span class='ocr_line' id='line_1_14' title="bbox 78 881 1515 938; baseline -0.001 -14"><span class='ocrx_word' id='word_1_89' title='bbox 78 897 177 925; x_wconf 88' lang='lat' dir='ltr'><strong>vere</strong></span> <span class='ocrx_word' id='word_1_90' title='bbox 213 885 477 935; x_wconf 82' lang='lat' dir='ltr'><strong>seducerent,</strong></span> <span class='ocrx_word' id='word_1_91' title='bbox 508 884 636 925; x_wconf 90' lang='lat' dir='ltr'><strong>modo</strong></span> <span class='ocrx_word' id='word_1_92' title='bbox 670 883 935 925; x_wconf 79' lang='lat' dir='ltr'><strong>familiariter</strong></span> <span class='ocrx_word' id='word_1_93' title='bbox 967 891 1095 938; x_wconf 90' lang='lat' dir='ltr'><strong>atque</strong></span> <span class='ocrx_word' id='word_1_94' title='bbox 1129 882 1262 923; x_wconf 87' lang='lat' dir='ltr'><strong>hilare</strong></span> <span class='ocrx_word' id='word_1_95' title='bbox 1295 881 1515 938; x_wconf 82' lang='lat' dir='ltr'><strong>amplexa·</strong></span> 
     </span>
     <span class='ocr_line' id='line_1_15' title="bbox 76 939 1516 996; baseline 0.001 -16"><span class='ocrx_word' id='word_1_96' title='bbox 76 951 246 984; x_wconf 78' lang='lat' dir='ltr'><strong>rentur:</strong></span> <span class='ocrx_word' id='word_1_97' title='bbox 294 942 583 996; x_wconf 81' lang='lat' dir='ltr'><strong>quoniamque</strong></span> <span class='ocrx_word' id='word_1_98' title='bbox 616 940 675 981; x_wconf 90' lang='lat' dir='ltr'><strong>illi</strong></span> <span class='ocrx_word' id='word_1_99' title='bbox 710 941 917 982; x_wconf 85' lang='lat' dir='ltr'><strong>haberent</strong></span> <span class='ocrx_word' id='word_1_100' title='bbox 950 954 1074 980; x_wconf 89' lang='lat' dir='ltr'><strong>suum</strong></span> <span class='ocrx_word' id='word_1_101' title='bbox 1109 939 1329 992; x_wconf 85' lang='lat' dir='ltr'><strong>Publium,</strong></span> <span class='ocrx_word' id='word_1_102' title='bbox 1363 939 1516 981; x_wconf 83' lang='lat' dir='ltr'><strong>darent</strong></span> 
     </span>
     <span class='ocr_line' id='line_1_16' title="bbox 73 996 1514 1054; baseline -0.001 -16"><span class='ocrx_word' id='word_1_103' title='bbox 73 998 178 1039; x_wconf 84' lang='lat' dir='ltr'><strong>mihi</strong></span> <span class='ocrx_word' id='word_1_104' title='bbox 212 999 291 1054; x_wconf 86' lang='lat' dir='ltr'><strong>ipsi</strong></span> <span class='ocrx_word' id='word_1_105' title='bbox 323 1000 451 1040; x_wconf 82' lang='lat' dir='ltr'><strong>alium</strong></span> <span class='ocrx_word' id='word_1_106' title='bbox 488 997 707 1049; x_wconf 87' lang='lat' dir='ltr'><strong>Publium,</strong></span> <span class='ocrx_word' id='word_1_107' title='bbox 730 998 773 1039; x_wconf 91' lang='lat' dir='ltr'><strong>in</strong></span> <span class='ocrx_word' id='word_1_108' title='bbox 804 1012 889 1053; x_wconf 90' lang='lat' dir='ltr'><strong>quo</strong></span> <span class='ocrx_word' id='word_1_109' title='bbox 925 1011 1093 1053; x_wconf 87' lang='lat' dir='ltr'><strong>possem</strong></span> <span class='ocrx_word' id='word_1_110' title='bbox 1128 996 1296 1038; x_wconf 86' lang='lat' dir='ltr'><strong>illorum</strong></span> <span class='ocrx_word' id='word_1_111' title='bbox 1332 996 1514 1049; x_wconf 85' lang='lat' dir='ltr'><strong>animos,</strong></span> 
     </span>
     <span class='ocr_line' id='line_1_17' title="bbox 71 1052 1516 1110; baseline -0.001 -14"><span class='ocrx_word' id='word_1_112' title='bbox 71 1055 347 1097; x_wconf 85' lang='lat' dir='ltr'><strong>mediocriter</strong></span> <span class='ocrx_word' id='word_1_113' title='bbox 384 1056 619 1105; x_wconf 85' lang='lat' dir='ltr'><strong>lacessitus,</strong></span> <span class='ocrx_word' id='word_1_114' title='bbox 662 1055 811 1096; x_wconf 85' lang='lat' dir='ltr'><strong>leviter</strong></span> <span class='ocrx_word' id='word_1_115' title='bbox 854 1068 1106 1110; x_wconf 79' lang='lat' dir='ltr'><strong>repungere.</strong></span> <span class='ocrx_word' id='word_1_116' title='bbox 1183 1054 1336 1108; x_wconf 91' lang='lat' dir='ltr'><strong>Neque</strong></span> <span class='ocrx_word' id='word_1_117' title='bbox 1377 1052 1516 1095; x_wconf 88' lang='lat' dir='ltr'><strong>solum</strong></span> 
     </span>
     <span class='ocr_line' id='line_1_18' title="bbox 70 1110 1515 1168; baseline -0.001 -16"><span class='ocrx_word' id='word_1_118' title='bbox 70 1110 179 1164; x_wconf 88' lang='lat' dir='ltr'><strong>dixi,</strong></span> <span class='ocrx_word' id='word_1_119' title='bbox 202 1113 274 1153; x_wconf 90' lang='lat' dir='ltr'><strong>sed</strong></span> <span class='ocrx_word' id='word_1_120' title='bbox 309 1114 439 1154; x_wconf 88' lang='lat' dir='ltr'><strong>etiam</strong></span> <span class='ocrx_word' id='word_1_121' title='bbox 462 1126 576 1168; x_wconf 86' lang='lat' dir='ltr'><strong>saepe</strong></span> <span class='ocrx_word' id='word_1_122' title='bbox 610 1111 738 1163; x_wconf 80' lang='lat' dir='ltr'><strong>facio,</strong></span> <span class='ocrx_word' id='word_1_123' title='bbox 761 1112 842 1152; x_wconf 85' lang='lat' dir='ltr'><strong>(liis</strong></span> <span class='ocrx_word' id='word_1_124' title='bbox 865 1111 1200 1166; x_wconf 86' lang='lat' dir='ltr'><strong>hominibusque</strong></span> <span class='ocrx_word' id='word_1_125' title='bbox 1232 1110 1515 1166; x_wconf 88' lang='lat' dir='ltr'><strong>approbanti-</strong></span> 
     </span>
     <span class='ocr_line' id='line_1_19' title="bbox 72 1167 1515 1224; baseline 0.001 -16"><span class='ocrx_word' id='word_1_126' title='bbox 72 1168 166 1209; x_wconf 94' lang='lat' dir='ltr'><strong>bus.</strong></span> <span class='ocrx_word' id='word_1_127' title='bbox 229 1169 376 1210; x_wconf 86' lang='lat' dir='ltr'><strong>Habes</strong></span> <span class='ocrx_word' id='word_1_128' title='bbox 399 1170 451 1211; x_wconf 89' lang='lat' dir='ltr'><strong>de</strong></span> <span class='ocrx_word' id='word_1_129' title='bbox 486 1169 685 1210; x_wconf 86' lang='lat' dir='ltr'><strong>Vatinio:</strong></span> <span class='ocrx_word' id='word_1_130' title='bbox 718 1183 934 1224; x_wconf 83' lang='lat' dir='ltr'><strong>cognosce</strong></span> <span class='ocrx_word' id='word_1_131' title='bbox 965 1168 1018 1208; x_wconf 85' lang='lat' dir='ltr'><strong>de</strong></span> <span class='ocrx_word' id='word_1_132' title='bbox 1051 1168 1221 1209; x_wconf 78' lang='lat' dir='ltr'><strong>Crasso.</strong></span> <span class='ocrx_word' id='word_1_133' title='bbox 1285 1167 1380 1223; x_wconf 83' lang='lat' dir='ltr'><strong>Ego</strong></span> <span class='ocrx_word' id='word_1_134' title='bbox 1414 1181 1515 1209; x_wconf 91' lang='lat' dir='ltr'><strong>cum</strong></span> 
     </span>
     <span class='ocr_line' id='line_1_20' title="bbox 72 1224 1514 1281; baseline 0 -15"><span class='ocrx_word' id='word_1_135' title='bbox 72 1225 180 1266; x_wconf 87' lang='lat' dir='ltr'><strong>mihi</strong></span> <span class='ocrx_word' id='word_1_136' title='bbox 212 1240 310 1267; x_wconf 89' lang='lat' dir='ltr'><strong>cum</strong></span> <span class='ocrx_word' id='word_1_137' title='bbox 345 1227 416 1267; x_wconf 94' lang='lat' dir='ltr'><strong>illo</strong></span> <span class='ocrx_word' id='word_1_138' title='bbox 451 1240 609 1281; x_wconf 84' lang='lat' dir='ltr'><strong>magna</strong></span> <span class='ocrx_word' id='word_1_139' title='bbox 631 1225 724 1280; x_wconf 81' lang='lat' dir='ltr'><strong>jam</strong></span> <span class='ocrx_word' id='word_1_140' title='bbox 758 1225 898 1280; x_wconf 82' lang='lat' dir='ltr'><strong>gratia</strong></span> <span class='ocrx_word' id='word_1_141' title='bbox 929 1234 1054 1275; x_wconf 89' lang='lat' dir='ltr'><strong>esset,</strong></span> <span class='ocrx_word' id='word_1_142' title='bbox 1089 1225 1205 1279; x_wconf 90' lang='lat' dir='ltr'><strong>quod</strong></span> <span class='ocrx_word' id='word_1_143' title='bbox 1235 1224 1329 1279; x_wconf 88' lang='lat' dir='ltr'><strong>ejus</strong></span> <span class='ocrx_word' id='word_1_144' title='bbox 1365 1238 1514 1266; x_wconf 87' lang='lat' dir='ltr'><strong>omnes</strong></span> 
     </span>
     <span class='ocr_line' id='line_1_21' title="bbox 71 1279 1518 1338; baseline 0 -16"><span class='ocrx_word' id='word_1_145' title='bbox 71 1282 344 1338; x_wconf 83' lang='lat' dir='ltr'><strong>gravissimas</strong></span> <span class='ocrx_word' id='word_1_146' title='bbox 367 1283 559 1338; x_wconf 83' lang='lat' dir='ltr'><strong>injurias,</strong></span> <span class='ocrx_word' id='word_1_147' title='bbox 582 1284 822 1322; x_wconf 83' lang='lat' dir='ltr'><strong>communis</strong></span> <span class='ocrx_word' id='word_1_148' title='bbox 845 1281 1089 1322; x_wconf 83' lang='lat' dir='ltr'><strong>concordiae</strong></span> <span class='ocrx_word' id='word_1_149' title='bbox 1108 1295 1251 1332; x_wconf 87' lang='lat' dir='ltr'><strong>causa,</strong></span> <span class='ocrx_word' id='word_1_150' title='bbox 1273 1279 1518 1322; x_wconf 89' lang='lat' dir='ltr'><strong>voluntaria</strong></span> 
     </span>
     <span class='ocr_line' id='line_1_22' title="bbox 71 1336 1516 1394; baseline 0 -15"><span class='ocrx_word' id='word_1_151' title='bbox 71 1339 256 1394; x_wconf 87' lang='lat' dir='ltr'><strong>quadam</strong></span> <span class='ocrx_word' id='word_1_152' title='bbox 293 1339 511 1381; x_wconf 85' lang='lat' dir='ltr'><strong>oblivione</strong></span> <span class='ocrx_word' id='word_1_153' title='bbox 544 1339 846 1390; x_wconf 87' lang='lat' dir='ltr'><strong>contriveram,</strong></span> <span class='ocrx_word' id='word_1_154' title='bbox 877 1338 1144 1394; x_wconf 84' lang='lat' dir='ltr'><strong>repentinam</strong></span> <span class='ocrx_word' id='word_1_155' title='bbox 1175 1338 1269 1393; x_wconf 87' lang='lat' dir='ltr'><strong>ejus</strong></span> <span class='ocrx_word' id='word_1_156' title='bbox 1300 1336 1516 1379; x_wconf 83' lang='lat' dir='ltr'><strong>defensio-</strong></span> 
     </span>
     <span class='ocr_line' id='line_1_23' title="bbox 66 1395 1514 1452; baseline -0.001 -16"><span class='ocrx_word' id='word_1_157' title='bbox 66 1409 163 1437; x_wconf 87' lang='lat' dir='ltr'><strong>nem</strong></span> <span class='ocrx_word' id='word_1_158' title='bbox 199 1396 393 1448; x_wconf 81' lang='lat' dir='ltr'><strong>Gabinii,</strong></span> <span class='ocrx_word' id='word_1_159' title='bbox 415 1411 543 1452; x_wconf 91' lang='lat' dir='ltr'><strong>quem</strong></span> <span class='ocrx_word' id='word_1_160' title='bbox 577 1396 787 1452; x_wconf 85' lang='lat' dir='ltr'><strong>proximis</strong></span> <span class='ocrx_word' id='word_1_161' title='bbox 813 1395 1104 1451; x_wconf 89' lang='lat' dir='ltr'><strong>superioribus</strong></span> <span class='ocrx_word' id='word_1_162' title='bbox 1130 1395 1282 1436; x_wconf 89' lang='lat' dir='ltr'><strong>diebus</strong></span> <span class='ocrx_word' id='word_1_163' title='bbox 1305 1395 1514 1436; x_wconf 83' lang='lat' dir='ltr'><strong>acerrime</strong></span> 
     </span>
     <span class='ocr_line' id='line_1_24' title="bbox 67 1451 1516 1510; baseline -0.001 -17"><span class='ocrx_word' id='word_1_164' title='bbox 67 1463 375 1510; x_wconf 82' lang='lat' dir='ltr'><strong>oppugnasset,</strong></span> <span class='ocrx_word' id='word_1_165' title='bbox 400 1463 559 1504; x_wconf 88' lang='lat' dir='ltr'><strong>tamen,</strong></span> <span class='ocrx_word' id='word_1_166' title='bbox 582 1453 616 1494; x_wconf 89' lang='lat' dir='ltr'><strong>si</strong></span> <span class='ocrx_word' id='word_1_167' title='bbox 650 1454 740 1494; x_wconf 89' lang='lat' dir='ltr'><strong>sine</strong></span> <span class='ocrx_word' id='word_1_168' title='bbox 773 1452 856 1494; x_wconf 85' lang='lat' dir='ltr'><strong>ulla</strong></span> <span class='ocrx_word' id='word_1_169' title='bbox 887 1467 981 1493; x_wconf 88' lang='lat' dir='ltr'><strong>mea</strong></span> <span class='ocrx_word' id='word_1_170' title='bbox 1013 1451 1276 1494; x_wconf 84' lang='lat' dir='ltr'><strong>contumelia</strong></span> <span class='ocrx_word' id='word_1_171' title='bbox 1300 1452 1516 1507; x_wconf 89' lang='lat' dir='ltr'><strong>suscepis-</strong></span> 
     </span>
     <span class='ocr_line' id='line_1_25' title="bbox 67 1509 1513 1566; baseline 0 -16"><span class='ocrx_word' id='word_1_172' title='bbox 67 1518 147 1560; x_wconf 84' lang='lat' dir='ltr'><strong>set,</strong></span> <span class='ocrx_word' id='word_1_173' title='bbox 170 1511 388 1554; x_wconf 89' lang='lat' dir='ltr'><strong>tulissem:</strong></span> <span class='ocrx_word' id='word_1_174' title='bbox 427 1511 516 1562; x_wconf 91' lang='lat' dir='ltr'><strong>sed,</strong></span> <span class='ocrx_word' id='word_1_175' title='bbox 539 1524 638 1551; x_wconf 89' lang='lat' dir='ltr'><strong>cum</strong></span> <span class='ocrx_word' id='word_1_176' title='bbox 672 1524 739 1551; x_wconf 89' lang='lat' dir='ltr'><strong>me</strong></span> <span class='ocrx_word' id='word_1_177' title='bbox 770 1510 1079 1566; x_wconf 81' lang='lat' dir='ltr'><strong>disputantem,</strong></span> <span class='ocrx_word' id='word_1_178' title='bbox 1114 1524 1201 1550; x_wconf 90' lang='lat' dir='ltr'><strong>non</strong></span> <span class='ocrx_word' id='word_1_179' title='bbox 1231 1509 1513 1550; x_wconf 86' lang='lat' dir='ltr'><strong>lacessentem</strong></span> 
     </span>
     <span class='ocr_line' id='line_1_26' title="bbox 64 1565 1512 1623; baseline -0.001 -16"><span class='ocrx_word' id='word_1_180' title='bbox 64 1565 257 1619; x_wconf 72' lang='lat' dir='ltr'><strong>laesisset,</strong></span> <span class='ocrx_word' id='word_1_181' title='bbox 277 1568 432 1619; x_wconf 82' lang='lat' dir='ltr'><strong>exarsi,</strong></span> <span class='ocrx_word' id='word_1_182' title='bbox 456 1581 541 1608; x_wconf 91' lang='lat' dir='ltr'><strong>non</strong></span> <span class='ocrx_word' id='word_1_183' title='bbox 574 1567 712 1608; x_wconf 90' lang='lat' dir='ltr'><strong>solum</strong></span> <span class='ocrx_word' id='word_1_184' title='bbox 734 1567 951 1623; x_wconf 89' lang='lat' dir='ltr'><strong>praesenti,</strong></span> <span class='ocrx_word' id='word_1_185' title='bbox 970 1567 1113 1618; x_wconf 81' lang='lat' dir='ltr'><strong>credo,</strong></span> <span class='ocrx_word' id='word_1_186' title='bbox 1133 1565 1367 1616; x_wconf 85' lang='lat' dir='ltr'><strong>iracundia,</strong></span> <span class='ocrx_word' id='word_1_187' title='bbox 1390 1569 1512 1618; x_wconf 87' lang='lat' dir='ltr'><strong>(nam</strong></span> 
     </span>
     <span class='ocr_line' id='line_1_27' title="bbox 64 1622 1512 1675; baseline 0 -11"><span class='ocrx_word' id='word_1_188' title='bbox 64 1638 116 1664; x_wconf 90' lang='lat' dir='ltr'><strong>ea</strong></span> <span class='ocrx_word' id='word_1_189' title='bbox 149 1634 235 1665; x_wconf 91' lang='lat' dir='ltr'><strong>tam</strong></span> <span class='ocrx_word' id='word_1_190' title='bbox 262 1625 488 1666; x_wconf 84' lang='lat' dir='ltr'><strong>vehemens</strong></span> <span class='ocrx_word' id='word_1_191' title='bbox 526 1623 706 1665; x_wconf 88' lang='lat' dir='ltr'><strong>fortasse</strong></span> <span class='ocrx_word' id='word_1_192' title='bbox 733 1639 816 1665; x_wconf 91' lang='lat' dir='ltr'><strong>non</strong></span> <span class='ocrx_word' id='word_1_193' title='bbox 842 1624 1027 1674; x_wconf 85' lang='lat' dir='ltr'><strong>fuisset,)</strong></span> <span class='ocrx_word' id='word_1_194' title='bbox 1060 1624 1149 1675; x_wconf 88' lang='lat' dir='ltr'><strong>sed,</strong></span> <span class='ocrx_word' id='word_1_195' title='bbox 1172 1637 1271 1665; x_wconf 90' lang='lat' dir='ltr'><strong>cum</strong></span> <span class='ocrx_word' id='word_1_196' title='bbox 1295 1622 1512 1664; x_wconf 88' lang='lat' dir='ltr'><strong>inclusum</strong></span> 
     </span>
     <span class='ocr_line' id='line_1_28' title="bbox 64 1677 1512 1736; baseline -0.001 -15"><span class='ocrx_word' id='word_1_197' title='bbox 64 1679 167 1722; x_wconf 90' lang='lat' dir='ltr'><strong>illud</strong></span> <span class='ocrx_word' id='word_1_198' title='bbox 190 1681 338 1724; x_wconf 89' lang='lat' dir='ltr'><strong>odium</strong></span> <span class='ocrx_word' id='word_1_199' title='bbox 361 1682 591 1723; x_wconf 88' lang='lat' dir='ltr'><strong>multarum</strong></span> <span class='ocrx_word' id='word_1_200' title='bbox 611 1681 703 1736; x_wconf 89' lang='lat' dir='ltr'><strong>ejus</strong></span> <span class='ocrx_word' id='word_1_201' title='bbox 722 1681 764 1721; x_wconf 92' lang='lat' dir='ltr'><strong>in</strong></span> <span class='ocrx_word' id='word_1_202' title='bbox 785 1695 853 1722; x_wconf 91' lang='lat' dir='ltr'><strong>me</strong></span> <span class='ocrx_word' id='word_1_203' title='bbox 875 1681 1144 1736; x_wconf 84' lang='lat' dir='ltr'><strong>injuriarum,</strong></span> <span class='ocrx_word' id='word_1_204' title='bbox 1164 1679 1281 1736; x_wconf 90' lang='lat' dir='ltr'><strong>quod</strong></span> <span class='ocrx_word' id='word_1_205' title='bbox 1299 1693 1382 1735; x_wconf 86' lang='lat' dir='ltr'><strong>ego</strong></span> <span class='ocrx_word' id='word_1_206' title='bbox 1401 1677 1512 1721; x_wconf 85' lang='lat' dir='ltr'><strong>effu-</strong></span> 
     </span>
     <span class='ocr_line' id='line_1_29' title="bbox 62 1736 1511 1789; baseline -0.001 -11"><span class='ocrx_word' id='word_1_207' title='bbox 62 1737 174 1779; x_wconf 90' lang='lat' dir='ltr'><strong>disse</strong></span> <span class='ocrx_word' id='word_1_208' title='bbox 195 1752 264 1780; x_wconf 88' lang='lat' dir='ltr'><strong>me</strong></span> <span class='ocrx_word' id='word_1_209' title='bbox 295 1753 423 1780; x_wconf 88' lang='lat' dir='ltr'><strong>omne</strong></span> <span class='ocrx_word' id='word_1_210' title='bbox 444 1738 697 1788; x_wconf 81' lang='lat' dir='ltr'><strong>arbitrabar,</strong></span> <span class='ocrx_word' id='word_1_211' title='bbox 719 1738 759 1772; x_wconf 88' lang='lat'><strong>69</strong></span> <span class='ocrx_word' id='word_1_212' title='bbox 774 1738 990 1779; x_wconf 89' lang='lat' dir='ltr'><strong>residuum</strong></span> <span class='ocrx_word' id='word_1_213' title='bbox 1013 1747 1176 1789; x_wconf 89' lang='lat' dir='ltr'><strong>tamen,</strong></span> <span class='ocrx_word' id='word_1_214' title='bbox 1200 1736 1410 1778; x_wconf 87' lang='lat' dir='ltr'><strong>insciente</strong></span> <span class='ocrx_word' id='word_1_215' title='bbox 1441 1751 1511 1778; x_wconf 89' lang='lat' dir='ltr'><strong>me</strong></span> 
     </span>
     <span class='ocr_line' id='line_1_30' title="bbox 63 1793 1510 1852; baseline 0 -18"><span class='ocrx_word' id='word_1_216' title='bbox 63 1793 238 1849; x_wconf 81' lang='lat' dir='ltr'><strong>fuisset3</strong></span> <span class='ocrx_word' id='word_1_217' title='bbox 269 1810 398 1837; x_wconf 88' lang='lat' dir='ltr'><strong>omne</strong></span> <span class='ocrx_word' id='word_1_218' title='bbox 420 1804 595 1852; x_wconf 87' lang='lat' dir='ltr'><strong>repente</strong></span> <span class='ocrx_word' id='word_1_219' title='bbox 615 1795 831 1851; x_wconf 86' lang='lat' dir='ltr'><strong>apparuit.</strong></span> <span class='ocrx_word' id='word_1_220' title='bbox 864 1795 966 1842; x_wconf 82' lang='lat' dir='ltr'><strong>Quo</strong></span> <span class='ocrx_word' id='word_1_221' title='bbox 987 1795 1162 1850; x_wconf 89' lang='lat' dir='ltr'><strong>quidem</strong></span> <span class='ocrx_word' id='word_1_222' title='bbox 1182 1803 1377 1850; x_wconf 87' lang='lat' dir='ltr'><strong>tempore</strong></span> <span class='ocrx_word' id='word_1_223' title='bbox 1398 1793 1510 1849; x_wconf 80' lang='lat' dir='ltr'><strong>ipso,</strong></span> 
     </span>
     <span class='ocr_line' id='line_1_31' title="bbox 63 1850 1511 1908; baseline -0.001 -15"><span class='ocrx_word' id='word_1_224' title='bbox 63 1852 238 1907; x_wconf 88' lang='lat' dir='ltr'><strong>quidam</strong></span> <span class='ocrx_word' id='word_1_225' title='bbox 262 1853 472 1904; x_wconf 89' lang='lat' dir='ltr'><strong>homines,</strong></span> <span class='ocrx_word' id='word_1_226' title='bbox 494 1862 537 1893; x_wconf 90' lang='lat' dir='ltr'><strong>et</strong></span> <span class='ocrx_word' id='word_1_227' title='bbox 568 1853 697 1894; x_wconf 91' lang='lat' dir='ltr'><strong>iidem</strong></span> <span class='ocrx_word' id='word_1_228' title='bbox 721 1852 795 1904; x_wconf 93' lang='lat' dir='ltr'><strong>illi,</strong></span> <span class='ocrx_word' id='word_1_229' title='bbox 824 1867 931 1907; x_wconf 90' lang='lat' dir='ltr'><strong>quos</strong></span> <span class='ocrx_word' id='word_1_230' title='bbox 957 1866 1073 1908; x_wconf 85' lang='lat' dir='ltr'><strong>saepe</strong></span> <span class='ocrx_word' id='word_1_231' title='bbox 1093 1860 1201 1893; x_wconf 90' lang='lat' dir='ltr'><strong>nutu</strong></span> <span class='ocrx_word' id='word_1_232' title='bbox 1224 1850 1511 1907; x_wconf 79' lang='lat' dir='ltr'><strong>significatio·</strong></span> 
     </span>
     <span class='ocr_line' id='line_1_32' title="bbox 63 1907 1510 1966; baseline 0.001 -17"><span class='ocrx_word' id='word_1_233' title='bbox 63 1922 203 1965; x_wconf 88' lang='lat' dir='ltr'><strong>neque</strong></span> <span class='ocrx_word' id='word_1_234' title='bbox 234 1910 418 1966; x_wconf 79' lang='lat' dir='ltr'><strong>appello,</strong></span> <span class='ocrx_word' id='word_1_235' title='bbox 454 1924 552 1952; x_wconf 91' lang='lat' dir='ltr'><strong>cum</strong></span> <span class='ocrx_word' id='word_1_236' title='bbox 574 1924 617 1951; x_wconf 92' lang='lat' dir='ltr'><strong>se</strong></span> <span class='ocrx_word' id='word_1_237' title='bbox 640 1910 878 1950; x_wconf 85' lang='lat' dir='ltr'><strong>maximum</strong></span> <span class='ocrx_word' id='word_1_238' title='bbox 902 1909 1091 1950; x_wconf 86' lang='lat' dir='ltr'><strong>fructum</strong></span> <span class='ocrx_word' id='word_1_239' title='bbox 1124 1908 1289 1965; x_wconf 87' lang='lat' dir='ltr'><strong>cepisse</strong></span> <span class='ocrx_word' id='word_1_240' title='bbox 1315 1907 1510 1950; x_wconf 88' lang='lat' dir='ltr'><strong>dicerent</strong></span> 
     </span>
     <span class='ocr_line' id='line_1_33' title="bbox 61 1965 1552 2023; baseline 0.001 -17"><span class='ocrx_word' id='word_1_241' title='bbox 61 1979 116 2007; x_wconf 86' lang='lat' dir='ltr'><strong>ex</strong></span> <span class='ocrx_word' id='word_1_242' title='bbox 139 1967 337 2009; x_wconf 87' lang='lat' dir='ltr'><strong>libertate</strong></span> <span class='ocrx_word' id='word_1_243' title='bbox 360 1982 467 2019; x_wconf 88' lang='lat' dir='ltr'><strong>mea,</strong></span> <span class='ocrx_word' id='word_1_244' title='bbox 488 1981 640 2023; x_wconf 88' lang='lat' dir='ltr'><strong>meque</strong></span> <span class='ocrx_word' id='word_1_245' title='bbox 661 1976 752 2008; x_wconf 86' lang='lat' dir='ltr'><strong>tum</strong></span> <span class='ocrx_word' id='word_1_246' title='bbox 774 1967 959 2022; x_wconf 88' lang='lat' dir='ltr'><strong>denique</strong></span> <span class='ocrx_word' id='word_1_247' title='bbox 981 1966 1063 2008; x_wconf 91' lang='lat' dir='ltr'><strong>sibi</strong></span> <span class='ocrx_word' id='word_1_248' title='bbox 1085 1980 1177 2007; x_wconf 90' lang='lat' dir='ltr'><strong>esse</strong></span> <span class='ocrx_word' id='word_1_249' title='bbox 1200 1966 1339 2006; x_wconf 88' lang='lat' dir='ltr'><strong>visum</strong></span> <span class='ocrx_word' id='word_1_250' title='bbox 1363 1965 1506 2021; x_wconf 87' lang='lat' dir='ltr'><strong>reipu·</strong></span> <span class='ocrx_word' id='word_1_251' title='bbox 1518 1980 1552 2021; x_wconf 56' lang='lat' dir='ltr'><strong>b,</strong></span> 
     </span>
     <span class='ocr_line' id='line_1_34' title="bbox 62 2021 1508 2080; baseline 0.001 -17"><span class='ocrx_word' id='word_1_252' title='bbox 62 2022 203 2075; x_wconf 82' lang='lat' dir='ltr'><strong>blicae,</strong></span> <span class='ocrx_word' id='word_1_253' title='bbox 224 2025 361 2080; x_wconf 89' lang='lat' dir='ltr'><strong>qualis</strong></span> <span class='ocrx_word' id='word_1_254' title='bbox 375 2024 564 2075; x_wconf 89' lang='lat' dir='ltr'><strong>fuissem,</strong></span> <span class='ocrx_word' id='word_1_255' title='bbox 587 2024 847 2076; x_wconf 86' lang='lat' dir='ltr'><strong>restitutum,</strong></span> <span class='ocrx_word' id='word_1_256' title='bbox 878 2038 1063 2079; x_wconf 87' lang='lat' dir='ltr'><strong>cumque</strong></span> <span class='ocrx_word' id='word_1_257' title='bbox 1084 2038 1135 2064; x_wconf 84' lang='lat' dir='ltr'><strong>ea</strong></span> <span class='ocrx_word' id='word_1_258' title='bbox 1152 2021 1375 2065; x_wconf 89' lang='lat' dir='ltr'><strong>contentio</strong></span> <span class='ocrx_word' id='word_1_259' title='bbox 1399 2022 1508 2065; x_wconf 85' lang='lat' dir='ltr'><strong>mihi</strong></span> 
     </span>
     <span class='ocr_line' id='line_1_35' title="bbox 62 2079 1507 2137; baseline -0.001 -16"><span class='ocrx_word' id='word_1_260' title='bbox 62 2093 269 2137; x_wconf 85' lang='lat' dir='ltr'><strong>magnum</strong></span> <span class='ocrx_word' id='word_1_261' title='bbox 299 2082 428 2123; x_wconf 86' lang='lat' dir='ltr'><strong>etiam</strong></span> <span class='ocrx_word' id='word_1_262' title='bbox 459 2085 499 2116; x_wconf 88' lang='grc'><strong>70</strong></span> <span class='ocrx_word' id='word_1_263' title='bbox 517 2080 620 2122; x_wconf 87' lang='lat' dir='ltr'><strong>foris</strong></span> <span class='ocrx_word' id='word_1_264' title='bbox 652 2081 841 2123; x_wconf 87' lang='lat' dir='ltr'><strong>fructum</strong></span> <span class='ocrx_word' id='word_1_265' title='bbox 873 2081 1063 2123; x_wconf 87' lang='lat' dir='ltr'><strong>tulisset:</strong></span> <span class='ocrx_word' id='word_1_266' title='bbox 1097 2079 1283 2137; x_wconf 83' lang='lat' dir='ltr'><strong>gaudere</strong></span> <span class='ocrx_word' id='word_1_267' title='bbox 1315 2093 1359 2120; x_wconf 88' lang='lat' dir='ltr'><strong>se</strong></span> <span class='ocrx_word' id='word_1_268' title='bbox 1389 2079 1507 2121; x_wconf 87' lang='lat' dir='ltr'><strong>dice-</strong></span> 
     </span>
     <span class='ocr_line' id='line_1_36' title="bbox 62 2135 1507 2193; baseline 0.003 -17"><span class='ocrx_word' id='word_1_269' title='bbox 62 2135 182 2188; x_wconf 88' lang='lat' dir='ltr'><strong>bant,</strong></span> <span class='ocrx_word' id='word_1_270' title='bbox 203 2139 309 2180; x_wconf 87' lang='lat' dir='ltr'><strong>mihi</strong></span> <span class='ocrx_word' id='word_1_271' title='bbox 339 2149 383 2180; x_wconf 83' lang='lat' dir='ltr'><strong>et</strong></span> <span class='ocrx_word' id='word_1_272' title='bbox 414 2139 533 2180; x_wconf 88' lang='lat' dir='ltr'><strong>illum</strong></span> <span class='ocrx_word' id='word_1_273' title='bbox 565 2139 805 2189; x_wconf 86' lang='lat' dir='ltr'><strong>inimicum,</strong></span> <span class='ocrx_word' id='word_1_274' title='bbox 826 2147 869 2179; x_wconf 86' lang='lat' dir='ltr'><strong>et</strong></span> <span class='ocrx_word' id='word_1_275' title='bbox 900 2153 988 2189; x_wconf 82' lang='lat' dir='ltr'><strong>eOS,</strong></span> <span class='ocrx_word' id='word_1_276' title='bbox 1015 2137 1088 2193; x_wconf 90' lang='lat' dir='ltr'><strong>qui</strong></span> <span class='ocrx_word' id='word_1_277' title='bbox 1122 2138 1165 2178; x_wconf 89' lang='lat' dir='ltr'><strong>in</strong></span> <span class='ocrx_word' id='word_1_278' title='bbox 1195 2137 1346 2178; x_wconf 89' lang='lat' dir='ltr'><strong>eadem</strong></span> <span class='ocrx_word' id='word_1_279' title='bbox 1376 2150 1507 2181; x_wconf 78' lang='lat' dir='ltr'><strong>causa</strong></span> 
     </span>
     <span class='ocr_line' id='line_1_37' title="bbox 62 2194 1505 2251; baseline 0.001 -18"><span class='ocrx_word' id='word_1_280' title='bbox 62 2204 217 2244; x_wconf 88' lang='lat' dir='ltr'><strong>essent,</strong></span> <span class='ocrx_word' id='word_1_281' title='bbox 241 2210 474 2251; x_wconf 82' lang='lat' dir='ltr'><strong>numquam</strong></span> <span class='ocrx_word' id='word_1_282' title='bbox 495 2196 656 2237; x_wconf 89' lang='lat' dir='ltr'><strong>amicos</strong></span> <span class='ocrx_word' id='word_1_283' title='bbox 679 2195 862 2238; x_wconf 87' lang='lat' dir='ltr'><strong>futuros.</strong></span> <span class='ocrx_word' id='word_1_284' title='bbox 906 2196 1105 2242; x_wconf 80' lang='lat' dir='ltr'><strong>Quorum</strong></span> <span class='ocrx_word' id='word_1_285' title='bbox 1128 2194 1266 2250; x_wconf 87' lang='lat' dir='ltr'><strong>iniqui</strong></span> <span class='ocrx_word' id='word_1_286' title='bbox 1287 2207 1505 2235; x_wconf 78' lang='lat' dir='ltr'><strong>sermones</strong></span> 
     </span>
     <span class='ocr_line' id='line_1_38' title="bbox 59 2251 1503 2308; baseline 0.002 -18"><span class='ocrx_word' id='word_1_287' title='bbox 59 2251 221 2292; x_wconf 87' lang='lat' dir='ltr'><strong>eumad</strong></span> <span class='ocrx_word' id='word_1_288' title='bbox 237 2266 303 2292; x_wconf 89' lang='lat' dir='ltr'><strong>me</strong></span> <span class='ocrx_word' id='word_1_289' title='bbox 318 2267 391 2307; x_wconf 81' lang='lat' dir='ltr'><strong>per</strong></span> <span class='ocrx_word' id='word_1_290' title='bbox 413 2253 608 2294; x_wconf 86' lang='lat' dir='ltr'><strong>homines</strong></span> <span class='ocrx_word' id='word_1_291' title='bbox 622 2253 947 2294; x_wconf 82' lang='lat' dir='ltr'><strong>honestissimos</strong></span> <span class='ocrx_word' id='word_1_292' title='bbox 973 2251 1285 2308; x_wconf 84' lang='lat' dir='ltr'><strong>perferrentur:</strong></span> <span class='ocrx_word' id='word_1_293' title='bbox 1316 2265 1503 2307; x_wconf 69' lang='lat' dir='ltr'><strong>cumque</strong></span> 
     </span>
     <span class='ocr_line' id='line_1_39' title="bbox 60 2305 1504 2365; baseline 0.001 -18"><span class='ocrx_word' id='word_1_294' title='bbox 60 2305 294 2364; x_wconf 88' lang='lat' dir='ltr'><strong>Pompeius</strong></span> <span class='ocrx_word' id='word_1_295' title='bbox 319 2310 379 2350; x_wconf 83' lang='lat' dir='ltr'><strong>ita</strong></span> <span class='ocrx_word' id='word_1_296' title='bbox 400 2310 706 2360; x_wconf 87' lang='lat' dir='ltr'><strong>contendisset,</strong></span> <span class='ocrx_word' id='word_1_297' title='bbox 727 2318 774 2350; x_wconf 86' lang='lat' dir='ltr'><strong>ut</strong></span> <span class='ocrx_word' id='word_1_298' title='bbox 799 2309 905 2350; x_wconf 83' lang='lat' dir='ltr'><strong>nihil</strong></span> <span class='ocrx_word' id='word_1_299' title='bbox 928 2323 1129 2364; x_wconf 86' lang='lat' dir='ltr'><strong>umquam</strong></span> <span class='ocrx_word' id='word_1_300' title='bbox 1155 2308 1308 2365; x_wconf 85' lang='lat' dir='ltr'><strong>magiS‚</strong></span> <span class='ocrx_word' id='word_1_301' title='bbox 1334 2316 1382 2349; x_wconf 90' lang='lat' dir='ltr'><strong>ut</strong></span> <span class='ocrx_word' id='word_1_302' title='bbox 1403 2322 1504 2353; x_wconf 87' lang='lat' dir='ltr'><strong>cum</strong></span> 
     </span>
     <span class='ocr_line' id='line_1_40' title="bbox 61 2362 1505 2423; baseline 0.003 -19"><span class='ocrx_word' id='word_1_303' title='bbox 61 2362 215 2406; x_wconf 87' lang='lat' dir='ltr'><strong>Crasso</strong></span> <span class='ocrx_word' id='word_1_304' title='bbox 247 2365 426 2408; x_wconf 88' lang='lat' dir='ltr'><strong>redirem</strong></span> <span class='ocrx_word' id='word_1_305' title='bbox 450 2367 493 2407; x_wconf 90' lang='lat' dir='ltr'><strong>in</strong></span> <span class='ocrx_word' id='word_1_306' title='bbox 525 2367 723 2423; x_wconf 81' lang='lat' dir='ltr'><strong>gratiam,</strong></span> <span class='ocrx_word' id='word_1_307' title='bbox 743 2365 975 2422; x_wconf 69' lang='lat' dir='ltr'><strong>Caesarque</strong></span> <span class='ocrx_word' id='word_1_308' title='bbox 1005 2381 1081 2423; x_wconf 88' lang='lat' dir='ltr'><strong>per</strong></span> <span class='ocrx_word' id='word_1_309' title='bbox 1110 2366 1273 2407; x_wconf 88' lang='lat' dir='ltr'><strong>litteras</strong></span> <span class='ocrx_word' id='word_1_310' title='bbox 1312 2365 1505 2408; x_wconf 85' lang='lat' dir='ltr'><strong>maxima</strong></span> 
     </span>
     <span class='ocr_line' id='line_1_41' title="bbox 58 2421 1500 2469; baseline 0.002 -8"><span class='ocrx_word' id='word_1_311' title='bbox 58 2434 101 2461; x_wconf 82' lang='lat' dir='ltr'><strong>se</strong></span> <span class='ocrx_word' id='word_1_312' title='bbox 132 2421 329 2463; x_wconf 80' lang='lat' dir='ltr'><strong>molestia</strong></span> <span class='ocrx_word' id='word_1_313' title='bbox 349 2438 403 2465; x_wconf 81' lang='lat' dir='ltr'><strong>ex</strong></span> <span class='ocrx_word' id='word_1_314' title='bbox 436 2424 506 2465; x_wconf 85' lang='lat' dir='ltr'><strong>illa</strong></span> <span class='ocrx_word' id='word_1_315' title='bbox 528 2424 807 2465; x_wconf 82' lang='lat' dir='ltr'><strong>contentione</strong></span> <span class='ocrx_word' id='word_1_316' title='bbox 829 2422 1033 2466; x_wconf 84' lang='lat' dir='ltr'><strong>affectum</strong></span> <span class='ocrx_word' id='word_1_317' title='bbox 1065 2422 1334 2466; x_wconf 87' lang='lat' dir='ltr'><strong>ostenderet:</strong></span> <span class='ocrx_word' id='word_1_318' title='bbox 1367 2422 1500 2469; x_wconf 78' lang='lat' dir='ltr'><strong>habui</strong></span> 
     </span>
    </p>
   </div>
   <div class='ocr_carea' id='block_1_5' title="bbox 53 2534 1500 2876">
    <p class='ocr_par' dir='ltr' id='par_1_9' title="bbox 57 2534 1500 2618">
     <span class='ocr_line' id='line_1_42' title="bbox 97 2534 1500 2578; baseline 0.002 -14"><span class='ocrx_word' id='word_1_319' title='bbox 97 2534 137 2565; x_wconf 78' lang='lat'><strong>68</strong></span> <span class='ocrx_word' id='word_1_320' title='bbox 159 2544 264 2566; x_wconf 82' lang='lat' dir='ltr'><strong>severe</strong></span> <span class='ocrx_word' id='word_1_321' title='bbox 271 2536 473 2577; x_wconf 77' lang='lat' dir='ltr'><strong>seducerent]</strong></span> <span class='ocrx_word' id='word_1_322' title='bbox 491 2547 521 2569; x_wconf 89' lang='lat' dir='ltr'><strong>v.</strong></span> <span class='ocrx_word' id='word_1_323' title='bbox 547 2537 638 2569; x_wconf 88' lang='lat' dir='ltr'><strong>Clav.</strong></span> <span class='ocrx_word' id='word_1_324' title='bbox 654 2538 689 2568; x_wconf 90' lang='lat' dir='ltr'><strong>in</strong></span> <span class='ocrx_word' id='word_1_325' title='bbox 709 2548 756 2568; x_wconf 84' lang='lat' dir='ltr'><strong>se·</strong></span> <span class='ocrx_word' id='word_1_326' title='bbox 798 2547 861 2568; x_wconf 90' lang='lat' dir='ltr'><strong>one</strong></span> <span class='ocrx_word' id='word_1_327' title='bbox 873 2538 961 2568; x_wconf 85' lang='lat' dir='ltr'><strong>verbi</strong></span> <span class='ocrx_word' id='word_1_328' title='bbox 964 2536 1101 2578; x_wconf 81' lang='lat' dir='ltr'><strong>fuisset,</strong></span> <span class='ocrx_word' id='word_1_329' title='bbox 1117 2537 1158 2568; x_wconf 87' lang='lat' dir='ltr'><strong>ad</strong></span> <span class='ocrx_word' id='word_1_330' title='bbox 1172 2535 1344 2567; x_wconf 82' lang='lat' dir='ltr'><strong>vitandum</strong></span> <span class='ocrx_word' id='word_1_331' title='bbox 1359 2535 1500 2572; x_wconf 60' lang='lat' dir='ltr'><strong>hiatum.</strong></span> 
     </span>
     <span class='ocr_line' id='line_1_43' title="bbox 57 2575 1500 2618; baseline 0.002 -13"><span class='ocrx_word' id='word_1_332' title='bbox 57 2575 181 2606; x_wconf 78' lang='lat' dir='ltr'><strong>ducere.</strong></span> <span class='ocrx_word' id='word_1_333' title='bbox 785 2578 912 2618; x_wconf 81' lang='lat' dir='ltr'><strong>fuisset</strong></span> <span class='ocrx_word' id='word_1_334' title='bbox 925 2585 974 2610; x_wconf 84' lang='lat' dir='ltr'><strong>est</strong></span> <span class='ocrx_word' id='word_1_335' title='bbox 990 2581 1024 2610; x_wconf 88' lang='lat' dir='ltr'><strong>in</strong></span> <span class='ocrx_word' id='word_1_336' title='bbox 1038 2580 1089 2611; x_wconf 87' lang='lat' dir='ltr'><strong>ed.</strong></span> <span class='ocrx_word' id='word_1_337' title='bbox 1111 2582 1199 2614; x_wconf 76' lang='lat'><strong>1471.</strong></span> <span class='ocrx_word' id='word_1_338' title='bbox 1215 2578 1270 2609; x_wconf 88' lang='lat' dir='ltr'><strong>sed</strong></span> <span class='ocrx_word' id='word_1_339' title='bbox 1283 2587 1349 2608; x_wconf 88' lang='lat' dir='ltr'><strong>non</strong></span> <span class='ocrx_word' id='word_1_340' title='bbox 1363 2578 1500 2608; x_wconf 75' lang='lat' dir='ltr'><strong>inscien-</strong></span> 
     </span>
    </p>

    <p class='ocr_par' dir='ltr' id='par_1_10' title="bbox 53 2618 1500 2876">
     <span class='ocr_line' id='line_1_44' title="bbox 100 2618 1500 2661; baseline 0.001 -13"><span class='ocrx_word' id='word_1_341' title='bbox 100 2618 140 2652; x_wconf 87' lang='lat'><strong>69</strong></span> <span class='ocrx_word' id='word_1_342' title='bbox 161 2620 328 2651; x_wconf 76' lang='lat' dir='ltr'><strong>residuum</strong></span> <span class='ocrx_word' id='word_1_343' title='bbox 352 2621 538 2652; x_wconf 69' lang='lat' dir='ltr'><strong>inscientem</strong></span> <span class='ocrx_word' id='word_1_344' title='bbox 563 2631 615 2652; x_wconf 85' lang='lat' dir='ltr'><strong>me</strong></span> <span class='ocrx_word' id='word_1_345' title='bbox 638 2620 758 2661; x_wconf 67' lang='lat' dir='ltr'><strong>fiagis-</strong></span> <span class='ocrx_word' id='word_1_346' title='bbox 799 2625 874 2652; x_wconf 84' lang='lat' dir='ltr'><strong>tem.</strong></span> <span class='ocrx_word' id='word_1_347' title='bbox 919 2621 1045 2653; x_wconf 79' lang='lat' dir='ltr'><strong>Contra</strong></span> <span class='ocrx_word' id='word_1_348' title='bbox 1057 2622 1211 2652; x_wconf 75' lang='lat' dir='ltr'><strong>insciente</strong></span> <span class='ocrx_word' id='word_1_349' title='bbox 1223 2630 1272 2651; x_wconf 86' lang='lat' dir='ltr'><strong>me</strong></span> <span class='ocrx_word' id='word_1_350' title='bbox 1288 2619 1320 2649; x_wconf 90' lang='lat' dir='ltr'><strong>in</strong></span> <span class='ocrx_word' id='word_1_351' title='bbox 1335 2618 1386 2651; x_wconf 87' lang='lat' dir='ltr'><strong>ed.</strong></span> <span class='ocrx_word' id='word_1_352' title='bbox 1403 2619 1500 2660; x_wconf 55' lang='lat' dir='ltr'><strong>Rom,</strong></span> 
     </span>
     <span class='ocr_line' id='line_1_45' title="bbox 53 2659 1136 2706; baseline 0.005 -17"><span class='ocrx_word' id='word_1_353' title='bbox 53 2659 116 2699; x_wconf 76' lang='lat' dir='ltr'><strong>eet]</strong></span> <span class='ocrx_word' id='word_1_354' title='bbox 144 2660 256 2702; x_wconf 80' lang='lat' dir='ltr'><strong>[nepte</strong></span> <span class='ocrx_word' id='word_1_355' title='bbox 268 2674 278 2694; x_wconf 75' lang='lat'>2</span> <span class='ocrx_word' id='word_1_356' title='bbox 301 2663 487 2694; x_wconf 75' lang='lat' dir='ltr'><strong>inscientem</strong></span> <span class='ocrx_word' id='word_1_357' title='bbox 496 2661 634 2702; x_wconf 77' lang='lat' dir='ltr'><strong>fugere.</strong></span> <span class='ocrx_word' id='word_1_358' title='bbox 654 2664 755 2694; x_wconf 88' lang='lat' dir='ltr'><strong>immo</strong></span> <span class='ocrx_word' id='word_1_359' title='bbox 797 2664 853 2694; x_wconf 82' lang='lat' dir='ltr'><strong>sed</strong></span> <span class='ocrx_word' id='word_1_360' title='bbox 867 2674 942 2694; x_wconf 89' lang='lat' dir='ltr'><strong>eum</strong></span> <span class='ocrx_word' id='word_1_361' title='bbox 958 2663 1136 2706; x_wconf 70' lang='lat' dir='ltr'><strong>effugisset.</strong></span> 
     </span>
     <span class='ocr_line' id='line_1_46' title="bbox 55 2701 1498 2747; baseline 0.003 -16"><span class='ocrx_word' id='word_1_362' title='bbox 55 2701 208 2733; x_wconf 73' lang='lat' dir='ltr'><strong>insciente</strong></span> <span class='ocrx_word' id='word_1_363' title='bbox 231 2714 281 2734; x_wconf 87' lang='lat' dir='ltr'><strong>me</strong></span> <span class='ocrx_word' id='word_1_364' title='bbox 291 2704 416 2744; x_wconf 70' lang='lat' dir='ltr'><strong>sitisset</strong></span> <span class='ocrx_word' id='word_1_365' title='bbox 438 2715 549 2737; x_wconf 78' lang='lat' dir='ltr'><strong>verum</strong></span> <span class='ocrx_word' id='word_1_366' title='bbox 572 2711 635 2742; x_wconf 88' lang='lat' dir='ltr'><strong>est,</strong></span> <span class='ocrx_word' id='word_1_367' title='bbox 661 2706 756 2745; x_wconf 85' lang='lat' dir='ltr'><strong>idque</strong></span> <span class='ocrx_word' id='word_1_368' title='bbox 841 2709 882 2740; x_wconf 84' lang='lat'><strong>70</strong></span> <span class='ocrx_word' id='word_1_369' title='bbox 892 2705 998 2746; x_wconf 80' lang='lat' dir='ltr'><strong>foris]</strong></span> <span class='ocrx_word' id='word_1_370' title='bbox 1024 2707 1120 2747; x_wconf 92' lang='lat' dir='ltr'><strong>Apud</strong></span> <span class='ocrx_word' id='word_1_371' title='bbox 1135 2705 1315 2746; x_wconf 79' lang='lat' dir='ltr'><strong>populum:</strong></span> <span class='ocrx_word' id='word_1_372' title='bbox 1339 2712 1416 2735; x_wconf 85' lang='lat' dir='ltr'><strong>nam</strong></span> <span class='ocrx_word' id='word_1_373' title='bbox 1440 2702 1498 2735; x_wconf 68' lang='lat' dir='ltr'><strong>iun</strong></span> 
     </span>
     <span class='ocr_line' id='line_1_47' title="bbox 60 2744 1498 2784; baseline 0.003 -11"><span class='ocrx_word' id='word_1_374' title='bbox 60 2752 136 2774; x_wconf 84' lang='lat' dir='ltr'><strong>cum</strong></span> <span class='ocrx_word' id='word_1_375' title='bbox 158 2744 274 2777; x_wconf 86' lang='lat' dir='ltr'><strong>Lamb.</strong></span> <span class='ocrx_word' id='word_1_376' title='bbox 292 2747 421 2778; x_wconf 82' lang='lat' dir='ltr'><strong>Graevio</strong></span> <span class='ocrx_word' id='word_1_377' title='bbox 434 2747 530 2778; x_wconf 87' lang='lat' dir='ltr'><strong>edidi.</strong></span> <span class='ocrx_word' id='word_1_378' title='bbox 575 2747 651 2779; x_wconf 87' lang='lat' dir='ltr'><strong>Fuit</strong></span> <span class='ocrx_word' id='word_1_379' title='bbox 665 2748 699 2778; x_wconf 90' lang='lat' dir='ltr'><strong>in</strong></span> <span class='ocrx_word' id='word_1_380' title='bbox 715 2748 755 2779; x_wconf 92' lang='lat' dir='ltr'><strong>li-</strong></span> <span class='ocrx_word' id='word_1_381' title='bbox 799 2749 969 2779; x_wconf 80' lang='lat' dir='ltr'><strong>contentio</strong></span> <span class='ocrx_word' id='word_1_382' title='bbox 985 2750 1019 2779; x_wconf 86' lang='lat' dir='ltr'><strong>in</strong></span> <span class='ocrx_word' id='word_1_383' title='bbox 1043 2752 1161 2779; x_wconf 87' lang='lat' dir='ltr'><strong>senatu</strong></span> <span class='ocrx_word' id='word_1_384' title='bbox 1175 2748 1293 2779; x_wconf 83' lang='lat' dir='ltr'><strong>fuerat.</strong></span> <span class='ocrx_word' id='word_1_385' title='bbox 1309 2755 1340 2779; x_wconf 82' lang='lat' dir='ltr'><strong>v.</strong></span> <span class='ocrx_word' id='word_1_386' title='bbox 1356 2745 1421 2784; x_wconf 60' lang='lat' dir='ltr'><strong>alia</strong></span> <span class='ocrx_word' id='word_1_387' title='bbox 1442 2756 1498 2777; x_wconf 80' lang='lat' dir='ltr'><strong>ex-</strong></span> 
     </span>
     <span class='ocr_line' id='line_1_48' title="bbox 59 2783 1483 2833; baseline 0.005 -19"><span class='ocrx_word' id='word_1_388' title='bbox 59 2783 126 2815; x_wconf 80' lang='lat' dir='ltr'><strong>bris</strong></span> <span class='ocrx_word' id='word_1_389' title='bbox 136 2787 278 2827; x_wconf 87' lang='lat' dir='ltr'><strong>antiquis</strong></span> <span class='ocrx_word' id='word_1_390' title='bbox 292 2790 446 2820; x_wconf 81' lang='lat' dir='ltr'><strong>insciente</strong></span> <span class='ocrx_word' id='word_1_391' title='bbox 458 2800 508 2821; x_wconf 85' lang='lat' dir='ltr'><strong>me</strong></span> <span class='ocrx_word' id='word_1_392' title='bbox 511 2788 658 2830; x_wconf 79' lang='lat' dir='ltr'><strong>fugisset</strong></span> <span class='ocrx_word' id='word_1_393' title='bbox 670 2802 679 2820; x_wconf 92' lang='lat'><strong>.·</strong></span> <span class='ocrx_word' id='word_1_394' title='bbox 701 2800 755 2822; x_wconf 83' lang='lat' dir='ltr'><strong>ox·-</strong></span> <span class='ocrx_word' id='word_1_395' title='bbox 798 2791 908 2833; x_wconf 82' lang='lat' dir='ltr'><strong>empla</strong></span> <span class='ocrx_word' id='word_1_396' title='bbox 921 2791 956 2831; x_wconf 85' lang='lat' dir='ltr'><strong>in</strong></span> <span class='ocrx_word' id='word_1_397' title='bbox 971 2791 1071 2831; x_wconf 73' lang='lat' dir='ltr'><strong>Clave</strong></span> <span class='ocrx_word' id='word_1_398' title='bbox 1087 2791 1121 2833; x_wconf 87' lang='lat' dir='ltr'><strong>in</strong></span> <span class='ocrx_word' id='word_1_399' title='bbox 1136 2790 1169 2822; x_wconf 87' lang='lat' dir='ltr'><strong>h.</strong></span> <span class='ocrx_word' id='word_1_400' title='bbox 1183 2799 1214 2820; x_wconf 82' lang='lat' dir='ltr'><strong>v.</strong></span> <span class='ocrx_word' id='word_1_401' title='bbox 1286 2788 1289 2790; x_wconf 79' lang='grc'><strong>’</strong></span> <span class='ocrx_word' id='word_1_402' title='bbox 1460 2792 1464 2794; x_wconf 60' lang='grc'><strong>“</strong></span> <span class='ocrx_word' id='word_1_403' title='bbox 1479 2802 1483 2804; x_wconf 78' lang='grc'><strong>’</strong></span> 
     </span>
     <span class='ocr_line' id='line_1_49' title="bbox 59 2827 1071 2876; baseline 0.011 -17"><span class='ocrx_word' id='word_1_404' title='bbox 59 2828 134 2859; x_wconf 77' lang='lat' dir='ltr'><strong>tum</strong></span> <span class='ocrx_word' id='word_1_405' title='bbox 155 2827 303 2870; x_wconf 68' lang='lat' dir='ltr'><strong>fugisses</strong></span> <span class='ocrx_word' id='word_1_406' title='bbox 330 2842 350 2870; x_wconf 65' lang='lat' dir='ltr'><strong>e</strong></span> <span class='ocrx_word' id='word_1_407' title='bbox 384 2831 502 2867; x_wconf 77' lang='lat' dir='ltr'><strong>leniori.</strong></span> <span class='ocrx_word' id='word_1_408' title='bbox 530 2832 755 2876; x_wconf 73' lang='lat' dir='ltr'><strong>pronunciati-</strong></span> <span class='ocrx_word' id='word_1_409' title='bbox 1066 2831 1071 2833; x_wconf 66' lang='grc'><strong>’</strong></span> 
     </span>
    </p>
   </div>
  </div>
 </body>
</html>
