1817 3196
490 87 570 125 AD
595 87 823 126 APPIUM
846 87 1191 127 PULCHRUM.
1508 95 1559 133 69

134 189 169 231 si
193 190 235 231 id
255 197 320 232 est
340 189 528 231 maxime
553 191 696 242 astuti,
718 191 863 232 omnia
884 191 936 232 ad
968 205 1087 232 suam
1117 190 1346 232 utilitatem
1377 191 1558 237 referre:

133 247 237 301 quid
260 246 363 287 mihi
388 247 554 289 tandem
578 257 668 288 erat
691 248 848 299 utilius,
872 247 973 302 quid
1004 248 1241 289 commodis
1272 248 1376 289 meis
1404 250 1560 304 aptius,

132 317 261 357 quam
282 303 467 343 hominis
489 305 743 345 nobilissimi
766 313 892 359 atque
928 304 1246 347 honoratissimi
1278 305 1529 360 conjunctio
1549 322 1558 347 :

134 360 257 414 cujus
294 374 411 415 opes,
433 360 668 416 ingenium,
700 361 835 411 liberi,
866 361 1028 412 affines,
1058 362 1303 417 propinqui,
1335 361 1438 402 mihi
1472 375 1562 402 ma-

131 429 234 470 gno,
257 416 322 457 vel
343 429 607 469 ornamento,
632 417 695 458 vel
719 418 916 473 praesidio
938 432 1027 458 esse
1050 422 1252 474 possent?
1285 419 1395 465 Quce
1420 427 1563 460 tamen

129 485 212 527 ego
234 473 378 514 omnia
398 473 439 513 in
466 475 707 530 expetenda
737 475 927 515 amicitia
958 485 1044 525 tua,
1068 489 1150 516 non
1185 476 1342 516 astutia
1362 475 1562 530 quadam,

131 529 203 569 sed
235 529 375 584 aliqua
405 531 546 585 potius
578 531 800 587 sapientia,
831 541 999 572 secutus
1032 546 1138 572 sum.
1200 525 1345 578 Quid?
1377 531 1448 572 illa
1470 532 1563 572 vin-

130 585 240 635 cula,
261 587 416 641 quibus
443 588 615 641 quidem
651 588 930 629 libentissime
962 589 1219 644 adstringor,
1242 598 1404 643 quanta
1435 591 1562 630 sunt?

129 642 367 684 studiorum
385 644 634 695 similitudo,
651 645 836 685 suavitas
858 645 1194 695 consuetudinis,
1212 645 1440 686 delectatio
1458 645 1561 687 vitae

129 707 258 754 atque
289 700 441 751 victus,
473 702 677 742 sermonis
708 702 903 752 societas,
933 701 1087 742 litterae
1121 702 1358 743 interiores.
1417 702 1563 757 Atque

128 754 224 797 haec
246 756 494 798 domestica.
555 758 672 805 Quid
694 757 764 798 illa
795 759 966 799 tandem
996 758 1246 814 popularia?
1277 760 1437 800 reditus
1468 759 1564 800 illu-

127 812 224 853 stris
247 813 289 853 in
311 815 490 869 gratiam
509 818 521 857 ?
547 815 589 856 in
606 829 691 870 quo
713 829 766 855 ne
788 829 861 870 per
883 816 1216 871 imprudentiam
1239 817 1412 871 quidem
1433 816 1564 857 errari

129 878 286 924 potest,
308 871 398 912 sine
417 872 658 928 suspicione
687 872 903 927 perfidiae:
935 872 1185 928 amplissimi
1218 874 1442 914 sacerdotii
1474 873 1563 915 col-

126 925 316 982 legium?
347 928 390 969 in
415 943 499 983 quo
521 943 606 970 non
637 928 767 970 modo
796 929 1030 970 amicitiam
1055 929 1202 970 violari
1233 931 1347 985 apud
1378 930 1563 986 majores

125 992 295 1024 nostros
319 983 382 1025 fas
411 999 496 1026 non
519 994 624 1038 erat,
647 986 719 1027 sed
741 988 782 1016 54
799 1000 851 1026 ne
871 986 1065 1042 cooptari
1095 987 1269 1042 quidem
1297 988 1563 1029 sacerdotem

124 1039 296 1091 licebat,
318 1042 391 1096 qui
422 1041 623 1097 cuiquam
653 1057 707 1084 ex
741 1043 924 1098 collegio
955 1053 1064 1084 esset
1095 1044 1309 1085 inimicus.
1371 1045 1481 1092 Quae
1513 1054 1563 1085 ut

124 1097 322 1138 omittam
347 1108 434 1139 tam
456 1100 590 1141 multa
610 1109 738 1155 atque
760 1109 902 1140 tanta:
935 1100 1029 1154 quis
1052 1115 1254 1155 umquam
1281 1101 1391 1142 tanti
1413 1116 1561 1156 quem-

125 1168 255 1208 quam
284 1153 401 1206 fecit,
423 1164 496 1196 aut
527 1156 666 1197 facere
698 1157 854 1211 potuit,
877 1166 951 1196 aut
983 1156 1146 1207 debuit,
1179 1158 1328 1212 quanti
1361 1172 1442 1214 ego
1477 1158 1559 1200 Cn.

127 1210 399 1268 Pompeium,
423 1226 615 1254 socerum
644 1222 728 1253 tuae
754 1212 885 1253 filiae?
947 1211 1118 1254 Etenim
1152 1214 1185 1254 si
1218 1215 1370 1255 merita
1394 1215 1561 1257 valent:

125 1269 324 1323 patriam,
363 1268 532 1320 liberos,
568 1268 761 1320 salutem,
800 1269 1071 1325 dignitatem,
1114 1272 1416 1326 memetipsum
1454 1272 1562 1312 mihi

124 1338 201 1380 per
222 1324 341 1365 illum
362 1325 607 1366 restitutum
627 1337 754 1382 puto:
778 1326 811 1366 si
831 1327 1154 1368 consuetudinis
1168 1327 1440 1383 jucunditas:
1464 1343 1562 1383 quae

124 1381 209 1422 fuit
229 1396 433 1437 umquam
464 1383 655 1424 amicitia
684 1382 972 1424 consularium
1002 1384 1044 1424 in
1077 1394 1222 1425 nostra
1251 1385 1428 1426 civitate
1458 1400 1564 1427 con-

118 1438 344 1494 junctior?
377 1439 410 1479 si
432 1438 504 1481 illa
523 1440 680 1481 amoris
711 1449 839 1495 atque
869 1440 1001 1481 officii
1036 1440 1183 1496 signa:
1216 1442 1318 1496 quid
1353 1442 1458 1483 mihi
1492 1442 1562 1484 ille

123 1510 211 1537 non
246 1496 491 1538 commisit?
522 1497 625 1552 quid
655 1511 740 1538 non
773 1511 940 1538 mecum
972 1498 1340 1541 communicavit?
1370 1499 1475 1553 quid
1508 1500 1561 1541 de
1574 1511 1604 1542 b.

124 1567 169 1594 se
191 1553 235 1593 in
257 1561 420 1603 senatu,
442 1567 541 1594 cum
571 1554 662 1609 ipse
692 1554 872 1604 abesset,
895 1569 969 1609 per
989 1568 1248 1610 quemquam
1280 1556 1350 1611 agi
1382 1555 1562 1598 maluit?

123 1610 280 1665 quibus
303 1609 372 1650 ille
393 1623 462 1650 me
483 1611 608 1652 rebus
639 1625 724 1651 non
758 1611 1076 1652 ornatissimum
1100 1611 1236 1653 voluit
1269 1611 1561 1667 amplissime?

122 1681 209 1722 qua
228 1665 413 1721 denique
435 1667 505 1708 ille
538 1667 759 1719 facilitate,
780 1683 866 1722 qua
897 1668 1166 1709 humanitate
1199 1668 1297 1709 tulit
1318 1671 1563 1711 contentio·

121 1736 221 1764 nem
261 1738 397 1765 meam
435 1723 515 1779 'pro
555 1723 737 1774 Milone,
772 1725 1026 1766 adversante
1063 1726 1278 1766 interdum
1317 1727 1561 1767 actionibus

122 1780 239 1822 suis?
269 1795 355 1836 quo
388 1781 530 1822 studio
566 1781 768 1836 providit,
789 1796 844 1822 ne
868 1796 964 1836 quae
998 1795 1067 1822 me
1089 1781 1199 1823 illius
1223 1784 1428 1838 temporis
1451 1784 1562 1824 invi-

122 1837 194 1879 dia
223 1838 469 1894 attingeret,
496 1853 593 1879 eum
627 1852 693 1879 me
723 1839 918 1889 consilio,
951 1848 1042 1880 tum
1073 1840 1343 1890 auctoritate,
1365 1855 1464 1881 cum
1494 1855 1562 1882 ar-

122 1895 204 1936 mis
226 1895 409 1950 denique
430 1895 542 1936 texit
563 1896 676 1936 suis?
707 1896 863 1950 quibus
885 1896 1058 1950 quidem
1089 1898 1355 1953 temporibus
1388 1897 1482 1939 haec
1515 1899 1561 1939 in

121 1965 173 1992 eo
203 1952 405 2007 gravitas,
427 1951 521 1993 haec
552 1952 684 1993 animi
715 1953 896 1994 altitudo
927 1952 1025 2004 fuit,
1047 1968 1132 1994 nou
1163 1954 1293 1995 modo
1323 1963 1371 1995 ut
1394 1954 1559 2010 Phrygi

120 2008 264 2060 alicui,
287 2017 361 2050 aut
395 2009 600 2064 Lycaoni,
621 2010 737 2064 quod
760 2019 805 2050 tu
829 2010 871 2050 in
900 2009 1052 2065 legatis
1075 2009 1214 2052 fecisti
1233 2028 1244 2062 3
1276 2011 1347 2052 sed
1370 2026 1423 2052 ne
1445 2027 1560 2053 sum-

119 2080 289 2108 morum
310 2066 483 2122 quidem
518 2066 741 2107 hominum
775 2067 985 2108 malivolis
1013 2066 1065 2108 de
1087 2082 1154 2107 me
1177 2067 1445 2109 sermonibus
1469 2084 1562 2110 cre-

119 2123 253 2164 deret.
287 2123 431 2178 Hujus
454 2122 589 2179 igitur
609 2122 721 2164 filius
744 2138 841 2165 cum
866 2124 921 2164 sit
943 2138 1074 2179 gener
1094 2133 1207 2174 tuus,
1227 2139 1426 2180 cumque,
1449 2141 1560 2182 prae-

120 2188 185 2222 ter
206 2180 316 2221 hauc
342 2180 694 2235 conjunctionem
727 2181 963 2231 affinitatis,
986 2195 1116 2236 quam
1149 2182 1205 2222 sis
1240 2181 1320 2223 Cn.
1347 2182 1558 2239 Pompeio

119 2251 258 2288 carus,
287 2251 502 2291 quamque
530 2237 765 2291 jucundus,
790 2237 1054 2293 intelligam:
1086 2253 1172 2292 quo
1205 2239 1378 2279 tandem
1412 2241 1557 2282 animo

119 2294 166 2335 in
188 2303 230 2335 te
250 2307 340 2334 esse
361 2293 526 2336 debeo?
557 2308 654 2335 cum
677 2295 914 2349 praesertim
936 2308 1006 2335 eas
1028 2295 1081 2335 ad
1103 2310 1170 2336 me
1192 2296 1226 2336 is
1248 2295 1410 2337 litteras
1432 2297 1560 2338 mise-

119 2351 191 2402 rit,
212 2351 384 2406 quibuS‚
406 2350 572 2392 etiamsi
597 2350 691 2402 tibi,
714 2350 782 2391 cui
810 2366 903 2393 sum
928 2351 1226 2403 amicissimus,
1250 2353 1385 2394 hostis
1407 2368 1558 2406 essem,

120 2408 311 2464 placarer
343 2418 511 2449 tamen:
545 2416 770 2463 totumque
801 2423 870 2449 me
902 2409 955 2450 ad
985 2409 1077 2464 ejus
1099 2410 1194 2460 viri,
1219 2411 1278 2450 ita
1304 2410 1356 2450 de
1379 2426 1447 2451 me
1469 2426 1557 2452 me-

119 2464 207 2518 riti,
230 2464 494 2507 voluntatem
526 2473 766 2522 nutumque
800 2474 1108 2508 converterem.
1170 2467 1254 2508 Sed
1286 2466 1382 2509 haec
1412 2468 1558 2510 hacte-

159 2619 201 2648 54
227 2626 268 2649 ne
299 2619 442 2657 cooptari
473 2618 616 2659 quidem]
652 2619 706 2649 Sic
735 2627 811 2648 eum
855 2629 885 2659 q.
902 2623 940 2649 ut
954 2618 1052 2650 Rom.
1069 2618 1158 2649 Med.
1171 2617 1221 2648 vel
1236 2627 1293 2648 nec
1307 2618 1426 2657 optari,
1441 2621 1480 2648 ut
1492 2618 1557 2650 Gu.

116 2659 245 2690 Graevio
272 2660 370 2698 edidi,
399 2665 438 2691 ut
466 2666 500 2691 et
527 2667 605 2691 ante
633 2661 812 2691 Gruterum
855 2664 886 2693 2.
902 2661 984 2692 Ven.
1008 2661 1097 2695 1469.
1118 2663 1208 2694 1471.
1229 2662 1318 2693 1477.
1340 2660 1398 2689 διο.
1421 2660 1475 2690 sed
1499 2670 1557 2692 nee

114 2700 214 2741 vulgo
246 2701 414 2733 edebatur.
457 2702 646 2733 Gebhardus
679 2713 697 2733 e
730 2702 811 2733 Mss.
855 2705 973 2743 optari,
989 2708 1027 2733 ut
1049 2703 1131 2733 bene
1154 2702 1301 2732 Grau-ius
1322 2700 1414 2738 vidit,
1439 2707 1557 2733 natum

116 2741 198 2774 Pau.
214 2753 255 2774 ne
272 2745 380 2783 optari
396 2744 510 2781 edidit,
525 2745 645 2784 ubique
667 2744 813 2775 insolen-
854 2750 905 2776 est
927 2756 944 2776 e
967 2746 1163 2785 necooptari.
1208 2744 1247 2773 ln
1271 2743 1353 2773 Mss.
1368 2744 1558 2783 antiquissi-

116 2783 202 2815 tiora
224 2791 371 2826 captans.
415 2787 526 2817 Etiam
549 2787 605 2817 alii
629 2787 717 2823 libri,
744 2787 812 2818 Ms.
857 2788 919 2817 mis
933 2798 950 2817 ο
965 2788 1066 2817 semel
1089 2787 1250 2826 scriptum
1273 2784 1351 2822 fuit,
1367 2786 1423 2818 sed
1444 2792 1483 2818 ut
1507 2786 1556 2818 bis

116 2830 240 2866 3¹0⁸ter,
260 2826 332 2860 edd.
353 2838 404 2871 pr.
425 2828 550 2863 habent
570 2828 622 2861 vel
644 2839 684 2860 m
704 2829 812 2872 optari
855 2828 1031 2870 legeretur.
1044 2829 1122 2861 inde
1137 2837 1227 2859 error
1240 2833 1345 2859 ortus.

794 2876 877 2914 ,23
