1817 3196
244 89 317 125 112
601 84 781 123 EPIST.
808 83 991 122 LIBER
1016 83 1290 124 QUINTUS

239 190 314 231 das
356 189 670 231 recordationes
707 188 981 230 conscientiae
1023 197 1195 236 nostrae,
1235 200 1458 240 rerumque
1505 197 1662 236 earum,

238 261 359 302 quaS,
381 256 422 287 te
442 247 483 287 in
505 246 651 302 primis
673 255 861 295 auctore,
878 244 1099 299 gessimus.
1147 243 1431 284 Praestitimus
1453 243 1565 282 enim
1592 256 1664 296 pa·

240 303 333 344 triae
374 317 458 344 non
498 304 638 343 minus
673 311 801 351 certe,
838 315 962 355 quam
1011 301 1260 341 debuimus:
1313 301 1405 355 plus
1456 298 1665 353 profecto,

237 360 279 390 56
291 374 419 414 quam
441 369 505 399 est
526 361 580 399 ab
610 359 753 399 animo
776 358 1042 411 cujusquam,
1066 367 1140 397 aut
1168 356 1346 398 consilio
1370 355 1554 396 hominis
1589 368 1664 409 po-

236 416 495 456 stulandum.
558 415 760 469 Ignosces
794 413 899 453 mihi
931 414 982 453 dc
1012 414 1174 468 meipso
1207 413 1364 467 aliquid
1399 410 1664 467 praedicanti.

237 473 276 504 57
290 487 468 526 quarum
499 472 612 511 enim
637 480 681 510 tu
707 484 843 509 rerum
867 469 1132 524 cogitatione
1155 484 1230 509 nos
1252 470 1389 510 levare
1423 466 1665 523 [aegritudi-

237 529 309 582 ne]
336 528 521 577 voluisti,
543 541 688 567 earum
721 526 850 566 etiam
881 526 1288 566 commemoratione
1320 526 1515 566 lenimur.
1578 522 1665 563 lta-

237 600 335 639 que,
375 595 422 625 ut
456 598 619 633 moneS‚
659 592 866 637 quantum
903 593 1066 637 potero,
1104 596 1172 621 rue
1204 583 1258 621 ab
1291 582 1490 622 omuibus
1536 579 1667 620 mole-

238 642 330 682 stiis
360 651 403 681 et
435 640 668 696 angoribus
701 639 936 689 abducam3
978 637 1314 692 transferamque
1347 638 1536 678 animum
1560 635 1666 676 wad

236 712 300 747 ca,
324 698 479 752 quibus
513 696 710 737 secundae
737 710 799 735 res
831 705 1049 745 ornantur,
1072 695 1260 735 adversae
1291 694 1572 748 adjuvantur:
1607 702 1668 732 te-

236 769 421 808 cumque
448 764 489 793 ct
511 767 583 793 ero
606 763 788 800 tantuin,
811 762 1017 805 quantum
1051 752 1236 806 patietur
1257 751 1476 804 utriusque
1499 759 1601 790 aetas
1623 758 1667 789 et

236 810 452 851 valitudo:
485 819 542 859 et,
566 810 598 849 si
621 822 712 848 esse
743 822 826 848 una
849 808 988 848 miuus
1021 809 1268 862 poterimuS,
1291 821 1419 861 quam
1446 805 1668 854 volumus3

236 867 474 907 animorum
500 875 642 905 tamen
673 864 997 919 conjunctione,
1021 864 1169 904 iisdem
1207 864 1358 904 studiis
1381 863 1441 902 ita
1466 861 1667 911 fruemur,

237 933 285 963 ut
309 936 539 977 numquam
565 936 649 961 uon
675 936 756 961 una
779 936 869 961 csse
894 922 1127 962 videamur.

175 1037 223 1073 14
751 1009 1152 1046 ARGUMENTUM.

239 1074 389 1116 Qum—it,
410 1086 472 1109 cnr
500 1074 638 1109 tamdiu
657 1072 750 1108 absit
777 1072 819 1107 ab
848 1073 932 1107 urbe
962 1072 1096 1108 Cicero.
1151 1071 1311 1113 Laudat,
1330 1072 1361 1106 si
1386 1075 1536 1118 propter
1555 1071 1667 1106 otium

286 1126 541 1174 scribenclifictt
555 1142 566 1161 .·
596 1136 665 1160 non
683 1124 826 1171 probat,
845 1126 877 1159 si
893 1129 1043 1171 propter
1063 1135 1241 1159 moerorem
1262 1135 1303 1158 ea:
1321 1127 1432 1157 morte
1439 1123 1545 1171 filice.
1594 1122 1667 1156 De-

288 1179 372 1213 inde
398 1179 556 1213 rationes
585 1177 827 1223 compescendi
856 1176 990 1212 doloris
1009 1176 1137 1211 addit:
1167 1175 1367 1210 rationibus
1397 1173 1565 1221 adjungit
1579 1184 1663 1221 pre-

288 1241 355 1272 ces,
375 1234 409 1265 et
428 1230 583 1265 modeste
602 1228 751 1263 claudil.

193 1316 223 1345 b„
409 1296 457 1337 L.
484 1293 802 1343 LL'CCEIUS,
825 1294 881 1340 Q.
907 1294 953 1334 F.
978 1293 1021 1334 S.
1044 1293 1100 1334 D.
1126 1291 1191 1333 M.
1215 1292 1265 1333 T.
1291 1292 1341 1333 C.
1362 1291 1427 1333 M.
1452 1291 1500 1332 F.

237 1352 299 1405 SI
324 1363 450 1413 vales,
475 1363 582 1403 bene
618 1372 705 1402 est:
742 1361 874 1412 valeo,
899 1362 1009 1402 sicut
1040 1360 1180 1402 soleo:
1223 1359 1408 1416 paullulo
1443 1370 1584 1400 tamen
1607 1366 1670 1398 et-

235 1420 321 1461 iam
343 1420 542 1469 deterius,
566 1433 693 1473 quam
717 1418 846 1458 soleo.
906 1417 967 1458 Te
987 1418 1187 1472 requisivi
1207 1417 1377 1472 saephrs,
1401 1426 1448 1456 ut
1467 1416 1669 1456 viderem.

236 1476 390 1517 Romae
414 1477 515 1531 quia
540 1484 686 1530 postea
708 1489 792 1514 non
817 1474 951 1524 fuisti,
973 1477 1012 1508 59
1026 1488 1153 1528 quam
1181 1473 1459 1513 discesseras:
1491 1472 1668 1512 miratus

236 1548 355 1584 sum3
387 1533 501 1587 quod
526 1532 625 1572 item
663 1546 776 1571 nunc
803 1531 945 1571 miror.
1008 1531 1109 1571 hon
1140 1530 1276 1570 habeo
1307 1538 1486 1579 certum,
1508 1543 1604 1582 quae
1629 1537 1669 1568 te

235 1605 301 1630 res
335 1590 436 1631 hine
470 1589 658 1629 maxime
696 1587 898 1628 retrahat.
959 1586 1004 1627 Si
1042 1587 1272 1628 solitudine
1310 1585 1534 1635 delectare,
1569 1598 1666 1625 eum

235 1647 412 1696 scribas,
433 1656 475 1686 et
506 1644 666 1699 aliquid
689 1659 789 1700 agas
819 1658 981 1694 eorum,
1006 1658 1187 1699 quorum
1221 1643 1452 1692 consuesti,
1474 1641 1667 1697 gaudeo:

236 1718 373 1758 neque
407 1702 669 1757 reprehendo
694 1711 813 1741 tuum
837 1700 1076 1741 consilium.
1098 1715 1193 1740 nam
1215 1699 1321 1740 nihil
1343 1700 1424 1739 isto
1443 1707 1585 1754 potest
1603 1711 1667 1737 es-

235 1775 278 1800 se
294 1760 544 1815 jucundius,
569 1773 650 1798 non
678 1759 804 1798 modo
828 1757 990 1797 miseris
1014 1757 1077 1797 liis
1100 1756 1364 1811 temporibus
1389 1764 1431 1796 et
1448 1753 1669 1804 luctuosis,

235 1818 307 1858 sed
329 1816 458 1857 ctiam
485 1814 719 1869 tranquillis
743 1825 783 1854 ct
807 1815 989 1869 optatis:
1025 1815 1262 1868 praesertim
1286 1812 1350 1852 vel
1373 1812 1516 1852 auimo
1550 1809 1669 1852 defa-

235 1874 373 1929 tigato
396 1884 485 1922 tuo,
507 1872 581 1927 qui
616 1885 729 1911 nunc
751 1871 1033 1925 6Orequietem
1064 1879 1228 1925 quaerat
1256 1884 1310 1909 ex
1342 1868 1508 1923 magnis
1539 1882 1668 1909 occu-

233 1930 504 1985 pationibus:
548 1928 612 1969 vel
643 1927 824 1978 erudito,
847 1928 918 1981 qui
944 1941 1110 1982 semper
1131 1926 1291 1981 aliquid
1325 1940 1378 1965 ex
1405 1928 1462 1965 se
1483 1933 1666 1980 promat,

232 1987 346 2041 quod
381 1986 485 2027 alios
520 1984 716 2034 delectet,
747 1985 886 2040 ipsum
918 1984 1114 2024 laudibus
1146 1983 1340 2023 illustret.
1402 1982 1477 2021 Sin
1507 1991 1667 2032 autem,

232 2045 344 2085 sicut
366 2043 437 2084 hic
460 2042 561 2083 dum
583 2055 690 2092 eim,
709 2040 894 2082 lacrimis
911 2056 959 2082 ac
984 2041 1169 2081 tristitiae
1196 2049 1236 2080 te
1260 2039 1471 2080 tradidisti
1493 2055 1502 2080 z
1527 2037 1667 2087 doleo,

275 2175 314 2205 56
336 2183 435 2213 quam
462 2178 506 2204 est
528 2174 568 2203 ab
593 2173 928 2212 animo—postulan-
973 2170 1047 2210 ligit
1062 2170 1170 2201 studia
1183 2169 1355 2200 literarum
1379 2174 1477 2207 atque
1500 2167 1671 2198 doctrinm.

232 2216 325 2255 duni]
352 2217 404 2245 Sic
419 2215 573 2245 audacter
591 2215 734 2253 rescripsi
753 2224 810 2254 pro
818 2218 929 2253 postu-
1017 2216 1055 2246 59
1077 2222 1174 2253 quam
1190 2211 1388 2250 discesseras]
1418 2211 1498 2240 Haee
1513 2215 1563 2240 est
1580 2215 1672 2240 vetus

234 2260 352 2288 latum.
399 2257 504 2287 Facile
522 2257 654 2295 quisque
671 2256 819 2286 senserit.
869 2257 931 2285 Mi-
973 2254 1085 2291 lectio,
1103 2255 1154 2284 eui
1169 2254 1335 2284 Victorius
1348 2264 1365 2283 e
1381 2253 1486 2282 Vatic.
1500 2252 1671 2282 substituit

233 2309 287 2329 ror
312 2300 479 2329 neminem
508 2298 560 2328 hic
583 2298 765 2328 offendisse.
811 2298 930 2327 Oliser-
974 2297 1171 2333 discesserat,
1194 2296 1364 2326 intellecto
1380 2295 1517 2325 Caesare.
1560 2293 1622 2324 Sed
1639 2293 1671 2324 id

232 2347 308 2372 vata
332 2347 410 2371 sunt
433 2348 467 2370 et
489 2341 553 2371 alia
578 2341 651 2370 talis
677 2341 929 2380 permutationis
974 2339 1069 2368 nimis
1093 2339 1270 2377 abruptum
1293 2342 1343 2367 est
1365 2337 1398 2366 in
1423 2335 1580 2375 principio
1603 2336 1670 2374 epi-

232 2383 393 2423 exempla.
972 2380 1078 2416 stolae,
1094 2381 1149 2410 ubi
1174 2380 1265 2409 nulla
1287 2384 1363 2408 ante
1386 2377 1436 2407 vel
1457 2377 1556 2416 ipsius
1577 2386 1668 2406 nien-

275 2427 313 2458 57
338 2434 481 2464 quarum
502 2433 615 2453 rerum
641 2433 713 2460 cog.
740 2433 795 2453 nos
824 2424 931 2453 levare
972 2423 1034 2457 tio,
1048 2422 1098 2452 vel
1122 2422 1180 2457 rei,
1196 2421 1282 2450 unde
1307 2421 1345 2450 de
1371 2419 1498 2449 Caesare
1525 2419 1670 2456 cogitare

232 2467 426 2505 (egritudine
451 2466 592 2504 voluisti]
631 2465 854 2503 AEgritudine
879 2475 930 2495 me
974 2465 1084 2493 veniat
1111 2465 1143 2493 in
1167 2467 1330 2492 mentem:
1368 2470 1427 2490 nec
1455 2460 1668 2490 consentiunt

231 2510 284 2539 bic
299 2517 427 2549 semper
442 2506 576 2539 offendit
590 2508 631 2537 ob
647 2506 830 2547 praecedens
845 2509 931 2544 cogi-
973 2506 1151 2543 sequentia.

231 2552 362 2581 tatione.
408 2551 491 2580 Puto
516 2558 584 2579 esse
599 2549 747 2579 additum
771 2558 790 2578 a
807 2548 930 2586 glossa·
1016 2548 1056 2577 60
1078 2547 1251 2586 requietem
1273 2544 1412 2585 quoerat]
1438 2544 1491 2574 Ita
1504 2547 1591 2573 recte
1610 2554 1670 2584 pro

232 2597 314 2623 tore.
338 2594 446 2622 lez-are
467 2591 661 2631 simpliciter
676 2591 776 2620 etiam
792 2590 837 2619 sie
851 2589 928 2619 diei-
973 2589 1087 2628 quoerit
1099 2588 1199 2617 edidit
1215 2588 1381 2624 Graevius3
1398 2585 1608 2625 postulatque
1621 2596 1670 2616 se-

232 2641 287 2665 tur
301 2635 420 2674 passim
437 2635 471 2664 in
487 2634 536 2664 his
551 2633 709 2673 epistolis,
725 2638 759 2662 et
775 2632 930 2670 aequalio-
973 2639 1075 2669 quens
1107 2633 1251 2668 promat.
1296 2629 1348 2658 Sic
1379 2634 1413 2658 ct
1452 2627 1502 2657 ed.
1530 2627 1665 2658 Mediol.

232 2687 269 2707 ra
283 2677 370 2706 fiunt
386 2676 554 2712 ruembra3
579 2674 841 2715 respondentque
866 2674 926 2703 sibi
969 2672 1056 2702 Tum
1072 2672 1213 2710 requiem
1228 2670 1298 2700 edd.
1314 2680 1361 2710 pr.
1384 2671 1548 2700 Victorius
1564 2679 1580 2698 e
1597 2670 1667 2700 Mc-

232 2719 314 2749 bene
337 2719 530 2757 cogitatione
544 2719 663 2754 levare,
686 2721 721 2747 et
741 2725 927 2746 commemo-
971 2714 1062 2744 diceo
1086 2713 1149 2743 Ms.
1183 2712 1272 2742 dedit
1303 2713 1490 2751 requietem,
1515 2711 1600 2750 quod
1633 2716 1665 2741 et

231 2761 358 2790 ratione
373 2761 483 2790 lenire.
973 2757 1007 2785 in
1029 2755 1134 2785 Vatie.
1154 2755 1230 2784 suit.
1256 2753 1287 2783 id
1302 2759 1334 2783 et
1358 2753 1434 2783 alibi
1457 2758 1506 2782 est
1521 2763 1573 2792 ap.
1598 2753 1667 2786 Cic.

275 2805 314 2833 52
338 2802 384 2832 acl
395 2812 445 2840 ea,
459 2803 572 2843 quibus
585 2811 647 2833 sec.
663 2810 713 2832 res
729 2799 802 2841 δια]
829 2799 931 2831 lutei·
976 2805 1010 2829 et
1026 2798 1071 2829 sie
1087 2796 1203 2828 dixisse
1215 2801 1359 2827 testatur
1375 2794 1553 2826 Charisius.
