1865 3223
326 70 402 120 342
571 81 753 120 EplsT.
781 80 968 120 L1BER
993 80 1529 122 TERTiusDEchs

328 199 398 227 ios
419 184 680 228 observatae
704 186 861 242 diligit.
893 185 1035 232 Quem
1056 185 1089 226 si
1110 196 1154 226 tu
1172 186 1270 251 jam
1290 183 1401 226 forte
1420 185 1635 241 cognosti,
1658 193 1766 240 puto

330 256 399 282 me
431 241 528 292 hoc,
551 243 665 297 quod
700 242 833 293 facio,
858 242 996 284 facere
1029 243 1176 284 serius.
1239 241 1300 283 Ea
1329 252 1395 282 est
1420 243 1533 283 enim
1569 241 1767 282 humani-

329 307 418 339 tate
438 309 481 339 et
502 300 786 348 observantia,
815 309 862 339 ut
882 314 979 340 eum
1003 300 1082 340 tibi
1098 301 1191 355 jam
1215 314 1288 355 pei
1319 313 1361 339 56
1384 300 1523 354 ipsum
1545 311 1766 339 commen-

329 355 477 397 datum
501 365 662 411 putem.
695 356 825 402 Quod
848 366 990 396 tamen
1014 357 1046 396 si
1071 357 1131 397 ita
1152 365 1230 406 est,
1258 369 1515 411 magnopere
1538 371 1563 395 a
1585 364 1625 395 te
1648 368 1766 409 quae-

332 426 394 463 so,
417 422 464 453 ut
485 413 537 454 ad
570 427 663 453 eam
687 412 965 462 voluntatem,
987 413 1020 452 si
1045 426 1173 475 quam
1210 412 1252 453 in
1287 412 1402 453 illum
1432 423 1530 453 ante
1554 412 1595 452 h
1586 427 1629 452 is
1653 424 1766 450 meas

331 468 494 510 litteras
526 468 762 517 contulisti,
789 482 917 522 quam
951 469 1165 508 maximus
1186 471 1335 524 40post
1365 484 1458 510 mea
1490 467 1766 509 commenda-

332 526 451 566 tione
487 526 682 565 cumulus
714 524 905 565 accedat.
967 524 1042 564 Sin
1077 535 1218 565 autem
1261 537 1432 581 propter
1466 524 1766 566 verecundiam

333 597 453 622 suam
481 581 620 622 minus
653 595 697 621 se
730 581 810 622 tibi
845 579 1017 631 obtulit,
1040 590 1112 622 aut
1147 580 1334 622 nondum
1368 597 1462 623 eum
1499 583 1600 623 satis
1634 581 1765 621 hibes

334 638 574 693 cognitum,
597 648 671 678 aut
692 653 789 692 quae
811 652 939 679 causa
961 647 1041 688 est,
1062 653 1136 679 cui
1171 637 1344 692 majolis
1379 637 1766 680 commendationis

336 695 553 749 indigeat:
586 695 647 735 sic
677 696 755 735 tibi
786 708 884 735 eum
919 695 1190 745 commendo,
1212 704 1259 735 ut.
1281 709 1418 749 neque
1440 696 1601 750 majore
1623 693 1766 735 studio

334 765 609 806 quemquam,
633 765 770 805 neque
795 751 1053 805 justioribus
1087 752 1139 792 de
1170 752 1307 792 causis
1340 752 1639 792 commendare
1672 765 1769 805 pos-

336 809 431 848 sim.
493 808 750 862 laciamque
782 807 838 858 id,
861 808 974 863 quod
1005 808 1163 849 debent
1186 807 1354 849 facere
1347 809 1390 858 ii,
1412 808 1485 863 qui
1509 807 1703 862 religiose
1725 816 1769 847 et

337 865 427 905 sine
449 864 686 905 ambitione
707 865 931 906 commend
937 875 1026 906 ·int.
1087 865 1319 921 Spondebo
1341 866 1454 906 enim
1480 864 1574 913 tibi,
1598 863 1660 904 vel
1694 878 1769 919 po-

337 922 422 962 tius
456 921 693 976 spondeo,
684 935 727 962 in
763 936 915 976 meque
952 922 1128 977 recipio,
1151 936 1223 963 eos
1259 921 1350 962 esse
1382 921 1445 962 M‘
1469 896 1588 963 Curii
1618 934 1770 969 mones,

336 992 524 1041 eamque
549 988 639 1018 tum
677 978 951 1033 probitatem,
975 988 1065 1019 tum
1098 979 1227 1020 etiam
1257 978 1582 1028 humanitatem,
1604 986 1651 1017 ut
1672 990 1770 1017 eum

337 1044 380 1076 et
401 1034 592 1075 amicitia
615 1044 702 1085 tua,
724 1045 767 1075 et
797 1044 884 1076 tam
916 1044 1116 1077 accurata
1146 1036 1370 1077 commend
1377 1036 1534 1085 itione,
1556 1035 1589 1075 si
1614 1033 1690 1074 tibi
1715 1033 1770 1073 sit

337 1092 565 1155 cognitus4
572 1091 751 1145 dignum
775 1093 830 1132 sis
852 1092 1188 1134 existimaturus.
1214 1092 1329 1132 Mihi
1349 1102 1463 1132 certe
1481 1090 1771 1148 gratissimum

338 1147 504 1198 feceris,
535 1148 567 1188 si
604 1147 869 1199 intellexero,
900 1149 973 1190 has
1008 1149 1170 1190 litteras
1209 1159 1391 1199 tantum,
1424 1157 1631 1205 quantum
1669 1146 1773 1188 scri·

340 1206 444 1246 bens
467 1204 753 1258 confidebam,
777 1206 888 1262 apud
915 1215 955 1247 te
975 1207 1141 1263 pondus
1165 1206 1377 1247 habuisse.

280 1300 328 1337 18
855 1296 1159 1334 ARGUMENT
1166 1296 1256 1333 UM.

343 1358 493 1395 Gratias
511 1360 602 1405 agit,
622 1359 718 1406 quod
736 1361 873 1406 optima
894 1361 929 1395 in
948 1360 1112 1395 Atticum
1138 1360 1326 1395 voluntate
1351 1361 1411 1401 sit,
1432 1371 1535 1409 quem
1563 1360 1647 1394 (lum
1678 1370 1773 1393 com-

390 1411 553 1445 mendari
581 1411 669 1445 <licit
696 1423 833 1446 necesse
861 1423 929 1446 non
957 1423 1041 1453 esse,
1061 1424 1100 1446 eo
1127 1413 1202 1458 ipso
1221 1412 1325 1447 valde
1343 1413 1580 1453 commendat,
1601 1422 1670 1462 quo
1689 1409 1772 1445 Ser-

389 1464 467 1499 vius
485 1463 518 1497 ei
535 1473 647 1510 neque
666 1464 701 1498 in
722 1463 936 1510 Epirotici&
954 1475 1068 1510 neque
1088 1465 1122 1498 in
1143 1464 1226 1498 aliis
1244 1464 1345 1499 rebus
1364 1464 1465 1501 desit.

775 1528 1008 1571 CICERO
1041 1528 1268 1570 SERVIO
1300 1530 1328 1569 S

342 1582 492 1637 NON
526 1596 776 1647 concedam,
808 1605 856 1637 ut
892 1595 1042 1638 Attico
1077 1606 1237 1646 nostro,
1268 1611 1395 1652 quem
1433 1595 1590 1637 elatum
1623 1594 1776 1636 laetitia.

340 1654 445 1704 vidi,
471 1652 752 1707 jucundiores
790 1663 875 1694 tuae
909 1653 1158 1697 suavissime
1194 1654 1244 1695 ad
1281 1666 1377 1693 eum
1407 1662 1449 1693 et
1473 1652 1777 1693 humanissime

343 1711 515 1765 scripta}
554 1709 723 1761 litterae,
763 1709 936 1760 fuerint,
975 1725 1103 1766 quain
1148 1710 1267 1751 mihi.
1331 1708 1443 1752 Nam
1486 1710 1564 1750 etsi
1608 1709 1776 1763 utrique

342 1766 539 1808 nostrum
576 1781 710 1823 prope
746 1781 867 1823 aeque
901 1777 1036 1822 gratae
1068 1776 1212 1808 eiant:
1247 1776 1387 1808 tamen
1421 1781 1502 1822 ego
1536 1766 1776 1807 αεὶῐῐιίηὼιι·

343 1824 498 1878 magis,
532 1832 588 1872 te,
610 1825 781 1877 4¹qu1s1
822 1833 1010 1879 rogatus,
1043 1833 1116 1864 aut
1154 1834 1268 1865 certe
1303 1823 1562 1872 admonitus,
1593 1823 1776 1864 liberali-

347 1890 409 1920 ter
439 1880 587 1920 Attico
623 1880 927 1935 respondisses,
956 1881 1090 1935 (quod
1125 1890 1267 1921 tamen
1300 1880 1479 1920 dubium
1513 1880 1652 1943 nobis,
1673 1881 1775 1942 quin

346 1937 376 1978 it
383 1952 407 1977 a
430 1936 619 1977 f·utu1um
644 1937 788 1988 fuerit,
811 1952 893 1978 non
927 1939 1050 1988 erat,)
1074 1937 1183 1978 ultro
1206 1937 1258 1978 ad
1281 1950 1377 1976 eum
1401 1937 1632 1992 scripsisse,
1653 1937 1778 1991 eique-

343 2008 424 2035 nec
446 1993 642 2049 opinanti
666 1968 928 2035 voluritatem
954 2005 996 2034 tu
1003 2009 1070 2034 ·un
1095 2004 1256 2035 mutam
1284 2008 1357 2048 per
1380 1993 1540 2034 litteras
1562 1994 1777 2035 detulisse

347 2051 415 2092 De
437 2065 522 2105 quo
556 2065 642 2091 non
677 2051 805 2091 modo
832 2065 982 2107 rogare
1013 2061 1067 2101 te,
1093 2061 1138 2091 ut
1165 2065 1216 2091 eo
1239 2050 1470 2091 studiosius
1494 2064 1588 2090 mea
1608 2063 1777 2106 quoque

345 2122 474 2148 causa
495 2107 641 2158 ficias,
664 2122 747 2148 non
772 2108 923 2159 debeo,
946 2108 1070 2161 (nihil
1093 2109 1206 2149 enirn
1229 2107 1485 2148 cumulatius
1508 2107 1597 2147 fieri
1623 2116 1778 2162 potest,

346 2178 474 2218 quam
509 2163 756 2219 polliceriS,)
778 2166 849 2206 sed
883 2180 936 2205 ne
966 2166 1124 2220 guatias
1145 2164 1317 2220 quidem
1347 2179 1486 2219 affere,
1508 2163 1623 2219 quod
1659 2172 1702 2204 tu
1735 2173 1780 2204 et

348 2221 481 2275 ipsius
503 2235 630 2260 causa
649 2231 693 2261 et
716 2231 788 2262 tua
812 2231 966 2277 sponte
966 2197 1152 2262 Ὀ’ΐ6661-ἰ5.
1197 2221 1305 2262 lllud
1332 2231 1470 2262 tamen
1494 2221 1650 2269 dicam,
1675 2221 1778 2261 mihi

348 2277 407 2328 id,
429 2277 544 2331 quod
569 2276 724 2327 fecisti,
745 2293 835 2319 esse
867 2279 1171 2334 gratissimum.
1233 2277 1269 2318 T
1272 2278 1335 2318 ale
1366 2278 1480 2318 enim
1515 2286 1633 2318 tuum
1661 2277 1780 2331 Judi-

347 2335 464 2375 cium
485 2333 537 2373 de
561 2333 733 2374 homine
755 2349 820 2384 eo,
837 2350 963 2390 quem
986 2336 1109 2376 unice
1129 2335 1279 2390 diligo,
1297 2349 1380 2374 non
1406 2344 1546 2391 potest
1567 2334 1670 2375 mihi
1694 2348 1778 2374 non

348 2404 513 2432 summe
541 2404 631 2431 esse
657 2368 914 2444 jtlcundum.
976 2392 1106 2440 Quod
1140 2406 1238 2437 eum
1272 2392 1332 2436 ita
1353 2391 1422 2443 sit,
1443 2394 1586 2432 42esse
1608 2401 1778 2446 gratum

390 2523 432 2552 40
449 2519 574 2560 postea]
592 2519 644 2549 Sic
659 2529 720 2551 scr.
737 2526 770 2550 ct
786 2521 856 2551 edd.
874 2526 953 2552 vett.
991 2523 1043 2554 Ab
1087 2522 1150 2552 llic
1175 2526 1224 2552 est
1247 2520 1368 2559 aliquid
1390 2521 1472 2551 duri.
1495 2519 1605 2560 putavi
1629 2518 1782 2549 excidisse

348 2555 715 2596 ed,R‹›111.Ve11.14(›·9.
735 2565 789 2596 147
801 2565 826 2592 Ι.
842 2565 941 2594 ctiam
959 2574 1043 2595 com-
1086 2569 1178 2601 tam;
1202 2564 1257 2593 sed
1269 2563 1404 2592 omnino
1418 2569 1526 2592 totuin
1545 2562 1605 2591 hoc
1620 2570 1684 2590 non
1699 2561 1780 2592 bene

350 2605 553 2634 mendatione
567 2604 669 2634 abest
698 2604 873 2635 Coi-rexere
885 2617 908 2645 μ
901 2610 955 2635 mse
972 2616 1044 2637 mea
1086 2605 1251 2636 consentit
1266 2605 1428 2640 his,ulr1·o
1444 2606 1490 2633 ad
1501 2613 1573 2633 eum
1590 2604 1760 2641 scripsisse.

350 2646 442 2676 Man.
475 2646 589 2676 Lamb.
621 2646 779 2677 Graevius.
824 2647 887 2677 Sed
915 2654 948 2677 et
970 2653 1044 2687 pose
1127 2650 1168 2677 42
1183 2656 1246 2676 esse
1257 2651 1398 2684 gracum
1411 2656 1532 2676 necesse
1544 2645 1603 2684 est]
1624 2645 1784 2675 l’raecedit

350 2697 418 2718 non
435 2688 552 2727 placet.
599 2688 786 2727 Scripserim
807 2698 891 2726 mea,
909 2689 958 2719 vel
985 2692 1046 2720 hac
1081 2689 1284 2730 jucundum,
1308 2688 1394 2726 quod
1416 2688 1495 2718 alias
1518 2687 1590 2727 plus
1613 2690 1662 2717 est
1685 2696 1783 2726 quam

350 2739 437 2766 mea,
453 2734 491 2759 ut
506 2730 582 2760 alibi
599 2729 703 2760 dicere
719 2730 802 2760 solet
819 2732 944 2764 Cicero.
992 2732 1045 2762 ln-
1087 2735 1237 2769 gratum.
1282 2730 1344 2760 Sed
1358 2735 1496 2769 gratum
1511 2739 1576 2759 esse
1597 2729 1630 2759 h.
1654 2728 1676 2758 l.
1701 2728 1786 2758 acci-

351 2772 448 2805 terim
459 2776 530 2811 post
548 2781 620 2801 mea
636 2771 720 2801 dedi.
1090 2772 1245 2813 piendum
1259 2772 1324 2802 sic:
1349 2782 1401 2802 me
1423 2772 1484 2802 tibi
1507 2780 1642 2826 magnas
1665 2769 1786 2810 gratias

393 2815 431 2847 41
463 2814 601 2855 quasi—
609 2814 788 2849 liberaliter
820 2814 1044 2855 respondisses]
1091 2816 1220 2845 debu-e.
