1860 3228
166 899 219 957 2'7

103 1105 133 1134 p.
152 1095 221 1123 108.

188 1145 220 1165 a.

158 2102 213 2139 28

236 90 311 128 174
594 83 774 122 EPIST.
802 83 990 122 LIBER
1015 85 1312 126 SEPTIMUS

233 197 347 229 terra
376 194 490 237 nata,
513 202 611 243 quae
641 188 736 244 lege
766 198 950 244 excepta
981 199 1094 242 sunt,
1116 191 1173 231 in*
1191 190 1399 232 honorem
1430 190 1667 233 adducere:

233 244 407 301 fungos,
431 244 648 296 heluellas,
671 245 822 286 herbas
844 260 992 287 omnes
1015 247 1075 287 ita
1104 247 1328 298 condiunt,
1353 258 1400 288 ut
1428 247 1537 288 nihil
1569 262 1667 303 pos-

234 302 291 343 sit
321 316 412 342 esse
449 302 634 343 suavius.
698 302 747 343 In
782 317 851 343 eas
885 316 982 343 cum
1015 303 1259 345 incidissem
1281 305 1322 344 in
1346 319 1452 345 cena
1473 304 1669 359 augurali

233 362 274 394 98
289 359 401 415 apud
444 359 688 410 Lentulum,
729 369 849 399 tanta
885 374 954 400 me
990 361 1134 414 διοὶῤῥοιαι
1170 361 1365 416 arripuit,
1402 364 1501 401 99ut
1539 360 1669 402 hodie

233 416 421 472 primum
463 416 658 456 videatur
696 416 881 470 coepisse
922 416 1168 457 consistere.
1240 417 1307 459 Ita
1347 432 1444 473 ego,
1482 418 1556 472 qui
1600 431 1670 458 me

233 473 385 514 ostreis
407 482 450 514 et
479 472 681 513 muraenis
714 471 839 512 facile
869 472 1154 524 abstinebam,
1182 476 1278 515 ¹0⁰a
1300 476 1398 515 beta
1419 483 1462 514 et
1483 489 1507 514 a
1529 473 1670 515 malva

234 530 439 586 deceptus
472 544 578 569 sum.
642 528 829 569 Posthac
864 528 996 583 igitur
1028 529 1185 569 erimus
1219 532 1446 572 cautiores.
1505 529 1570 572 Tu
1605 539 1669 572 ta-

234 601 333 627 men
355 601 452 627 curn
483 586 670 626 audisses
707 586 760 626 ab
783 584 940 626 Anicio
962 585 1091 636 (vidit
1123 586 1236 626 enim
1270 601 1338 628 me
1371 590 1668 637 nauseantem)

233 658 320 684 non
345 643 472 684 modo
499 642 696 683 mittendi
732 656 902 683 causam
930 641 1094 695 justam
1131 642 1334 695 habuisti,
1357 645 1428 685 sed
1451 645 1579 685 etiam
1607 645 1669 685 vi-

235 700 369 741 sendi.
433 699 525 754 Ego
568 698 638 740 hic
679 699 826 754 cogito
868 699 1139 749 commorari,
1178 700 1319 754 quoad
1355 715 1422 741 me
1462 702 1667 742 reficiam.

234 772 333 797 nam
358 767 401 797 et
423 757 531 796 vires
565 766 607 796 et
640 770 794 810 corpus
828 755 965 796 amisi.
1027 755 1126 807 Sed,
1149 757 1182 796 si
1217 757 1416 798 morbum
1448 758 1668 814 depulero,

234 813 374 865 facile,
396 822 444 854 ut
466 827 604 868 spero,
630 812 700 852 illa
721 812 949 852 revocabo.

744 900 1148 938 ARGUMENTUM.

238 965 378 1007 Gallus,
399 964 494 1000 alius
510 963 618 1013 forle
636 975 743 1012 quam.
762 963 904 1005 Fabius,
935 964 1139 999 Ciceronem
1157 964 1290 999 litteris
1308 970 1552 1008 accusaverat,
1568 976 1672 1014 quem

699 1017 855 1052 vicissim
874 1016 1006 1051 litteris
1024 1017 1205 1063 repungit.

469 1064 704 1124 CICERO
737 1083 782 1124 S.
808 1082 864 1123 D.
898 1082 965 1123 M.
990 1081 1177 1124 FABIO
1211 1081 1432 1125 GALLO.

236 1140 479 1202 MIROR‚
500 1166 576 1192 cur
604 1166 670 1192 me
702 1165 890 1202 accuseS,
913 1165 1008 1191 cum
1044 1150 1124 1191 tibi
1159 1150 1201 1191 id
1234 1149 1374 1190 facere
1406 1165 1491 1192 non
1526 1150 1669 1193 liceat.

232 1209 383 1264 quodsi
408 1209 567 1258 liceret,
589 1217 733 1248 tamen
757 1223 841 1248 non
877 1207 1077 1248 debebas.
1136 1206 1254 1263 lEgo
1277 1207 1382 1248 enim
1404 1213 1443 1247 te
1462 1207 1506 1248 in
1527 1222 1669 1250 consu-

231 1266 321 1307 latu
342 1266 610 1307 observaram.
658 1264 713 1305 Et
735 1265 810 1313 ais,
835 1264 941 1315 fore,
964 1274 1010 1304 ut
1033 1273 1073 1305 te
1098 1263 1245 1305 Caesar
1267 1265 1478 1305 restituat.
1522 1263 1668 1307 Multa

232 1332 278 1364 tu
301 1323 474 1378 quidem
497 1322 634 1363 dicis:
668 1323 739 1362 sed
771 1322 848 1362 tibi
886 1336 1010 1362 nemo
1046 1321 1196 1362 credit.
1257 1320 1542 1362 Tribunatum
1579 1323 1670 1377 ple-

230 1380 301 1421 bei
324 1380 431 1420 dicis
455 1391 495 1420 te
517 1393 612 1420 mea
640 1394 769 1420 causa
801 1378 970 1434 petisse.
1034 1378 1211 1419 Utinam
1248 1392 1415 1433 semper
1449 1392 1560 1419 esses
1591 1379 1667 1419 tri·

231 1437 401 1479 bunus!
437 1436 787 1477 2intercessorem
819 1450 903 1476 non
926 1448 1152 1489 quaereres.
1214 1434 1375 1490 Negas,
1399 1449 1466 1475 me
1499 1436 1669 1487 audere,

230 1493 345 1550 quod
370 1494 566 1543 sentiam,
588 1493 744 1533 dicere.
806 1491 941 1538 Quasi
978 1491 1071 1541 tibi,
1094 1506 1192 1532 cum
1217 1491 1488 1546 impudenter
1511 1506 1578 1532 me
1599 1507 1667 1533 ro-

230 1565 368 1607 gares,
401 1564 550 1605 parum
584 1549 754 1590 fortiter
787 1548 1094 1604 responderim.
1156 1547 1269 1588 Haec
1308 1548 1389 1588 tibi
1423 1548 1590 1603 scripsi,
1621 1559 1670 1590 ut

230 1609 314 1649 isto
348 1608 440 1663 ipso
474 1608 516 1647 in
548 1621 718 1662 genere,
741 1606 784 1646 in
808 1621 893 1661 quo
924 1605 1085 1660 aliquid
1118 1618 1242 1660 posse
1265 1604 1342 1655 vis,
1369 1614 1410 1645 te
1442 1604 1549 1646 nihil
1579 1619 1671 1646 esse

231 1678 529 1720 cognosceres.
592 1663 760 1709 Quodsi
791 1663 1035 1703 humaniter
1065 1676 1235 1703 mecum
1265 1671 1439 1716 questus
1471 1676 1597 1713 esses,
1619 1662 1671 1703 li-

230 1722 383 1762 benter
419 1721 498 1762 tibi
539 1734 620 1770 me,
650 1729 694 1761 et
728 1719 852 1761 facile
886 1733 1150 1776 purgassem.
1213 1718 1314 1758 Non
1347 1719 1461 1759 enim
1499 1720 1669 1776 ingrata

229 1778 338 1819 mihi
373 1788 486 1829 sunt,
508 1792 605 1833 quae
643 1777 813 1818 fecisti:
847 1777 918 1818 sed
941 1791 1038 1831 quae
1075 1775 1299 1831 scripsisti,
1334 1775 1526 1816 molesta.
1588 1774 1668 1817 Me

229 1845 390 1886 autem,
420 1844 595 1891 propter
616 1849 742 1889 quem
777 1834 906 1874 ceteri
940 1833 1061 1873 liberi
1096 1843 1209 1882 sunt,
1246 1832 1324 1872 tibi
1362 1831 1544 1873 liberum
1582 1848 1669 1874 non

233 1892 373 1933 visum
407 1893 607 1932 demiror.
669 1891 783 1932 Nam
818 1891 850 1931 si
886 1890 992 1931 falsa
1024 1888 1212 1939 fuerunt,
1235 1903 1330 1943 quae
1367 1899 1410 1929 tu
1436 1890 1487 1930 ad
1515 1903 1598 1941 me,
1621 1901 1669 1931 ut

228 1949 306 2000 ais,
328 1948 517 1990 detulisti
538 1966 546 1990 ε
579 1948 682 2003 quid
718 1948 797 1989 tibi
820 1962 902 2004 ego
925 1947 1060 1988 debeo
1082 1949 1094 1988 ?
1127 1947 1159 1986 si
1183 1959 1303 1987 vera:
1337 1954 1383 1986 tu
1408 1960 1451 1986 es
1475 1947 1668 2002 optimus

228 2007 366 2057 testis,
388 2006 492 2061 quid
514 2005 620 2047 mihi
644 2005 829 2061 populus
855 2004 1078 2045 Romanus
1100 2004 1270 2044 debeat.

742 2091 1146 2132 ARGUMENTUM.

228 2160 366 2197 Probat
388 2159 490 2194 Curii
507 2158 710 2200 consilium,
741 2170 824 2205 quo,
845 2158 1036 2205 desperata
1054 2155 1253 2204 republica,
1272 2158 1311 2192 in
1334 2156 1514 2192 Graeciam
1530 2168 1568 2192 se
1586 2169 1669 2192 con·

280 2212 426 2247 tulerat.
481 2211 599 2246 Addit
619 2215 770 2258 propter
789 2210 938 2246 eandem
956 2220 1102 2244 causam
1122 2212 1156 2243 et
1173 2219 1210 2243 se
1228 2209 1265 2243 in
1291 2208 1543 2244 bibliothecam
1569 2209 1666 2246 abdi.

278 2264 420 2300 nullam
437 2264 531 2298 enim
547 2274 647 2310 spem
663 2262 844 2310 reliquam
863 2273 947 2304 esse,
967 2261 1167 2308 aliquando
1186 2259 1420 2309 meliusfore.

270 2401 312 2433 98
334 2407 389 2438 ap.
406 2396 601 2436 Lentulum]
626 2395 809 2436 Spintheris
831 2396 879 2427 fil.
895 2406 925 2427 v.
1017 2398 1075 2426 100
1097 2405 1118 2425 a
1141 2396 1214 2426 beta
1234 2399 1265 2425 et
1287 2405 1309 2425 a
1331 2394 1457 2434 malva]
1485 2393 1600 2424 Delevi
1623 2399 1669 2424 ee—

231 2440 324 2473 ciav.
970 2439 1039 2468 iam
1065 2448 1140 2468 cum
1169 2437 1298 2468 Graevio
1325 2447 1342 2466 e
1371 2436 1452 2467 Mss.
1477 2436 1568 2467 abest
1592 2440 1627 2467 et
1650 2446 1669 2466 a

271 2485 314 2517 99
335 2486 373 2513 ut
386 2482 478 2512 hodie
491 2490 547 2520 pr.
563 2480 716 2511 videatur
737 2491 764 2511 c.
779 2481 928 2510 consiste-
971 2481 1035 2510 Gu.
1056 2483 1080 2509 Ι.

229 2525 282 2565 re]
307 2534 352 2555 sc.
371 2522 505 2567 διιίρροιι,
520 2523 559 2553 de
582 2532 646 2562 qua
668 2523 700 2553 id
721 2529 771 2553 est
793 2523 928 2553 verbum
1018 2526 1027 2552 1
1056 2521 1132 2560 Ego
1148 2526 1179 2552 te
1202 2520 1275 2560 ἀι]
1302 2519 1375 2550 Hoc
1397 2526 1446 2550 est
1468 2530 1507 2550 ex
1529 2519 1670 2559 epistola

230 2568 413 2607 proprium.
434 2567 587 2597 videatur
607 2569 657 2595 est
679 2575 715 2594 ex
744 2564 815 2595 edd.
839 2565 927 2595 vict.
972 2564 1069 2594 Galli.
1086 2563 1163 2603 quid
1176 2565 1219 2594 sit
1233 2564 1451 2598 observaram,
1466 2572 1496 2592 v.
1511 2562 1545 2591 in
1563 2561 1654 2592 Clav.

230 2610 268 2640 Ρ.
279 2609 425 2640 Manutii
440 2610 499 2639 &c.
514 2607 608 2647 idque
623 2611 656 2637 et
672 2606 770 2637 habet
786 2607 852 2637 Ms.
863 2607 926 2637 Gu.
1015 2608 1035 2638 2
1051 2607 1290 2636 intercessorem
1303 2614 1366 2634 non
1374 2603 1547 2644 quoereres]
1565 2603 1669 2634 Nem-

231 2654 260 2682 l.
279 2651 365 2691 quod
387 2651 443 2682 alii
463 2651 644 2686 deseruere,
667 2655 798 2689 recepto
820 2649 926 2689 prisco
970 2658 1009 2688 pe
1031 2649 1107 2687 quia
1129 2648 1196 2687 ipse
1219 2652 1327 2686 posset
1351 2646 1561 2676 intercedere.
1606 2646 1668 2676 Est

226 2694 354 2729 videar,
370 2693 457 2733 quod
478 2693 513 2723 in
536 2691 616 2722 Mss.
632 2695 695 2728 est,
713 2691 875 2731 habetque
891 2698 926 2721 et
963 2691 1060 2729 jocus
1074 2700 1114 2720 ex
1128 2689 1292 2728 ambiguo.
1308 2693 1439 2727 rogarat
1462 2687 1667 2724 Ciceronem,

227 2744 320 2766 meus
342 2741 375 2766 et
398 2736 461 2767 Gu.
476 2738 510 2767 2.
526 2735 671 2774 itemque
692 2733 764 2765 edd.
786 2743 837 2775 pr.
852 2742 923 2764 om·
968 2737 1008 2762 ut
1032 2742 1092 2773 pro
1120 2740 1154 2763 se
1187 2730 1405 2762 intercederet
1441 2729 1528 2771 apud
1559 2730 1667 2761 Caesa-

227 2786 298 2809 nes.
967 2783 1049 2805 rem.
