1817 3196
463 71 542 110 AD
568 69 794 109 APPIUM
820 69 1167 108 PULCHRUM.
1488 78 1539 121 73

109 183 253 217 autem
287 174 391 217 mihi
428 173 530 216 illud
554 173 763 215 occurrit.
824 172 939 219 Quid
980 183 1023 214 tu
1061 174 1207 228 igitur,
1241 174 1274 214 si
1312 175 1534 224 affuisses?

109 226 220 274 Rem
245 233 502 288 probassem.
533 230 584 271 de
604 240 809 285 tempore,
833 230 938 270 nihil
959 241 998 270 te
1020 232 1168 279 ἰηνιῑο,
1194 231 1296 271 nihil
1321 234 1411 273 sine
1432 249 1535 276 con-

111 289 205 330 silio
227 290 406 344 egissem
432 296 518 328 tuo.
557 287 684 328 Vides
707 287 855 327 sudare
878 300 958 335 me,
975 287 1230 341 jamdudum
1255 288 1534 343 laborantem,

111 346 327 400 quomodo
348 359 398 385 ea
430 353 562 394 tuear,
584 358 679 398 quae
702 344 807 384 milii
832 343 990 384 tuenda
1022 354 1134 394 sunt,
1155 354 1195 384 et
1232 353 1272 384 te
1292 359 1375 387 non
1401 347 1537 388 offen-

112 403 226 443 dam.
288 402 402 443 Leva
429 415 498 442 me
527 401 658 456 igitur
694 401 776 441 hoc
817 414 958 440 onere.
1011 414 1241 454 numquam
1276 403 1388 442 enim
1431 404 1534 446 mihi

111 459 258 500 videor
292 467 494 499 tractasse
521 472 692 498 causam
723 457 1023 500 difficiliorem.
1085 458 1157 498 Sic
1181 458 1336 499 habeto
1366 469 1535 504 tamen:

111 515 192 556 nisi
209 515 301 570 jam
324 523 425 556 tunc
448 515 591 555 omnia
613 515 787 569 negotia
808 529 903 554 cum
929 529 1092 555 summa
1117 523 1188 554 tua
1210 515 1421 570 dignitate
1442 518 1540 559 dili·

112 572 359 626 gentissime
388 570 683 619 confecissem,
716 571 882 612 tametsi
917 571 1022 611 nihil
1053 571 1277 612 videbatur
1309 573 1361 614 ad
1395 588 1538 616 meum

110 642 212 684 erga
250 638 290 669 te
321 629 546 684 pristinum
580 628 767 668 studium
800 627 897 667 addi
929 641 1080 682 posse:
1127 637 1284 679 tamen,
1317 629 1396 671 hac
1431 632 1538 673 mihi

111 684 151 715 63
165 685 373 726 affinitate
393 686 601 735 nuntiata,
619 700 702 725 non
725 685 885 739 majore
903 685 1099 738 equidem
1118 685 1275 736 studio,
1295 687 1366 727 sed
1386 689 1540 742 acrius,

112 741 313 797 apertiUS,
337 742 649 799 significantius
671 741 924 797 dignitatem
953 752 1068 782 tuam
1091 741 1390 785 defendissem.
1454 745 1543 787 De-

111 798 280 839 cedenti
316 801 435 850 mihi,
457 811 498 839 et
525 800 615 854 jam
650 799 828 854 imperio
859 813 1001 839 annuo
1032 799 1276 850 terminato,
1298 810 1397 842 ante
1427 802 1542 845 diem

115 868 176 896 111
201 869 333 896 nonas
361 856 560 905 Sextiles,
581 870 677 897 cum
712 856 764 896 ad
796 855 940 896 Sidam
965 856 1061 896 navi
1095 856 1356 909 accederem,
1379 868 1422 900 et
1454 875 1544 902 me-

113 925 212 952 cum
242 911 298 958 Q.
322 913 523 953 Servilius
545 923 669 962 esset,
691 912 843 953 litterae
875 927 899 952 a
922 913 1025 953 meis
1049 922 1149 953 sunt
1180 913 1371 956 redditae.
1432 916 1656 970 Dixip.45.

112 968 257 1009 statim
277 968 471 1018 Servilio,
488 969 664 1021 (etenim
687 969 909 1009 videbatur
925 984 1015 1010 esse
1034 973 1310 1021 commotus,)
1330 980 1375 1012 ut
1397 975 1542 1016 omnia
1553 983 1585 1005 ³·

113 1039 138 1065 a
159 1039 226 1065 me
257 1026 418 1080 majora
447 1035 731 1082 exspectaret.
773 1026 874 1081 quid
910 1027 1071 1068 multa?
1105 1027 1417 1070 benivolentior
1445 1032 1541 1084 tibi,

110 1095 237 1137 quam
273 1081 348 1134 fui,
372 1083 507 1123 nihilo
542 1097 634 1123 sum
669 1082 832 1124 factus:
876 1083 1124 1139 diligentior
1157 1084 1210 1124 ad
1243 1085 1541 1131 declarandam

115 1138 464 1190 benivolentiam,
483 1139 633 1180 multo.
677 1140 805 1189 Nam,
829 1149 876 1180 ut
900 1150 1018 1180 vetus
1036 1150 1182 1181 nostra
1204 1141 1394 1184 simultas
1416 1154 1546 1187 antea

113 1194 361 1236 stimulabat
384 1210 465 1245 me,
489 1205 536 1236 ut
557 1210 766 1245 caverem,
790 1209 842 1236 ne
871 1196 939 1235 cui
963 1198 1250 1252 suspicionem
1275 1198 1374 1239 ficte
1394 1215 1545 1244 recon-

113 1251 269 1292 ciliatae
293 1253 442 1307 gratiae
465 1252 633 1292 darem:
676 1252 716 1282 64
730 1253 789 1293 sic
822 1251 1008 1293 affinitas
1041 1268 1152 1294 nova
1174 1268 1318 1294 curam
1352 1256 1458 1298 mihi
1481 1259 1546 1300 af-

115 1308 199 1350 fert
230 1309 425 1358 cavendi,
447 1322 499 1348 ne
520 1309 623 1363 quid
657 1309 709 1349 de
738 1323 904 1349 summo
928 1323 1023 1351 meo
1045 1324 1148 1367 erga
1169 1319 1210 1352 te
1232 1325 1376 1354 amore
1405 1314 1548 1357 detra-

111 1373 229 1406 ctum
248 1379 338 1406 esse
358 1365 564 1407 videatur.
624 1365 742 1407 Vale.

626 1455 1030 1496 ARGUMENTUM.

112 1509 236 1558 Appio
261 1509 404 1555 gratias
419 1510 511 1555 agit,
531 1510 627 1556 quod
642 1521 724 1545 suos
745 1512 782 1545 in
809 1511 1074 1558 supplicatione
1091 1511 1311 1548 decernenda
1329 1511 1521 1558 adjuvisset
1534 1531 1548 1553 .-

164 1565 371 1608 parataque
397 1561 456 1595 illi
473 1560 593 1608 officia
617 1562 835 1609 pollicetur:
865 1564 908 1598 cle
925 1562 1130 1598 Dolabellae
1159 1565 1452 1602 reconciliatione
1476 1578 1553 1605 non

167 1613 355 1659 desperat:
385 1624 571 1648 censuram
588 1613 767 1649 obtentam
787 1626 858 1649 esse
874 1619 1007 1661 sperat.

336 1677 404 1731 M.
427 1678 477 1720 T.
501 1679 554 1720 C.
584 1679 775 1721 APPIO
809 1680 1108 1722 PULCHRO
1141 1681 1186 1722 S.
1207 1681 1257 1723 P.
1282 1682 1340 1725 D.

111 1733 317 1795 QUASI
336 1747 588 1798 divinarem,
611 1747 683 1788 tali
704 1749 746 1789 in
767 1749 912 1790 officio
934 1748 1026 1788 fore
1045 1748 1149 1789 mihi
1170 1749 1401 1805 aliquando
1420 1767 1552 1810 expe-

117 1805 292 1846 tendum
315 1804 504 1845 studium
528 1814 664 1856 tuum,
687 1805 762 1856 sic,
781 1820 879 1846 cum
901 1806 954 1846 de
988 1806 1071 1846 tuis
1094 1806 1220 1847 rebus
1243 1809 1375 1863 gestis
1394 1813 1553 1867 ageba-

114 1871 205 1914 tur,
236 1861 518 1902 inserviebam
555 1861 708 1903 honori
749 1871 840 1903 tuo.
901 1862 1058 1904 Dicam
1096 1873 1237 1904 tamen
1276 1880 1374 1907 vere
1391 1883 1413 1909 εμ
1442 1869 1553 1924 plus,

116 1933 245 1973 quam
273 1932 512 1974 acceperaS,
532 1919 769 1959 reddidisti.
830 1919 939 1966 Quis
962 1921 1075 1960 enim
1101 1920 1152 1960 ad
1176 1935 1244 1961 me
1263 1936 1349 1963 non
1372 1927 1554 1979 perscri-

118 1975 219 2031 psit,
239 1984 281 2016 te
301 1990 386 2016 non
411 1975 548 2016 solum
579 1977 836 2017 auctoritate
857 1976 1080 2027 orationis,
1103 1979 1316 2020 sententia
1349 1988 1436 2033 tua,
1459 1983 1555 2037 qui-

117 2033 197 2073 bus
220 2047 301 2088 ego
324 2047 349 2072 a
381 2032 453 2073 tali
479 2032 568 2073 viro
591 2042 818 2074 contentus
848 2047 978 2084 eram,
1002 2034 1074 2074 sed
1097 2035 1226 2075 etiam
1249 2050 1394 2092 opera,
1414 2040 1556 2081 consi-

119 2088 194 2141 lio,
216 2090 391 2131 domum
425 2090 650 2142 veniendo,
672 2090 978 2132 conveniendis
1008 2091 1127 2142 meis,
1150 2091 1190 2122 65
1204 2092 1367 2135 nullum
1399 2109 1556 2141 munus

1565 1471 1614 1509 13

116 2211 194 2233 nam
211 2211 278 2232 non
299 2208 349 2234 est
372 2203 452 2233 illud
469 2205 610 2243 probare
630 2214 679 2235 res
693 2206 814 2235 transi·
855 2205 954 2245 psisse
968 2203 1115 2245 affinitas
1129 2215 1212 2237 nova
1223 2219 1233 2236 :
1254 2208 1439 2248 respondet,
1453 2214 1491 2241 ut
1504 2221 1558 2243 ve·

117 2253 175 2274 ens
197 2250 273 2274 ante
301 2250 411 2276 actum
434 2253 636 2284 sequentem.
672 2247 813 2282 Vereor,
857 2251 909 2277 tus
924 2251 1034 2277 nostra
1046 2248 1207 2279 simultas.
1244 2250 1329 2290 Quia
1346 2252 1391 2281 sic
1405 2252 1492 2284 clare
1507 2258 1558 2285 est

118 2295 160 2316 ne
175 2285 222 2316 ita
236 2286 360 2317 factum
374 2288 418 2317 sit
433 2298 453 2317 a
466 2287 604 2318 librariis
617 2299 635 2319 e
649 2289 812 2329 sequenti—
858 2288 891 2318 in
916 2289 980 2319 Gu.
1005 2292 1035 2319 2.
1060 2291 1176 2330 recepi.
1221 2292 1312 2332 Idem
1335 2293 1434 2325 habet
1456 2297 1558 2327 etiam

119 2328 177 2358 bus
193 2340 201 2358 :
225 2338 294 2358 rem
304 2330 501 2368 probassem.

162 2370 202 2401 63
236 2370 400 2410 affinitate
428 2373 636 2412 renunciata]
667 2372 737 2402 Etsi
767 2383 816 2403 re-

118 2413 279 2442 nunciare
293 2413 413 2442 dieitur
426 2413 454 2442 ei
472 2423 529 2453 pro
545 2416 714 2450 nanc-iare,
731 2419 768 2445 ut
783 2420 817 2446 et

118 2453 280 2494 Sulpicius
294 2454 376 2485 dixit
392 2454 449 2491 lv,
467 2458 496 2486 5.
512 2456 584 2486 init.
602 2461 726 2492 tamen,
743 2458 818 2496 quia

117 2494 192 2526 libri
215 2505 276 2526 ser.
295 2497 416 2536 plures,
433 2498 537 2528 nostri
552 2508 678 2535 omnes,
694 2498 817 2530 habent

120 2539 292 2574 nunciata,
311 2538 411 2569 etiam
433 2538 506 2570 edd.
529 2550 580 2580 pr.
603 2540 698 2572 Rom.
727 2543 816 2576 1469.

125 2581 214 2613 1471.
247 2582 335 2614 1477.
359 2580 447 2611 Med.
477 2582 535 2611 &c.
561 2587 594 2612 et
622 2584 817 2614 renunciata

119 2620 269 2662 affinitas
282 2623 381 2652 etiam
395 2622 516 2661 aliquid
527 2625 750 2664 ambiguitatis
760 2624 818 2656 ha-

120 2662 197 2700 bet;
229 2665 387 2695 nunciata
408 2666 549 2703 restitui,
565 2672 603 2697 ut
624 2671 658 2697 et
672 2667 818 2698 Graevius

119 2703 211 2736 feeit.

163 2746 205 2777 64
218 2748 264 2778 sic
277 2747 425 2788 affinitas
438 2759 556 2780 novam
570 2760 687 2782 curam
698 2750 815 2792 affert]

124 2783 186 2818 Vix
198 2787 343 2823 dubitavi
359 2801 516 2831 unquam,
534 2792 726 2827 Ciceronem
741 2794 820 2827 scri-

858 2328 989 2370 afferet,
1032 2331 1119 2370 quod
1153 2342 1213 2363 nec
1254 2335 1360 2375 ipsum
1396 2336 1556 2377 displicet.

858 2372 949 2403 Bene
987 2374 1184 2414 respondent
1217 2377 1559 2419 stimulabat—affe-

858 2419 920 2446 ret.

901 2457 941 2488 65
963 2458 1095 2487 nullum
1110 2467 1230 2490 munus
1241 2459 1352 2501 officii]
1370 2462 1422 2491 Sic
1435 2461 1560 2492 Graevi-

860 2507 898 2528 us
913 2499 995 2530 bene
1012 2509 1070 2539 pro
1084 2510 1163 2530 onus
1178 2502 1277 2532 edidit
1300 2514 1317 2533 e
1334 2504 1399 2533 Ms.
1416 2504 1557 2542 optimo,

858 2540 945 2579 quod
959 2546 992 2571 et
1008 2541 1186 2573 Lambinus
1210 2544 1338 2575 volebat
1354 2546 1494 2575 rescribi.
1518 2545 1559 2577 de

859 2592 953 2613 onere
966 2592 1031 2613 non
1044 2590 1119 2623 apte
1128 2585 1256 2616 dicatur
1266 2586 1559 2625 reliquumsarere.

862 2634 921 2655 nec
933 2635 1012 2655 oms
1026 2625 1123 2666 officii
1137 2627 1218 2657 bene
1230 2628 1360 2664 dicitur,
1377 2630 1560 2667 praesertim

861 2666 895 2696 in
908 2666 1081 2698 laudando.
1097 2667 1212 2699 saltem
1227 2680 1303 2709 opus·
1315 2669 1370 2710 off.
1385 2669 1559 2702 dicendum

861 2714 958 2746 esset,
973 2710 1059 2748 quod
1068 2710 1146 2741 olim
1162 2711 1242 2741 mihi
1256 2713 1289 2742 in
1304 2718 1449 2742 mentem
1463 2723 1561 2744 vene·

861 2756 922 2782 rat.
967 2751 1077 2783 Etiam
1090 2753 1175 2782 infra
1189 2758 1337 2786 nostrum
1348 2757 1394 2786 est
1405 2763 1484 2786 onus
1497 2755 1560 2798 miq-

861 2793 896 2826 hi
913 2802 982 2828 non
995 2794 1073 2828 satis
1088 2794 1208 2836 placet,
