1903 3218
409 99 489 138 AD
513 98 564 137 D.
590 95 849 136 BRUTUM
872 95 950 134 ET
976 95 1254 135 CETEROS.
1471 100 1548 136 283

129 202 223 259 Ego
258 210 399 244 tamen
428 217 515 244 non
538 201 676 247 habui
708 199 974 255 ambiguum,
1004 207 1047 240 et
1076 199 1221 240 statim
1256 197 1308 239 ad
1341 197 1551 242 Plancum

127 261 247 306 misi:
279 270 322 301 et
359 259 490 300 biduo
520 261 574 300 ab
604 256 927 313 Allobrogibus,
957 266 1000 297 et
1030 256 1162 297 totius
1195 255 1350 296 Galliae
1386 255 1550 310 legatos

127 326 348 373 exspecto,
383 331 489 372 quos
525 314 802 356 confirmatos
837 314 1013 354 domum
1047 313 1278 354 remittam.
1335 311 1417 362 Tu,
1453 326 1550 366 quae

128 374 355 430 isticopus
373 383 497 414 erunt
511 371 813 422 administrari,
836 370 1085 426 prospicies,
1104 380 1150 410 ut
1169 382 1222 409 ex
1243 379 1315 409 tua
1333 368 1553 409 voluntate

129 430 274 486 reique
298 430 478 486 publicae
501 429 730 469 commodo
753 427 872 468 fiant.
924 426 1237 468 Malivolentiae
1262 425 1484 465 hominum
1508 426 1552 466 in

128 501 213 538 me,
246 488 279 528 si
310 486 483 543 poteriS,
513 499 722 526 occurres.
753 485 795 515 36
809 485 842 524 si
865 500 951 525 non
976 483 1179 539 potueriS,
1203 486 1241 515 37
1257 481 1339 522 hoc
1358 482 1554 522 consola-

130 543 245 595 bere,
278 543 392 599 quod
427 556 492 582 ine
525 542 578 582 (le
610 552 722 583 statu
757 556 853 582 meo
886 541 1012 582 nullis
1042 539 1313 582 contumeliis
1343 538 1555 581 deterrere

130 611 324 656 possunt.
355 599 491 655 pridie
514 600 662 640 Nonas
695 598 821 650 Maii,
851 613 905 639 ex
929 599 1092 649 castris,
1126 597 1283 637 finibus
1312 595 1555 636 Statiellen-

130 656 256 698 sium.
1086 700 1088 702 ,

581 748 584 750 .
640 711 1041 750 ARGUMENTUM.
1573 718 1622 755 12
1643 751 1654 762 ,

131 762 316 818 queritur,
340 761 384 802 a'b
401 766 563 802 Antonio
585 766 713 802 bellam
740 771 961 804 renovatum,
989 764 1085 813 quod
1103 764 1285 800 hominum
1303 765 1472 811 opinione
1490 764 1557 799 im-

244 818 246 821 ’
599 819 718 865 ρειὶὶνὶ
735 831 757 853 (ι
777 818 892 853 Bruto
910 820 1096 865 potuisset.

158 868 163 871 '
224 844 293 921 Μ.
327 879 559 922 clcssno
593 879 637 920 s,
661 878 718 920 D.
751 878 963 920 Bnu‘ro
997 878 1130 919 IMP.
1163 876 1292 918 cos,
1325 875 1455 918 Des,

128 935 294 995 TRES
317 963 402 989 uno
425 949 493 989 die
515 964 539 988 a
561 958 602 989 te
624 949 769 1004 accepi
793 948 1019 1003 epistolas:
1055 961 1180 988 unam
1214 947 1399 996 brevem,
1429 959 1559 1000 quam

135 1003 289 1045 Flacco
311 1005 543 1046 Volumnio
566 1006 767 1057 decleras3
798 1007 902 1046 duas
925 1005 1158 1060 pleniores:
1181 1018 1358 1058 quarum
1383 1002 1558 1042 alteram

133 1061 377 1106 tabellarius
410 1062 461 1106 T.
495 1062 612 1103 Vibii
652 1064 822 1114 attulit3
853 1063 1030 1103 alteram
1066 1062 1117 1102 ad
1152 1075 1218 1101 me
1250 1060 1366 1100 misit
1398 1060 1558 1114 Lupus.

136 1116 205 1158 Ex
231 1119 313 1159 tuis
335 1118 502 1169 litteris,
524 1129 568 1171 et
593 1133 647 1160 ex
680 1120 866 1160 Graeceii
889 1120 1097 1170 oratione,
1127 1133 1210 1159 non
1236 1121 1363 1158 modo
1388 1131 1472 1157 non
1496 1131 1560 1156 re-

135 1175 341 1221 stinctum
366 1176 536 1226 bellum,
558 1176 631 1217 sed
652 1177 781 1217 etiam
805 1177 1118 1217 inflammatum
1141 1175 1318 1215 videtur.
1364 1174 1462 1214 Non
1483 1174 1562 1214 du-

134 1231 228 1274 bito
251 1244 409 1284 autem,
444 1248 519 1288 pro
544 1243 616 1273 tua
638 1232 841 1289 singulari
864 1233 1106 1288 prudentia,
1128 1232 1232 1285 quin
1255 1231 1502 1286 perspicias,
1525 1230 1560 1270 si

134 1288 295 1344 aliquid
319 1290 532 1330 firmitatis
556 1299 705 1330 nactus
735 1290 790 1330 sit
818 1288 1049 1340 Antonius,
1079 1288 1225 1329 omnia
1258 1298 1331 1327 tua
1359 1287 1430 1327 illa
1453 1295 1605 1342 prae-b.

136 1345 250 1386 clara
272 1346 315 1386 in
338 1346 647 1402 rempublicam
675 1346 827 1386 merita
848 1346 900 1386 acl
922 1345 1103 1387 nihilum
1127 1358 1219 1385 esse
1240 1354 1432 1385 ventura.
1495 1343 1564 1384 Ita

134 1401 248 1444 enim
287 1402 473 1444 Romam
516 1412 607 1444 erat
650 1404 915 1454 nuntiatum,
957 1404 1019 1444 ita
1059 1416 1306 1458 persuasum
1348 1400 1565 1451 omnibus,

135 1461 288 1511 ³8cum
323 1460 470 1515 paucis
510 1460 759 1511 inermibus,
794 1461 1028 1516 perterritis
1063 1468 1196 1510 metu,
1233 1458 1371 1499 fracto
1404 1458 1565 1508 animo,

136 1514 299 1572 fugisse
320 1516 576 1557 Antonium.
637 1517 725 1563 Qui
750 1517 782 1558 si
807 1518 867 1557 ita
889 1517 1095 1567 sehabet,
1117 1526 1180 1567 ut,
1201 1514 1566 1570 quemadmodum

138 1573 365 1614 audiebam
402 1573 454 1614 de
486 1573 700 1623 Graeceio,
731 1574 909 1630 confligi
943 1588 1041 1615 cum
1072 1588 1124 1614 eo
1155 1573 1245 1614 sine
1266 1571 1456 1627 periculo
1477 1586 1566 1613 non

139 1631 301 1685 possit:
334 1645 422 1672 non
452 1630 520 1671 ille
552 1631 658 1671 mihi
681 1631 843 1687 fugisse
865 1647 890 1672 a
920 1630 1096 1672 Mutina
1125 1630 1306 1679 videtur,
1330 1629 1401 1669 sed
1423 1627 1568 1670 locum

136 1686 237 1731 belli
260 1687 434 1743 gerendi
458 1697 658 1728 mutasse.
688 1688 854 1744 ,Itaque
876 1688 1070 1729 homines
1094 1687 1164 1729 alii
1187 1685 1291 1726 facti
1314 1695 1436 1727 sunt:
1461 1699 1569 1726 non-

138 1743 242 1784 nulli
277 1744 408 1784 etiam
440 1755 690 1799 queruntur,
725 1745 842 1800 quod
882 1745 1092 1801 persecuti
1123 1758 1210 1785 non
1241 1743 1348 1783 sitis.
1379 1742 1569 1798 opprimi

171 1801 345 1851 otuisse,
368 1802 401 1842 si
425 1801 618 1842 celeritas
640 1802 834 1843 adhibita
851 1813 976 1853 esset,
995 1800 1260 1842 existimant.
1293 1799 1485 1841 Omnino
1505 1808 1571 1839 est

137 1815 223 1902 lioc
241 1858 404 1914 populi,
421 1859 694 1915 maximeque
712 1858 862 1909 nostri,
882 1859 924 1900 in
945 1874 996 1899 eo
1014 1858 1286 1914 potissimum
1304 1856 1423 1897 abuti
1442 1856 1571 1897 liber-

139 1923 245 1966 tate,
256 1929 331 1971 per
351 1929 476 1970 quem
496 1930 591 1957 eam
613 1925 868 1964 consecutus
885 1917 955 1957 sit.
1016 1916 1098 1957 Sed
1122 1925 1266 1956 tamen
1288 1917 1328 1948 39
1342 1913 1572 1970 providen-

139 1971 243 2012 dum
262 1980 344 2023 est,
366 1986 419 2013 ne
440 1987 525 2028 qua
539 1973 660 2027 justa
680 1973 851 2028 querela
871 1988 961 2014 esse
981 1973 1132 2029 possit.
1174 1971 1261 2012 Res
1281 1984 1326 2010 se
1345 1971 1406 2011 sic
1424 1970 1571 2011 habet.

144 2027 188 2069 Is
210 2029 368 2070 bellum
390 2031 640 2080 confecerit,
663 2031 736 2085 qui
755 2030 995 2071 Antonium
1015 2028 1289 2086 oppresserit.
1323 2027 1423 2069 Hoc
1440 2042 1572 2082 quain

143 2085 231 2183 {im
265 2085 438 2138 habeat,
467 2096 510 2128 te
545 2087 793 2129 existimare
832 2088 957 2139 malo,
990 2101 1118 2143 quam
1151 2100 1221 2127 me
1250 2084 1439 2141 apertius
1470 2084 1575 2125 scri-

178 2155 260 2184 ere.

656 2201 1060 2247 ARGUMENTUM.
1117 2233 1121 2235 μ
1555 2177 1559 2189 z
1592 2207 1641 2244 13

144 2262 306 2302 Excusat
323 2263 537 2300 tarditatem
558 2265 594 2299 in
618 2265 862 2312 persequendo
881 2265 1066 2300 Antonio:
1095 2264 1188 2299 etin
1213 2274 1283 2311 quo
1307 2248 1365 2298 *res
1387 2265 1489 2298 statu
1514 2262 1575 2302 sit,
1604 2290 1608 2293 .

784 2318 941 2365 exponit.

185 2424 228 2455 36
240 2425 269 2455 si
280 2435 344 2456 non
352 2425 513 2466 potueris]
531 2425 584 2455 Sic
596 2424 659 2455 Cu.
681 2427 707 2454 l.
722 2426 751 2456 22.
767 2425 839 2455 cdd.
883 2424 999 2461 milvus,
1021 2421 1107 2463 quod
1120 2428 1170 2455 est
1185 2423 1219 2453 in
1235 2422 1307 2453 edd.
1330 2431 1379 2462 pr.
1401 2425 1441 2451 ut
1455 2419 1580 2459 ὅμοιιτὲ-

143 2474 194 2506 pr.
211 2476 276 2497 non
289 2469 420 2506 poteris,
438 2473 474 2498 ut
491 2467 614 2498 habent
628 2466 764 2506 vulgati.
791 2477 840 2497 re-
883 2473 977 2496 λειω-ιι,
990 2468 1149 2497 vitentur.
1193 2467 1245 2496 Sic
1260 2470 1293 2495 et
1308 2464 1373 2495 Gu.
1396 2467 1424 2495 l.
1446 2465 1581 2503 ejusque

120 2535 122 2537 .
145 2511 216 2538 cte..
233 2511 308 2540 nam
327 2510 513 2543 =consolatio
535 2510 586 2546 fit,
603 2518 676 2538 eum
700 2519 750 2539 res
770 2510 841 2539 fieri
882 2509 1019 2548 vestigia
1031 2513 1109 2539 sunt
1120 2515 1153 2538 et
1169 2508 1202 2538 in
1220 2508 1283 2537 Gu.
1300 2509 1331 2538 2.
1552 2535 1561 2539 -

148 2558 214 2581 non
229 2553 350 2591 potuit.
385 2552 521 2583 Victorii
534 2552 583 2582 ed.
600 2551 698 2581 habet
706 2553 841 2591 poterit,
926 2554 968 2585 39
979 2561 1074 2590 prov.
1090 2550 1151 2589 est]
1176 2552 1228 2581 Sic
1244 2550 1326 2579 bene
1341 2548 1500 2584 Graevius,
1517 2547 1580 2578 etsi

147 2593 256 2622 nescio
270 2604 313 2624 an
328 2604 415 2626 casu.
449 2610 453 2614 ·
884 2595 998 2630 tacite,
1013 2593 1114 2623 edidit
1128 2602 1186 2632 pro
1200 2593 1254 2627 sit,
1276 2589 1361 2629 quod
1381 2595 1430 2619 est
1445 2589 1486 2620 ab
1498 2589 1533 2620 h.
1555 2589 1580 2620 1.

171 2636 228 2667 -37
255 2637 317 2670 hvoc-
335 2635 546 2675 consolabere]
573 2636 718 2666 Graevius
739 2636 843 2666 tacita
884 2636 1039 2666 alienum.
1063 2636 1108 2664 sic
1129 2640 1163 2664 et
1177 2635 1228 2664 ed.
1244 2632 1333 2664 Med.
1353 2636 1386 2661 et
1409 2632 1471 2662 Gu.
1497 2634 1524 2662 l.
1545 2631 1582 2667 Si

149 2674 274 2706 addidit
297 2681 337 2708 te.
359 2681 416 2709 hoc
441 2685 472 2709 te
495 2680 704 2714 consolabere.
729 2678 840 2708 malim
884 2679 956 2715 quis
972 2677 1067 2708 malit
1081 2676 1194 2711 deleri,
1210 2685 1275 2707 non
1290 2673 1501 2704 intercedam.
1515 2674 1584 2704 edi-

149 2716 224 2747 adfn'
252 2719 286 2749 in
311 2721 390 2758 fine,
415 2725 467 2758 ut,
494 2721 658 2760 quomodo
678 2720 846 2757 exciderit,
889 2720 921 2749 di
934 2726 967 2750 et
982 2730 1022 2749 ne
1035 2729 1112 2758 qua,
1127 2727 1185 2757 pro
1198 2727 1237 2747 ne
1248 2725 1326 2756 qtcoe,
1338 2722 1376 2746 ut
1387 2725 1500 2746 omnes
1511 2716 1584 2747 edd.

147 2765 314 2798 appareat.
890 2772 938 2802 pr.
961 2769 994 2792 et
1021 2761 1085 2791 Gu.
1116 2764 1142 2790 1.
1165 2764 1196 2791 2.
1219 2759 1359 2790 habent:
1383 2758 1446 2790 etsi
1467 2763 1502 2790 et
1521 2759 1588 2790 hoe

191 2804 231 2833 38
253 2805 453 2843 campaneis
463 2805 610 2844 inermis]
630 2805 702 2835 Etsi
714 2805 849 2834 inermis
890 2804 967 2834 ferri
982 2808 1102 2843 potest.

146 2847 234 2875 recte
249 2844 382 2883 dicitur,
396 2851 510 2877 tamen
524 2847 561 2878 h.
577 2847 600 2876 1.
614 2846 747 2887 praetuli
762 2848 849 2877 iner-
