1817 3196
445 103 524 143 AD
550 102 780 141 APPIUM
807 101 1158 140 PULCHRUM.
1466 109 1515 147 57

91 217 277 261 teneret3
307 222 433 263 quam
458 208 500 248 in
523 215 688 263 partem
714 206 947 263 provinciae
974 205 1161 246 maxime
1183 213 1352 261 putaret
1372 213 1411 246 te
1432 208 1516 249 vel-

87 265 141 317 le,
163 267 275 307 utin
309 265 576 306 succedendo
615 265 799 320 primum
834 264 1037 304 venirem.
1094 262 1204 303 Cum
1230 262 1298 303 ille
1329 263 1432 303 mihi
1454 279 1516 305 re-

88 323 342 378 spondisset,
365 321 469 363 nihil
493 336 562 362 me
590 322 670 361 tibi
705 322 867 378 gratius
900 320 1040 361 facere
1074 334 1209 375 posse,
1232 334 1357 374 quam
1395 322 1427 360 si
1464 321 1517 362 ad

91 379 237 420 Sidam
267 380 560 435 navigassem:
602 380 681 422 etsi
713 379 853 419 minus
885 378 1109 433 dignitatis
1145 377 1331 418 habebat
1355 377 1422 417 ille
1444 378 1631 422 αεὶ-μμ.

92 446 258 487 ventus,
280 446 324 476 et
345 437 396 476 ad
427 435 580 477 multas
609 449 672 476 res
695 436 799 476 milii
823 435 963 475 minus
995 442 1086 475 erat
1119 443 1258 489 aptuS,
1284 443 1425 474 tamen
1460 435 1560 475 itaa·

90 507 160 533 me
189 494 277 534 dixi
314 492 542 534 facturum.
605 492 724 533 Idem
755 507 838 549 ego
867 506 964 533 cum
990 491 1038 532 L.
1074 490 1273 531 Clodium
1310 490 1520 547 Corcyrae

90 550 400 601 convenissem,
423 550 642 590 hominem
676 550 737 590 ita
766 550 844 591 tibi
867 549 1166 604 conjunctum,
1191 558 1236 588 ut
1271 548 1392 599 milii,
1419 563 1520 590 cum

87 606 160 648 illo
180 621 277 647 curn
300 607 507 662 loquerer,
535 616 673 648 tecum
699 608 815 662 loqui
840 607 1030 648 viderer:
1070 606 1160 646 dixi
1192 606 1246 656 ei,
1271 620 1337 646 me
1367 606 1428 646 ita
1459 605 1523 647 fa-

89 672 258 704 cturum
291 678 396 714 esse,
435 673 482 705 ut
516 664 558 704 in
593 678 685 704 eam
726 674 905 719 partem,
934 678 1063 718 quam
1108 662 1275 703 Phania
1314 672 1522 718 rogasset,

90 721 278 775 primum
310 722 512 763 venirem.
570 720 692 762 Tunc
714 721 783 761 ille
806 721 910 761 mibi
933 736 1032 761 cum
1061 720 1219 777 gratias
1240 719 1413 776 egisset,
1432 735 1523 762 ma-

92 792 282 834 gnopere
303 792 329 818 a
353 793 420 819 me
441 778 608 835 petivit,
633 788 680 819 ut
710 778 967 819 Laodiceam
1001 779 1196 834 protinus
1231 777 1360 819 irem:
1404 788 1446 818 te
1478 779 1524 819 in

91 835 230 890 prima
248 836 470 892 provincia
485 835 588 876 velle
606 850 711 887 esse,
727 846 773 876 ut
789 850 916 891 quam
936 836 1119 891 primum
1137 834 1386 877 decederes:
1405 835 1526 890 quin,

90 892 173 933 nisi
196 907 278 949 ego
306 907 524 934 successor
544 907 695 943 essem,
718 907 845 948 quem
868 902 912 933 tu
937 907 1113 948 cuperes
1145 891 1301 942 videre,
1326 901 1366 932 te
1385 902 1526 944 antea,

91 963 220 1004 quam
244 950 322 991 tibi
343 964 583 991 successum
604 960 728 1001 esset,
747 950 1018 991 decessurum
1041 950 1194 990 fuisse:
1219 948 1335 1004 quod
1352 950 1527 1004 quidem

91 1016 183 1047 erat
214 1017 549 1048 consentaneum
581 1023 679 1049 cum
714 1008 765 1048 iis
786 1007 953 1058 litteris,
973 1023 1077 1063 quas
1115 1021 1198 1063 ego
1223 1006 1376 1047 Romae
1406 1021 1528 1048 acce-

94 1077 264 1118 peram:
307 1078 360 1105 ex
384 1065 541 1119 quibus
566 1065 833 1120 perspexisse
857 1065 960 1105 mihi
986 1065 1173 1115 videbar,
1203 1078 1332 1119 quam
1352 1063 1530 1106 festina·

94 1134 159 1161 res
192 1121 413 1162 decedere.
476 1122 695 1177 Respondi
732 1121 902 1171 Clodio,
926 1137 993 1162 me
1016 1122 1077 1162 ita
1105 1136 1195 1162 esse
1227 1121 1456 1172 facturum,
1479 1136 1531 1163 ac

94 1177 231 1218 multo
253 1178 426 1233 quidem
446 1178 662 1230 libentius,
682 1193 810 1233 quarn
831 1179 864 1218 si
887 1178 989 1219 illud
1007 1188 1118 1218 esset
1135 1178 1396 1229 faciendum,
1414 1178 1532 1234 quod

95 1235 372 1290 promiseram
398 1235 591 1277 Phaniae.
656 1238 690 1268 ¹7
710 1235 863 1290 Itaque
896 1245 939 1275 et
960 1235 1186 1276 consilium
1218 1236 1397 1287 mutavi,
1413 1246 1456 1276 et
1477 1236 1533 1277 ad

96 1301 138 1332 te
161 1292 305 1332 statim
327 1305 423 1332 mea
444 1307 573 1332 manu
596 1291 774 1347 scriptas
798 1293 959 1332 litteras
982 1292 1104 1334 misi:
1137 1307 1242 1348 quas
1265 1292 1454 1346 quidem,
1476 1306 1533 1335 ex

97 1348 181 1389 tuis
204 1348 356 1389 litteris
379 1349 586 1400 intellexi,
609 1350 711 1390 satis
735 1359 899 1390 mature
920 1349 973 1390 ad
996 1359 1037 1390 te
1059 1363 1149 1390 esse
1174 1349 1369 1405 perlatas.
1432 1349 1534 1392 Hoc

96 1419 180 1460 ego
201 1419 296 1446 meo
325 1405 441 1447 facto
466 1406 586 1448 valde
604 1406 806 1448 delector.
838 1407 944 1448 nihil
965 1408 1080 1448 enim
1104 1407 1246 1463 potuit
1273 1407 1363 1447 fieri
1386 1421 1534 1449 aman-

97 1462 198 1503 tius.
260 1462 498 1504 Considera
520 1478 632 1504 nunc
663 1464 852 1505 vicissim
883 1474 1019 1505 tuum.
1081 1464 1182 1505 Non
1203 1464 1333 1505 modo
1353 1464 1414 1505 ibi
1446 1479 1535 1506 non

99 1519 235 1571 fuisti,
271 1520 342 1560 ubi
376 1535 442 1561 me
471 1535 599 1575 quam
636 1522 818 1576 primum
854 1521 996 1562 videre
1019 1536 1179 1578 posses,
1197 1521 1271 1562 sed
1297 1536 1348 1562 eo
1371 1521 1532 1563 disces-

97 1576 206 1627 sisti,
228 1592 314 1631 quo
336 1591 418 1633 ego
439 1587 479 1618 te
503 1593 554 1618 ne
574 1579 768 1633 persequi
788 1578 962 1633 quidem
982 1593 1150 1634 possem
1174 1579 1353 1634 triginta
1368 1578 1534 1631 diebus,

95 1633 168 1688 qui
190 1633 266 1674 tibi
287 1634 337 1675 ad
361 1635 652 1676 decedendum
684 1636 777 1691 lege
795 1640 862 1688 (ut
884 1637 1057 1691 opinor)
1078 1635 1280 1678 Cornelia
1304 1636 1532 1678 constituti

96 1699 264 1732 essent:
312 1702 360 1732 ut
384 1701 506 1733 tuum
533 1691 712 1746 factum,
735 1695 824 1748 qui,
845 1708 931 1748 quo
966 1693 1110 1734 animo
1145 1694 1255 1733 inter
1288 1699 1365 1734 nos
1388 1694 1536 1745 simus,

95 1747 313 1803 ignorant,
349 1748 476 1789 alieni
506 1748 694 1790 hominis
727 1755 795 1803 (ut
828 1749 1041 1791 levissime
1073 1750 1234 1800 dicam)
1263 1759 1307 1791 et
1328 1750 1537 1806 fugientis

96 1819 374 1861 congressum
395 1823 406 1858 ;
436 1821 579 1847 meum
603 1821 718 1858 vero,
741 1807 1085 1862 conjunctissimi
1107 1816 1150 1848 et
1173 1807 1423 1849 amicissimi
1445 1821 1538 1849 esse

100 1861 307 1904 videatur.
366 1862 432 1904 Ac
462 1864 568 1904 mihi
593 1873 735 1905 tamen
766 1874 879 1915 ante,
901 1879 1031 1920 quam
1061 1865 1104 1905 in
1129 1865 1395 1921 provinciam
1419 1866 1538 1906 veni-

98 1933 203 1970 rem,
222 1919 400 1962 redditae
423 1931 523 1962 sunt
540 1936 566 1962 a
587 1932 629 1963 te
650 1922 825 1964 litterae:
857 1923 1015 1977 quibus
1036 1922 1115 1963 etsi
1141 1932 1181 1963 te
1202 1921 1382 1964 Tarsum
1405 1922 1580 1978 profi-bb

98 1976 200 2017 cisci
222 1977 558 2029 deinonstrabaS,
585 1990 725 2020 tamen
746 1980 851 2020 mihi
875 1994 960 2020 non
983 1980 1159 2020 dubiam
1189 1993 1309 2035 spem
1331 1980 1414 2021 mei
1434 1995 1539 2022 con-

98 2034 299 2076 veniendi
332 2035 560 2077 afferebas:
594 2051 691 2077 cum
732 2037 908 2088 interea,
937 2037 1065 2078 credo
1099 2037 1313 2092 equidem,
1346 2036 1539 2079 malivoli

99 2089 312 2143 homines,
334 2092 437 2145 (late
467 2094 580 2134 enim
614 2103 733 2149 patet
762 2093 845 2134 hoc
864 2095 1032 2145 vitium,
1051 2103 1095 2135 et
1123 2097 1158 2125 ¹3
1172 2107 1236 2134 est
1274 2095 1317 2134 in
1352 2095 1536 2147 multis,)

101 2147 174 2189 sed
196 2157 339 2190 tamen
363 2151 630 2205 probabilem
654 2152 874 2192 materiam
894 2153 1009 2192 nacti
1029 2151 1251 2202 sermonis,
1268 2151 1406 2206 ignari
1430 2166 1540 2194 meae

100 2206 371 2256 constantiae,
393 2208 661 2249 conabantur
680 2208 862 2249 alienare
881 2223 906 2249 a
929 2219 969 2249 te
987 2208 1252 2249 voluntatem
1272 2223 1409 2250 meam
1431 2227 1439 2251 :
1463 2210 1540 2266 qui

101 2272 144 2302 te
177 2261 317 2303 forum
355 2262 475 2304 Tarsi
505 2279 647 2321 agere,
670 2275 855 2306 statuere
890 2266 1036 2316 multa,
1069 2266 1310 2317 decernere,
1326 2266 1540 2322 judicare,

101 2318 307 2370 dicerent,
326 2335 423 2360 cum
447 2322 690 2377 poss‘esjam
709 2323 931 2378 suspicari,
950 2323 1030 2363 tibi
1049 2337 1140 2364 esse
1159 2338 1424 2366 successum:
1441 2339 1541 2380 quae

106 2389 160 2416 ne
189 2377 244 2418 ab
267 2376 316 2417 iis
350 2377 523 2432 quidem
554 2379 644 2419 fieri
669 2378 866 2429 solerent,
888 2380 962 2435 qui
986 2381 1103 2421 brevi
1126 2390 1320 2436 tempore
1342 2381 1423 2421 sibi
1447 2397 1543 2422 suc-

102 2433 196 2473 cedi
237 2443 451 2490 putarent.
514 2435 684 2477 Horum
720 2451 802 2493 ego
836 2451 1031 2478 sermone
1062 2452 1149 2478 non
1179 2439 1401 2480 movebar.
1437 2439 1543 2494 quin

103 2490 234 2532 etiam
266 2491 432 2544 (credas
465 2493 572 2534 mihi
597 2493 743 2545 velim)
766 2494 800 2535 si
832 2494 936 2550 quid
956 2504 1002 2536 tu
1031 2509 1193 2553 ageres,
1214 2495 1345 2537 levari
1368 2509 1436 2536 me
1464 2510 1544 2552 pu-

105 2603 156 2634 nis
177 2603 232 2634 hic
253 2615 436 2644 pronomen
458 2606 631 2645 desiderat,
645 2609 731 2648 quod
747 2618 805 2641 no·
849 2609 920 2641 scil.
937 2611 1014 2649 quia
1026 2609 1138 2641 durius
1153 2614 1216 2648 est,
1234 2615 1272 2641 ut
1286 2609 1380 2641 solet.

105 2646 166 2676 stri
181 2645 331 2678 homines
352 2649 499 2688 profecto
513 2651 706 2681 omitterent
718 2663 728 2681 ι
752 2651 807 2682 sed
895 2655 932 2683 18
954 2656 1002 2682 est
1011 2653 1097 2682 enim
1112 2653 1148 2682 in
1163 2653 1288 2692 multis]
1314 2653 1366 2682 Sic
1380 2661 1457 2682 sane
1471 2651 1546 2683 libri

106 2691 221 2718 tamen
248 2689 362 2720 malim
386 2691 461 2730 ipse.
488 2691 636 2723 latinitas
661 2693 809 2734 postulat
850 2704 912 2725 scr.
938 2695 1048 2731 multi,
1063 2695 1163 2725 etiam
1179 2700 1302 2731 noster,
1317 2699 1351 2724 et
1373 2694 1437 2726 Gu.
1485 2694 1549 2725 Sed

108 2731 199 2769 apud
211 2735 242 2761 te
255 2732 320 2771 ipse
334 2738 393 2762 aut
407 2733 472 2763 ille.
849 2736 928 2775 ali'13
945 2743 978 2767 et
992 2736 1063 2768 edd.
1081 2746 1129 2777 pr.
1144 2741 1175 2768 et
1197 2741 1244 2771 esc
1257 2738 1290 2769 in
1305 2746 1349 2769 m.
1364 2735 1449 2777 quod
1471 2745 1548 2768 cum

157 2775 190 2806 17
215 2773 332 2814 Itaque
345 2779 376 2805 et
389 2776 559 2806 consilium
573 2776 634 2816 m.]
659 2777 806 2808 Gebhar-
849 2778 979 2812 Graevio
994 2779 1152 2813 revocavi.

109 2810 168 2844 dus
196 2824 214 2846 e
236 2814 360 2847 duobus
396 2818 524 2861 scriptis
551 2819 601 2850 ica
636 2820 806 2861 praetulitt.
