1903 3218
300 613 333 642 b.

278 865 331 901 25

343 104 420 139 262
711 102 889 140 EPIST.
917 102 1102 142 LIBER
1128 103 1399 140 DECIMUS

347 219 485 255 nemo,
519 213 674 261 praeter
705 220 788 247 me.
819 221 1051 262 numquam
1083 208 1194 248 enim
1231 206 1476 270 obliviscar,
1497 206 1688 247 maxima
1716 219 1769 247 ac

346 261 528 359 {ihu-ima
551 276 618 302 me
641 262 720 304 tibi
743 263 910 304 debere.
958 263 1024 305 De
1047 263 1111 305 his
1134 265 1273 315 rebus,
1297 273 1341 304 ut
1364 264 1557 319 exigeret
1579 277 1678 303 cum
1698 276 1767 312 eo,

385 319 507 360 urnio
530 319 744 360 mandavi.
789 321 971 370 Quodsi,
989 321 1030 354 96
1043 331 1245 385 quantam
1269 321 1419 370 debeo,
1444 321 1632 360 habuero
1655 318 1770 374 apud

345 390 442 416 eum
474 377 789 426 auctoritatem,
828 377 1056 432 plurimum
1087 378 1224 441 ipsum
1252 378 1422 432 juvero.
1484 376 1575 417 Nos
1607 377 1769 417 interea

344 432 514 473 duriore
544 433 791 474 conditione
816 434 972 473 bellum
995 435 1278 484 sustinemus,
1294 433 1409 489 quod
1434 447 1570 488 neque
1591 432 1769 488 expedi-

347 489 554 530 tissimum
585 490 907 529 dimicationem
943 500 1156 551 putamus,
1187 504 1323 544 neque
1351 501 1491 531 tamen
1516 489 1769 545 refugiendo

346 546 614 587 commissuri
641 560 800 595 sumus,
831 556 878 586 ut
909 560 965 586 n.‹
955 560 1047 599 aJus
1069 546 1372 587 detrimentum
1395 546 1620 610 respublic
1613 562 1637 587 ι
1658 560 1770 586 acei-

350 617 446 658 pere
470 602 617 657 possit.
666 602 833 648 Quodsi
857 611 931 643 aut
955 603 989 638 (
977 617 1100 643 aesar
1121 617 1165 644 se
1186 604 1436 658 respexerit,
1457 616 1531 645 aut
1551 603 1770 644 Africanae

347 660 537 714 legiones
559 658 752 700 celeriter
776 660 982 709 venerint,
1013 674 1182 700 securos
1207 673 1281 700 vos
1304 661 1357 701 ab
1383 660 1461 701 hac
1484 671 1601 723 parte
1623 659 1771 701 redde·
1794 707 1800 714 ι

346 731 455 756 mus.
515 715 594 765 'lu,
618 727 665 755 ut
687 716 926 765 instituisti,
951 730 1017 756 me
1038 716 1191 772 diligas
1215 730 1336 771 rogo,
1364 731 1618 772 proprieque
1649 727 1768 757 tuum

345 788 450 824 esse,
476 773 554 814 tibi
579 772 846 828 persuadeas.
909 772 960 813 V.
986 772 1082 813 Kal.
1106 777 1144 807 97
1161 773 1323 826 [Sext]
1348 788 1401 814 ex
1425 774 1588 814 eastris.

858 860 1259 899 ARGUMENTUM.

367 923 531 960 Modeste
548 923 777 972 reprehendit
796 925 834 959 in
853 924 985 960 Furnio
1000 936 1269 973 praeproperam
1283 923 1749 973 proeturaefestinationem.

716 990 952 1033 CICERO
985 992 1029 1032 S.
1055 991 1112 1033 D.
1146 990 1401 1033 FURNIO.

345 1047 408 1102 Sl
439 1058 631 1109 interest,
662 1058 703 1099 id
725 1059 840 1113 quod
862 1059 1058 1100 homines
1081 1060 1355 1109 arbitrantur,
1378 1058 1624 1114 reipublicae
1648 1068 1704 1109 te,
1726 1068 1774 1100 ut

345 1115 570 1156 instituisti
593 1124 721 1170 atque
751 1115 907 1166 fecisti,
928 1130 1084 1157 navare
1105 1131 1294 1172 operam,
1325 1117 1534 1170 rebusque
1559 1115 1773 1166 maximis,

344 1187 441 1227 quae
471 1173 523 1213 ad
557 1174 893 1228 exstinguendas
928 1172 1125 1228 reliquias
1160 1173 1255 1214 belli
1284 1173 1513 1229 pertinent,
1544 1173 1770 1214 interesse:

343 1229 453 1270 nihil
477 1229 630 1270 videris
652 1230 818 1281 melius,
850 1245 988 1285 neque
1010 1230 1278 1281 laudabilius,
1309 1243 1446 1284 neque
1468 1229 1688 1270 honestius
1711 1229 1773 1270 fa-

345 1300 441 1327 cere
472 1300 609 1342 posse,
638 1286 850 1341 istamque
884 1301 1055 1342 operam
1082 1296 1213 1337 tuam,
1241 1287 1491 1336 navitatem,
1516 1287 1706 1327 animum
1729 1286 1772 1326 in

343 1343 655 1399 rempublicam
700 1343 906 1384 celeritati
942 1354 1140 1399 praeturae
1176 1343 1570 1398 &anteponendam
1602 1357 1771 1384 censeo.

346 1399 462 1441 Nolo
492 1414 606 1440 enim
644 1409 686 1440 te
722 1400 934 1455 ignorare,
969 1410 1173 1455 quantam
1205 1400 1371 1441 laudem
1403 1409 1657 1441 consecutus
1689 1400 1771 1441 sis:

295 1494 298 1497 .
344 1456 604 1505 mihicrede,
618 1471 859 1511 proximam
875 1457 1033 1498 Planco
1038 1457 1208 1512 ‚idque
1201 1458 1332 1511 ipsius
1349 1456 1495 1497 Planci
1510 1457 1771 1506 testimonio,

216 2169 248 2200 p.
267 2157 335 2189 160.

345 1523 565 1577 praeterea
563 1513 678 1553 fama
688 1524 952 1569 scientiaque
965 1528 1170 1554 omnium.
1198 1514 1492 1558 Quamobrem
1507 1513 1539 1553 si
1554 1513 1656 1567 quid
1670 1526 1773 1569 ope-

344 1585 401 1610 ris
417 1570 496 1611 tibi
511 1570 640 1611 etiam
658 1585 771 1610 nunc
788 1580 931 1620 restat,
945 1571 984 1611 id
1005 1571 1194 1611 maximo
1212 1584 1338 1625 opere
1352 1583 1503 1610 censeo
1519 1583 1773 1624 persequen-

344 1627 462 1668 dum.
502 1627 620 1674 Quid
631 1641 745 1668 emm
760 1627 1188 1682 honestius,autquid
1205 1627 1383 1667 honesto
1398 1627 1773 1681 anteponendum?

346 1685 421 1725 Sin
445 1694 587 1725 autem
606 1684 873 1725 satisfactum
894 1684 1139 1740 reipublicae
1155 1693 1293 1739 putem,
1306 1683 1499 1724 celeriter
1511 1683 1562 1723 ad
1580 1683 1772 1734 comitia,

345 1742 572 1796 99ssquand0
609 1750 773 1781 mature
806 1741 949 1782 futura
986 1751 1098 1791 sunt,
1135 1741 1390 1781 veniendum
1425 1754 1604 1781 censeo:
1649 1741 1773 1780 dum-

344 1798 475 1838 modo
504 1801 628 1837 100ne
660 1798 761 1852 quid
791 1797 884 1839 haec
914 1798 1143 1838 ambitiosa
1175 1797 1394 1838 festinatio
1426 1797 1652 1837 imminuat
1680 1797 1773 1851 ejus

346 1854 512 1910 gloriae,
534 1869 662 1908 quam
685 1855 903 1895 consecuti
928 1870 1088 1895 sumus.
1149 1853 1279 1895 Multi
1310 1853 1531 1894 clarissimi
1556 1854 1649 1903 viri,
1671 1868 1771 1894 cum

347 1911 598 1966 reipublicae
621 1911 771 1951 darent
793 1926 981 1967 operam,
1009 1926 1167 1952 annum
1192 1911 1412 1967 petitionis
1436 1925 1522 1951 suae
1547 1925 1629 1950 non
1654 1911 1774 1951 obie-

347 1976 459 2009 runt.
523 1968 654 2014 Quod
684 1982 735 2008 eo
767 1967 935 2009 facilius
970 1969 1095 2009 nobis
1131 1977 1210 2018 est,
1245 1968 1359 2023 quod
1396 1972 1507 2007 'non
1542 1977 1605 2007 est
1635 1981 1770 2008 annus

348 2025 419 2066 hic
445 2025 522 2065 tibi
546 2025 799 2076 destinatus,
823 2035 884 2075 ut,
907 2026 939 2066 si
964 2025 1097 2066 aedilis
1125 2025 1290 2076 fuisses,
1310 2033 1408 2080 post
1430 2024 1650 2064 biennium
1673 2034 1770 2065 tuus

348 2097 483 2123 annus
504 2092 630 2122 esset
691 2081 821 2123 Nunc
848 2082 956 2123 nihil
990 2083 1317 2137 praetermittere
1340 2082 1537 2122 videbere
1562 2081 1704 2122 usitati
1727 2090 1772 2122 et

348 2139 468 2194 quasi
490 2138 672 2195 legitimi
697 2140 902 2203 temporis
925 2139 975 2180 ad
1001 2140 1246 2203 petendum.
1271 2139 1408 2180 Vidco
1430 2148 1587 2188 autem,
1611 2137 1772 2179 Planco

328 2196 538 2247 ·consule,
559 2197 638 2237 etsi
661 2197 791 2237 etiam
815 2211 906 2237 sme
931 2211 981 2237 eo
1012 2197 1197 2237 rationes
1229 2196 1452 2252 expeditas
1483 2195 1675 2246 haberes,
1709 2205 1772 2236 ta-

385 2310 426 2343 96
441 2313 600 2349 quantam
613 2309 718 2348 debeo]
736 2309 855 2349 Vulgg.
868 2315 1039 2350 qnantum,
1081 2314 1144 2347 est,
1159 2319 1223 2349 qua
1238 2309 1451 2345 latinitatem,
1469 2313 1504 2338 at
1519 2307 1689 2348 vulgatum
1706 2307 1774 2348 ple-

344 2351 430 2391 quod
446 2352 519 2391 jam
542 2351 683 2381 correxit
704 2352 863 2382 Graevius.
908 2353 960 2381 Sic
976 2352 1040 2381 Ms.
1083 2353 1173 2391 rique
1190 2352 1262 2382 libri
1277 2351 1351 2382 edd.
1369 2358 1401 2380 et
1419 2361 1479 2381 scr.
1497 2350 1629 2381 habent.

344 2403 436 2424 meus
457 2398 490 2423 et
505 2392 577 2423 edd.
602 2393 699 2423 Rom.
721 2393 804 2423 Ven.
833 2395 921 2428 1469.
950 2397 1038 2427 1471.
1126 2399 1166 2428 99
1181 2394 1307 2433 quando
1322 2392 1409 2431 m,f.
1423 2393 1467 2431 5.]
1483 2392 1607 2427 Sit-‚vel
1621 2393 1773 2431 quoniam

344 2437 403 2466 ἀρ.
1084 2435 1162 2466 Μ55.
1178 2441 1211 2466 et
1225 2435 1296 2466 edd.
1311 2441 1392 2466 vett.
1408 2435 1452 2465 sic
1468 2440 1500 2464 et
1514 2434 1660 2464 Graevius
1673 2434 1774 2470 dedit,

385 2480 425 2512 97
448 2476 555 2515 Sext]
580 2476 681 2506 Abest
695 2486 714 2508 a
729 2476 809 2508 Mss.
832 2478 1036 2516 quibusdam,
1081 2487 1138 2518 pro
1154 2487 1266 2517 quum.
1283 2478 1374 2508 bene.

341 2520 443 2550 etiam
457 2526 570 2549 nostro
584 2523 619 2548 et
632 2519 934 2550 Gu.2.G01-1.nec
958 2530 1036 2550 con·
1128 2523 1184 2550 100
1200 2529 1239 2549 ne
1251 2518 1595 2558 quid—aliquidimm.
1600 2516 1613 2556 ]
1635 2518 1686 2548 Sic
1699 2518 1775 2550 libri

342 2562 445 2592 sentit
459 2571 534 2591 cum
550 2561 723 2590 consulatu
740 2561 899 2592 bimestri.
934 2562 1038 2602 Supra
1080 2571 1203 2592 omnes.
1247 2562 1310 2591 Sed
1327 2569 1384 2591 aut
1401 2561 1479 2600 quid
1500 2566 1557 2590 rut
1579 2560 1706 2599 aliquid
1718 2561 1774 2592 de-

341 2604 431 2633 aliud
445 2601 631 2642 exemplum
648 2602 832 2634 habuimus.
1079 2603 1223 2633 lendum.
1267 2603 1412 2632 Graevius
1441 2602 1560 2632 delevit
1588 2603 1675 2641 quid.
1711 2613 1772 2643 ego

383 2648 424 2680 98
454 2644 726 2685 anteponendam]
751 2645 817 2676 Alii
845 2650 1037 2684 anteponen-
1078 2646 1206 2684 aliquid
1219 2645 1332 2675 malui.

342 2688 434 2724 dum,
447 2688 487 2717 ad
501 2688 670 2723 ultimum,
686 2688 835 2718 animum
849 2689 1033 2718 referentes.
1124 2690 1134 2716 1
1162 2697 1224 2717 non
1245 2691 1291 2717 est
1313 2688 1364 2716 hic
1385 2696 1492 2716 annus
1505 2686 1563 2716 tibi
1577 2685 1770 2726 destinatus]

342 2729 488 2759 Graevius
516 2729 647 2769 praefert
671 2731 894 2769 anteponenda
923 2741 940 2760 e
970 2730 1034 2761 Ms.
1078 2728 1216 2759 Videtur
1232 2729 1280 2758 ica
1295 2728 1448 2758 excidisse
1469 2733 1542 2768 post
1564 2728 1632 2758 tibi.
1655 2737 1773 2769 nempe

341 2780 412 2807 suo,
430 2773 462 2801 in
478 2782 541 2810 quo
555 2776 626 2801 erat
647 2772 873 2811 anteponendo.
896 2773 941 2802 sic
964 2782 1034 2801 cor—
1078 2771 1144 2801 non
1159 2771 1265 2801 fuerat
1281 2770 1381 2801 aedilis
1395 2770 1526 2801 biennio
1542 2778 1632 2808 ante,
1649 2775 1685 2801 ut
1699 2780 1773 2811 pro-

342 2818 467 2842 rectum
490 2819 539 2843 est
556 2814 588 2843 in
612 2813 675 2844 Μ5.
701 2823 773 2843 meo
789 2824 807 2843 a
821 2824 866 2844 m.
892 2823 955 2844 sec.
979 2814 1033 2844 ubi
1077 2813 1144 2853 prie
1160 2813 1212 2843 hic
1228 2822 1331 2844 annus
1347 2814 1418 2853 ejus
1432 2818 1527 2843 esset.

341 2855 403 2886 fuit
417 2856 687 2895 anteponendum.
710 2855 854 2886 Omnino
871 2857 915 2886 nil
933 2857 1032 2886 inter-
