1865 3223
500 70 575 109 AD
601 72 644 108 G.
663 69 923 108 CASSIUM
948 68 1025 106 ΕΤ
1049 68 1237 108 ALIOS.
1512 76 1587 112 311

151 173 264 218 volo.
286 188 386 217 nam
411 173 518 216 mihi
552 173 636 216 fuit
666 173 748 214 ista
781 171 1006 228 provincia
1039 172 1164 228 plena
1197 172 1370 225 laboris,
1395 175 1588 229 periculi,

149 231 408 274 detrimenti.
442 232 553 279 Quae
576 245 657 286 ego
680 243 732 269 ne
755 227 912 270 frustra
933 228 1153 279 subierim,
1175 243 1282 270 neve
1305 230 1436 285 prius,
1458 245 1585 285 quam

149 288 347 345 reliquias
373 303 480 331 meae
514 285 749 342 diligentiae
784 299 1036 340 consequar,
1059 284 1263 327 decedere
1299 301 1444 342 cogar,
1466 287 1586 330 valde

147 343 310 388 laboro.
357 345 469 387 Nam
492 344 526 385 si
549 342 800 400 potuissem,
821 357 950 398 quam
973 356 1201 398 exegeram
1225 343 1467 398 pecuniam,
1492 345 1584 385 uni-

149 416 310 444 versam
340 403 538 443 mittere:
572 399 847 456 postularem,
881 408 928 440 ut
960 399 1063 441 mihi
1097 399 1421 440 succederetur:
1455 415 1584 453 nunc,

145 460 260 513 quod
298 459 448 501 Cassio
485 457 599 508 dedi,
632 456 745 512 quod
783 455 987 498 Trebonii
1028 467 1166 498 morte
1198 456 1435 507 amisimus,
1469 458 1583 511 quod

144 516 274 557 etiam
305 514 554 558 crudelitate
584 513 837 565 Dolabellae,
860 524 933 554 aut
967 513 1147 568 perfidia
1181 527 1344 564 eorum,
1367 513 1440 569 qui
1477 515 1581 555 mihi

144 572 272 614 fidem
295 572 439 628 reique
461 571 646 628 publicae
669 586 754 612 non
790 571 1098 627 praestiterunt,
1119 570 1161 612 id
1193 571 1398 625 consequi
1421 579 1464 610 et
1487 571 1581 612 refi-

142 643 239 670 cere
263 629 372 670 volo.
431 631 471 658 43
487 627 617 675 Quod
639 627 762 670 aliter
789 642 874 668 non
900 635 1041 684 potest
1063 627 1168 679 fieri,
1193 627 1273 668 nisi
1298 627 1483 683 spatium
1507 627 1582 669 ha-

143 686 291 728 buero.
326 685 383 736 id,
415 695 463 726 ut
499 699 572 742 per
606 695 648 726 te
681 699 932 740 consequar,
959 684 1098 736 velim,
1122 693 1170 726 ut
1203 685 1325 734 solet,
1350 685 1428 725 tibi
1465 699 1579 727 curae

141 741 211 784 sit.
273 741 368 799 Ego
392 756 459 784 me
490 743 543 784 de
578 742 798 798 republica
826 751 929 798 puto
952 755 1042 782 esse
1064 741 1280 792 meritum,
1306 750 1351 782 ut
1373 756 1457 782 non
1482 757 1580 798 pro-

144 798 296 841 vinciae
332 799 452 840 istius
484 799 743 841 beneficium
777 808 1029 856 exspectare
1060 799 1256 850 debeam,
1288 798 1360 839 sed
1397 807 1579 851 tantum,

139 866 348 912 quantum
367 855 540 898 Cassius
558 867 602 897 et
624 856 765 908 Bruti,
782 871 867 897 non
892 855 1027 897 solum
1052 856 1161 897 illius
1187 853 1289 897 facti
1314 855 1578 911 periculique

139 913 358 965 societate,
381 913 450 955 sed
474 914 604 955 etiam
638 913 766 968 hujus
790 913 995 968 temporis
1018 913 1160 954 studio
1182 922 1226 953 et
1250 912 1421 953 virtute.
1484 912 1580 955 Pri-

137 983 232 1011 mus
255 971 370 1011 enim
391 985 474 1028 ego
497 970 612 1028 leges
633 969 846 1012 Antonias
868 970 1003 1026 fregi:
1037 969 1198 1025 primus
1220 970 1459 1025 equitatum
1485 969 1579 1011 Do·

136 1026 301 1069 labellae
337 1028 390 1068 ad
430 1028 738 1084 rempublicam
779 1027 967 1078 traduxi,
1003 1025 1239 1083 Cassioque
1277 1026 1457 1068 tradidi:
1491 1027 1577 1082 pri-

135 1098 230 1125 mus
265 1085 445 1127 dilectus
477 1085 608 1127 habui
641 1099 718 1142 pro
751 1084 885 1126 salute
918 1084 1111 1125 omnium
1140 1094 1291 1125 contra
1312 1083 1620 1139 conjuratio-b,

134 1155 232 1183 nem
268 1141 661 1185 sceleratissimam:
697 1140 810 1183 solus
848 1141 1001 1182 Cassio
1035 1151 1077 1182 et
1108 1140 1358 1196 reipublicae
1391 1140 1577 1196 Syriam,

135 1198 450 1254 exercitusque,
469 1199 542 1254 qui
564 1199 624 1240 ibi
647 1206 783 1249 erant,
804 1197 1028 1252 conjunxi.
1063 1197 1175 1238 Nam
1201 1198 1281 1238 nisi
1304 1212 1387 1253 ego
1411 1207 1575 1239 tantam

135 1255 378 1310 pecuniam,
403 1264 606 1311 tantaque
630 1254 847 1312 praesidia,
868 1264 912 1295 et
935 1263 1021 1294 tam
1043 1253 1238 1295 celeriter
1262 1253 1413 1295 Cassio
1435 1254 1576 1296 dedis-

133 1326 247 1363 sem3
279 1326 332 1353 ne
361 1327 487 1353 ausus
519 1312 690 1367 quidem
725 1319 836 1352 esset
865 1311 924 1352 ire
959 1310 1002 1351 in
1038 1309 1237 1366 Syriam,
1268 1320 1311 1351 et
1344 1325 1458 1352 nunc
1489 1326 1574 1353 non

131 1368 300 1410 minora
323 1368 512 1426 pericula
540 1367 789 1426 reipublicae
811 1383 838 1409 a
864 1366 1091 1409 Dolabella
1121 1367 1344 1418 instarent,
1367 1382 1496 1423 quam
1520 1369 1575 1410 ab

131 1423 342 1467 Antonio.
403 1423 548 1482 Atque
583 1425 678 1467 haec
705 1425 851 1467 omnia
873 1425 907 1466 is
929 1424 1028 1475 feci,
1050 1425 1124 1479 qui
1148 1424 1303 1466 sodalis
1325 1435 1369 1466 et
1391 1423 1574 1466 familia-

131 1481 324 1524 rissimus
356 1481 594 1524 Dolabellae
617 1497 758 1524 eram:
790 1482 1169 1537 conjunctissimus
1204 1482 1413 1538 sanguine
1433 1482 1574 1523 Anto-

129 1539 241 1581 niis:
275 1539 540 1595 provinciam
570 1553 742 1596 quoque
774 1538 944 1580 illorum
977 1537 1189 1580 beneficio
1224 1538 1465 1581 habebam:
1500 1539 1572 1581 sed

129 1596 283 1650 πατρίδι
314 1599 386 1648 ἐμὴν
410 1602 548 1650 μᾶλλον
579 1602 694 1645 φιλῶν,
728 1597 928 1637 omnibus
968 1595 1073 1636 meis
1112 1595 1266 1637 bellum
1309 1596 1470 1652 primus
1508 1596 1572 1636 in-

129 1651 237 1693 dixi.
289 1651 404 1695 Haec
426 1652 506 1694 etsi
528 1651 669 1694 adhuc
690 1667 776 1694 non
800 1667 1060 1709 magnopere
1082 1652 1189 1693 mihi
1212 1651 1358 1694 tulisse
1380 1652 1570 1695 fructum

131 1708 442 1761 animadverto,
467 1718 608 1751 tamen
645 1724 730 1751 non
766 1710 970 1767 despero:
1002 1724 1082 1751 nec
1108 1709 1382 1766 defatigabor
1403 1724 1569 1765 perma-

129 1779 246 1817 nere,
267 1780 354 1807 non
388 1765 525 1808 solum
555 1766 598 1807 in
629 1767 772 1808 studio
794 1766 1020 1818 libertatis,
1044 1766 1115 1807 sed
1138 1767 1269 1807 etiam
1293 1768 1336 1808 in
1359 1766 1505 1807 labore
1526 1776 1568 1808 et

126 1822 340 1878 periculis.
399 1822 605 1865 Attamen
629 1823 663 1864 si
686 1823 816 1865 etiam
849 1823 992 1879 aliqua
1023 1822 1162 1880 gloria
1189 1823 1312 1878 justa
1343 1834 1387 1864 et
1416 1823 1569 1865 merita

126 1880 461 1935 provocabimur
482 1890 652 1922 senatus
684 1891 728 1923 et
759 1881 913 1937 optimi
947 1880 1156 1936 cujusque
1191 1880 1371 1922 officiis:
1405 1880 1567 1935 majore

125 1951 225 1977 cum
247 1937 505 1979 auctoritate
535 1938 648 1993 apud
679 1947 844 1980 ceteros
874 1937 1046 1988 erimus,
1083 1947 1126 1978 et
1156 1951 1207 1977 eo
1239 1937 1333 1993 plus
1367 1938 1566 1993 prodesse

128 1993 380 2050 reipublicae
401 1995 653 2051 poterimus.
714 1994 872 2036 Filium
892 2007 1028 2045 tuum,
1050 1994 1103 2035 ad
1127 1994 1309 2036 Brutum
1333 2009 1431 2035 cum
1452 1994 1565 2046 veni,
1586 2018 1591 2022 ·

125 2050 268 2092 videre
290 2065 377 2092 non
399 2052 538 2108 potui,
560 2052 656 2093 ideo
677 2052 793 2107 quod
821 2051 916 2107 jam
950 2053 991 2092 in
1021 2051 1202 2093 hiberna
1222 2066 1319 2092 cum
1343 2051 1562 2107 equitibus

123 2116 216 2149 erat
239 2107 480 2164 profectus:
513 2109 601 2159 sed,
624 2109 788 2150 medius
811 2109 952 2159 fidius,
974 2123 1024 2149 ea
1045 2122 1135 2149 esse
1154 2123 1251 2149 eum
1275 2108 1497 2165 opinione,
1519 2117 1562 2150 et

124 2173 212 2215 tua,
234 2174 277 2206 et
299 2165 447 2221 ipsius,
469 2174 512 2206 et
533 2166 575 2206 in
599 2165 747 2222 primis
771 2180 866 2207 mea
885 2180 1028 2216 causa,
1050 2165 1234 2221 gaudeo.
1267 2164 1427 2207 Fratris
1445 2165 1559 2207 enim

120 2219 217 2262 loco
240 2221 346 2263 mihi
368 2231 447 2274 est,
468 2224 541 2278 qui
564 2236 618 2263 ex
643 2232 685 2263 te
707 2232 847 2274 natus,
871 2232 997 2279 teque
1018 2222 1176 2278 dignus
1197 2231 1276 2264 est.
1338 2222 1457 2264 Vale.
1503 2221 1560 2264 D.

124 2291 225 2320 1111.
250 2277 434 2321 Kalend.
454 2279 560 2322 Jun.
584 2279 754 2336 Pergae.

634 2352 1038 2390 ARGUMENTUM.
1575 2366 1623 2402 15

117 2401 190 2440 Res
207 2416 231 2440 α
247 2415 285 2440 se
301 2409 424 2453 gestas
439 2406 583 2455 publice
599 2410 799 2442 memorat:
827 2407 866 2442 in
885 2405 1048 2442 Rhodios
1066 2405 1249 2443 invehitur
1261 2422 1272 2443 :
1294 2406 1337 2442 de
1355 2405 1557 2442 Dolabella

702 2462 814 2506 grata
831 2462 973 2496 narrat.

137 2515 189 2558 P-.
223 2516 561 2570 LENTULUS,
585 2519 635 2561 P.
660 2519 710 2561 F.
745 2518 1076 2566 PROQUAET.
1110 2517 1336 2561 PROPR.
1371 2516 1535 2559 COSS.

190 2573 448 2618 ⁴PRAE'I'T.
479 2576 684 2618 TRIBB.
719 2577 809 2619 PL.
842 2576 976 2618 SEN.
1008 2576 1059 2618 P.
1083 2576 1142 2624 Q.
1166 2576 1222 2618 R.
1256 2575 1300 2616 S.
1326 2574 1375 2615 Ρ.
1402 2573 1458 2615 D.

121 2630 184 2684 SI
206 2642 370 2695 valetis,
392 2644 602 2701 liberique
623 2645 678 2687 V.
702 2645 756 2687 V.
780 2645 833 2686 B.
859 2644 910 2686 E.
934 2645 987 2687 V.
1025 2645 1192 2686 Scelere
1218 2642 1455 2685 Dolabellae
1478 2657 1557 2699 op-

121 2709 265 2754 pressa
286 2699 404 2767 Asia,
423 2702 466 2743 in
493 2702 737 2759 proximam
760 2702 1028 2759 provinciam
1054 2700 1377 2751 Macedoniam,
1410 2699 1558 2757 praesi-

159 2815 200 2844 43
216 2812 316 2855 ,Quod
327 2815 531 2846 aliter—nisi
541 2825 568 2848 s.
581 2815 628 2856 la]
645 2815 810 2848 Excidisse
825 2819 906 2856 puto
918 2816 947 2846 .ςί
960 2818 1034 2857 post
1049 2815 1124 2852 nisi,
1137 2818 1271 2856 propter
1283 2806 1417 2844 verbum
1429 2813 1537 2844 aliter.

804 2872 835 2899 x
855 2864 883 2899 4
