1865 3223
283 1258 318 1292 b.

323 130 401 164 420
576 127 753 164 EPIST.
781 128 961 166 LIBER
988 129 1487 171 SEXTUSDECIMUS

323 229 471 270 dinum
495 230 742 286 petiturum.
801 231 1058 288 Accepimus
1091 234 1382 278 conditiones:
1415 236 1486 277 sed
1516 236 1589 288 ita,
1612 246 1658 278 ut
1681 250 1744 278 re-

323 295 494 327 moveat
528 287 725 342 praesidia
746 301 800 329 ex
830 289 893 329 his
918 291 1034 339 lo-;·is·,
1068 306 1162 345 quac
1186 293 1427 347 occupavit,
1450 303 1496 333 ut
1517 294 1606 333 sine
1628 303 1742 334 metu

324 342 376 383 de
399 342 449 383 iis
472 343 574 398 ipsis
593 344 914 385 conditionibus
943 346 1091 388 Romae
1117 359 1285 388 senatus
1317 349 1459 389 haberi
1486 351 1635 405 possit.
1695 349 1749 391 ld*

325 398 394 439 ille
416 399 448 439 si
472 399 636 451 fecerit,
667 415 760 456 spes
783 411 846 441 est
870 403 983 456 pacis
1007 418 1091 443 non
1116 403 1318 446 liouestae.
1343 406 1455 460 leges
1474 407 1584 446 enim
1609 407 1748 461 impo-

325 465 497 497 nuntur.
535 457 606 497 sed
640 457 809 511 quidvis
840 468 903 498 est
928 458 1091 509 melius,
1123 475 1248 514 quam
1282 462 1341 502 sic
1374 476 1477 512 esse,
1508 473 1553 503 ut
1585 468 1744 503 suin'us.

327 512 402 552 Sin
440 520 582 553 autem
622 513 689 553 ille
717 514 802 554 suis
835 514 1154 557 conditionibus
1196 527 1306 557 stare
1340 518 1547 560 nolucrit:
1593 519 1749 559 bellum

325 578 519 623 paratum
543 578 628 620 est3
659 570 869 624 ejusmodi
893 581 1049 622 tamen,
1071 574 1183 627 quod
1209 574 1412 615 sustinere
1445 576 1512 616 illc
1536 591 1618 616 non
1652 590 1748 631 pos-

326 626 395 675 sit,
419 626 655 680 praesertim
689 641 783 666 cum
820 642 843 667 a
867 628 951 668 suis
987 629 1306 670 conditionibus
1330 631 1418 686 ipse
1443 633 1625 687 fugerit:
1659 643 1753 672 tan-

327 681 550 722 tummodo
571 691 619 723 ut
641 697 736 723 eum
771 684 1116 737 intercludamus,
1149 701 1199 726 ne
1222 687 1273 727 ad
1297 689 1443 728 urbem
1477 689 1609 744 possit
1632 702 1753 730 acce·

326 738 443 788 (lere3
475 739 590 793 quod
613 741 886 794 sperabamus
910 741 997 782 fieri
1023 757 1158 796 posse.
1214 743 1415 784 Delectus
1436 746 1546 785 enim
1570 759 1754 800 magnos

326 794 615 837 habebamus:
649 797 988 852 putabamusque
1012 799 1128 840 illurn
1159 809 1360 852 metuere,
1383 801 1415 841 si
1446 801 1498 842 ad
1523 802 1666 842 urbem
1689 802 1749 842 ire

328 851 548 906 coepisset,
571 865 623 893 ne
646 853 808 895 Gallias
834 855 1074 897 amitteret:
1098 871 1201 911 quas
1224 858 1368 897 ambas
1391 858 1521 898 habet
1543 858 1750 898 inimicis-

329 908 471 959 simas,
493 918 648 964 praeter
669 908 1019 966 Transpadanos:
1052 927 1104 954 ex
1131 913 1426 969 Hispaniaque
1449 929 1522 955 sex
1546 913 1748 970 legiones,

328 974 371 1005 et
393 979 549 1021 magna
565 966 738 1018 auxilia,
755 967 935 1009 Afranio
958 977 1001 1010 et
1024 969 1194 1011 Petreio
1212 971 1407 1022 ducibus,
1424 971 1553 1012 habet
1571 986 1595 1011 a
1614 980 1751 1026 tergo.

328 1022 523 1073 Videtur,
558 1023 590 1063 si
632 1023 827 1075 insaniet,
863 1039 987 1080 posse
1019 1027 1221 1082 opprimi,
1254 1028 1381 1068 modo
1407 1037 1454 1068 ut
1491 1029 1593 1068 urbe
1624 1027 1751 1068 salva.

330 1077 578 1119 Maximam
606 1088 747 1121 autem
783 1082 952 1138 plagam
987 1084 1166 1139 accepit,
1199 1084 1312 1138 quod
1357 1085 1404 1134 is,
1443 1085 1514 1139 qui
1545 1099 1754 1125 summam

328 1136 627 1177 auctoritatem
652 1137 695 1177 in
720 1133 830 1180 illius
852 1141 1042 1180 exercitu
1068 1140 1267 1191 habebat,
1289 1140 1339 1180 T.
1369 1142 1592 1191 Labienus,
1614 1141 1754 1182 socius

331 1192 498 1233 sceleris
516 1207 605 1233 esse
624 1194 782 1237 noluit:
817 1197 986 1251 reliquit
1017 1197 1148 1248 illum,
1177 1206 1219 1237 et
1240 1198 1462 1238 nol-Asculi}
1485 1207 1572 1239 cst:
1609 1197 1753 1238 inulti-

332 1264 414 1303 que
436 1249 548 1291 idem
571 1250 724 1292 facturi
748 1266 838 1293 esse
868 1253 1080 1295 dicuntur.
1143 1253 1235 1309 Ego
1260 1255 1397 1295 adbuc
1421 1270 1506 1295 orac
1530 1255 1757 1295 maritimae

332 1321 514 1361 praesum
535 1322 559 1347 a
579 1307 774 1351 Formiis.
805 1309 980 1350 Nullum
1000 1312 1134 1366 majus
1158 1313 1375 1366 negotium
1401 1311 1614 1366 suscipere
1627 1311 1758 1361 volui,

329 1378 414 1417 quo
436 1364 527 1419 plus
555 1365 668 1416 apud
701 1365 816 1410 illum
852 1381 958 1407 meze
991 1368 1143 1409 littcrae
1179 1370 1582 1422 cohortationesque
1603 1369 1654 1409 ad
1682 1382 1755 1424 pa-

328 1434 422 1460 cem
457 1421 658 1461 valerent.
719 1423 794 1462 Sin
827 1433 966 1464 autem
1002 1425 1083 1465 erit
1115 1424 1285 1474 bellum,
1311 1426 1521 1465 videorne
1543 1424 1689 1465 castris
1712 1436 1756 1465 et

330 1477 456 1517 certis
489 1476 730 1532 legionibus
767 1480 1063 1535 praefuturum.
1126 1480 1279 1522 Habeo
1316 1483 1443 1521 ctiam
1475 1481 1588 1522 illam
1628 1480 1758 1522 mole-

331 1534 472 1584 stiam,
514 1535 628 1589 quod
667 1535 893 1577 Dolabella
929 1547 1072 1578 noster
1109 1539 1221 1593 apud
1257 1538 1471 1579 (Jaesarem
1507 1547 1584 1579 est.
1648 1537 1759 1578 Haec

332 1591 412 1631 tibi
438 1600 539 1633 nota
559 1606 650 1632 esse
672 1592 814 1635 volui:
846 1608 942 1648 quae
976 1610 1078 1635 cave
1111 1610 1164 1635 nc
1197 1604 1238 1635 te
1273 1595 1536 1650 perturbent,
1558 1605 1600 1635 et
1624 1594 1759 1650 impe-

332 1647 453 1688 diant
493 1647 770 1690 valitudinem
813 1659 946 1691 tuam.
1016 1651 1110 1707 Ego
1154 1651 1206 1693 A.
1250 1652 1445 1702 Varroni,
1489 1665 1613 1707 quem
1659 1665 1759 1692 cum

332 1705 671 1746 amantissimum
695 1707 778 1747 mci
801 1708 1002 1763 cognovi,
1018 1717 1107 1750 tum
1128 1710 1255 1749 etiam
1281 1708 1400 1750 valde
1421 1709 1481 1749 tui
1504 1707 1763 1761 studiosum,

333 1761 661 1817 diligentissime
694 1772 735 1804 te
757 1766 1070 1817 commendavi,
1103 1775 1146 1806 ut
1178 1775 1221 1806 et
1253 1765 1497 1807 valitudinis
1520 1774 1604 1806 tuae
1628 1765 1766 1806 ratio-·

333 1833 431 1859 nem
454 1819 630 1860 haberet
647 1828 690 1859 et
706 1821 1007 1876 navigationis,
1026 1833 1068 1863 et
1086 1831 1223 1863 totum
1245 1832 1286 1863 te
1304 1823 1536 1878 susciperet
1554 1836 1605 1863 ac
1621 1830 1760 1862 tuere·

334 1886 426 1917 tur:
458 1878 765 1931 quem'omnia
798 1877 1010 1919 facturum
1045 1879 1231 1921 conlido.
1263 1880 1424 1934 recepit
1449 1879 1578 1928 enim,
1599 1887 1643 1919 et
1671 1891 1761 1918 me-

334 1947 431 1973 eum
462 1933 630 1973 locutus
661 1943 725 1974 est
757 1935 1019 1979 suavissime.
1079 1935 1159 1986 Tu,
1190 1951 1322 1991 quum
1353 1951 1405 1976 eo
1442 1944 1635 1991 tempore
1671 1948 1762 1975 me-

334 2003 432 2030 cum
466 2003 555 2030 esse
583 2004 666 2030 non
701 1991 895 2046 potuisti,
927 2007 1012 2046 quo
1046 2007 1127 2048 ego
1152 1994 1338 2034 maxime
1361 2007 1533 2048 operam
1562 2001 1606 2033 et
1627 1991 1764 2032 fideli-

322 2056 466 2088 ·tatem
489 2047 723 2088 desideravi
749 2058 881 2099 tuam,
904 2064 1008 2090 cave
1032 2049 1220 2101 festines,
1246 2060 1319 2091 aut
1341 2050 1600 2098 committas,
1621 2057 1670 2089 ut
1691 2057 1773 2089 aut*

276 2579 326 2619 13

335 2117 450 2159 aeger
481 2113 555 2145 aut
587 2104 727 2146 hieme
759 2106 949 2161 naviges.
1011 2106 1259 2163 Numquam
1291 2121 1382 2148 sero
1414 2116 1456 2147 te
1488 2106 1651 2147 venisse
1684 2119 1764 2160 pu·

334 2162 451 2212 tabo,
487 2161 520 2201 si
555 2161 693 2202 salvus
727 2163 905 2203 veneris.
964 2162 1120 2206 Adhuc
1154 2165 1367 2205 nemiuem
1397 2163 1599 2212 videram,
1621 2162 1695 2218 qui
1720 2171 1768 2203 te·

334 2227 484 2272 postea
515 2218 705 2269 vidisset,
734 2234 862 2274 quam
895 2220 962 2261 M.
988 2221 1202 2271 Volusius,
1224 2237 1249 2262 a
1270 2236 1354 2277 quo
1379 2231 1473 2261 tuas
1507 2220 1670 2261 litteras
1691 2233 1762 2259 ac-

334 2274 457 2330 cepi:
487 2275 602 2330 quod
635 2290 721 2317 non
750 2278 948 2319 mirabar.
983 2292 1119 2332 neque
1151 2279 1265 2319 enim
1290 2293 1403 2319 meas
1427 2288 1532 2333 puto
1553 2278 1606 2317 ad
1631 2287 1672 2316 te
1693 2275 1764 2316 lit-

336 2340 446 2371 teras
470 2341 589 2372 tanta
611 2332 750 2374 hieme
773 2334 963 2389 perferri.
1024 2336 1106 2376 Sed
1136 2336 1190 2377 da
1222 2350 1411 2391 operam,
1443 2344 1490 2375 ut
1513 2334 1676 2375 valeas:
1707 2341 1768 2384 et,

336 2387 369 2428 si
395 2387 568 2437 valebis,
590 2403 686 2429 cum
712 2401 825 2432 recte
846 2392 1038 2446 navigari
1062 2393 1235 2448 poterit,
1258 2404 1349 2433 tum
1372 2393 1562 2445 naviges.
1609 2390 1765 2431 Cicero

337 2459 456 2486 meus
480 2446 520 2486 in
547 2445 775 2488 Formiano
794 2459 907 2490 erat:
940 2446 1140 2490 Terentia
1167 2460 1209 2491 et
1241 2448 1382 2490 Tullia
1406 2448 1573 2490 Romae.
1635 2446 1765 2496 Cura,

337 2512 385 2543 ut
409 2502 560 2544 valeas.
587 2516 634 2543 1v
662 2502 875 2545 Kalendas
899 2505 1023 2547 Febr.
1049 2507 1213 2562 Capua.

859 2589 1258 2627 ARGUMENTUM.

675 2649 885 2687 Cohortatio
901 2654 949 2688 ad
965 2655 1203 2689 valetudinem
1225 2654 1434 2689 curandam.

693 2716 760 2758 Μ.
783 2716 833 2759 Τ.
858 2718 910 2760 C.
943 2717 1164 2761 TIRONI
1200 2720 1243 2760 S.
1271 2720 1319 2760 P.
1347 2719 1401 2760 D.

339 2770 562 2828 OMNIA
597 2804 622 2830 a
660 2798 701 2830 te
733 2791 834 2832 data
869 2791 975 2832 mihi
1015 2794 1191 2848 putabo,
1216 2793 1246 2833 si
1283 2803 1324 2833 te
1360 2792 1570 2832 valentem
1604 2790 1766 2833 videro.

338 2857 505 2887 summa
524 2860 626 2887 cura
643 2849 948 2904 exspectabam
970 2851 1199 2892 adventum
1234 2849 1480 2899 Menandri,
1502 2862 1630 2904 quem
1651 2847 1703 2889 ad
1727 2856 1768 2889 te
