1865 3223
269 113 346 147 :³16
575 110 756 149 EPIST.
783 111 970 150 LIBER
996 113 1397 154 DUODECIMUS

270 211 355 252 hoc
380 211 545 254 Lucilio
573 212 739 255 licuerit
770 230 982 257 assumere
1004 216 1227 268 libertatis,
1250 233 1378 273 quam
1401 219 1554 262 nobis?
1585 234 1699 272 curn,

270 269 437 311 etiamsi
460 272 500 301 60
513 271 612 311 odio
649 273 738 326 pari
771 272 899 313 fuerit
928 275 970 313 in
1001 287 1087 323 eos,
1121 290 1227 329 quos
1258 275 1382 325 laesit,
1412 286 1553 318 tamen
1585 288 1700 320 certe

270 340 356 367 non
386 328 522 382 magis
555 327 709 383 dignos
744 329 956 379 habuerit,
990 332 1029 370 in
1059 346 1166 386 quos
1191 341 1309 373 tanta
1331 333 1526 374 libertate
1550 335 1700 375 verbo-

271 398 364 423 rum
388 384 634 425 incurreret.
694 384 774 434 Tu,
796 386 907 426 sicut
929 387 1032 427 mihi
1059 387 1272 442 pollicitus
1305 404 1364 439 es,
1394 389 1603 445 adjunges
1632 405 1700 432 me

270 455 396 495 quam
422 443 605 496 primum
628 442 663 471 6¹
682 442 733 481 ad
758 452 853 482 tuos
876 457 1105 483 sermones
1168 444 1367 500 Namque
1390 446 1489 487 illud
1516 461 1600 488 non
1622 447 1701 488 du-

274 497 380 548 bito,
401 499 520 552 quin,
551 499 584 538 si
607 498 710 551 quid
732 498 784 538 de
807 499 980 538 interitu
1007 498 1189 541 Caesaris
1220 502 1394 552 scribas,
1418 518 1501 544 non
1527 504 1700 558 patiaris

269 568 339 594 me
362 555 582 594 minimam
607 563 768 609 partem
798 567 840 595 et
864 556 937 604 rei,
968 565 1012 595 et
1043 557 1199 596 amoris
1231 559 1292 598 tui
1323 559 1446 601 ferre.
1509 561 1627 611 Vale,
1657 570 1701 602 et

269 620 465 660 matrem,
488 624 689 665 meosque
713 612 789 652 tibi
813 612 1137 653 commendatos
1162 613 1285 654 habe.
1325 615 1381 656 D.
1407 631 1516 659 v111.
1543 616 1700 659 Kalen-

269 668 344 708 das
366 668 534 718 Junias,
559 667 757 708 Athenis.

205 766 217 801 1
229 766 252 805 7
781 769 1183 807 ARGUMENTUM.

267 833 458 881 Cornificio
476 831 614 881 Africa?
634 831 808 880 proefecto
833 833 876 867 de
903 832 1054 879 Syriaco
1074 834 1244 874 tumultu,
1263 837 1300 869 et
1316 833 1452 870 urbano
1471 836 1546 871 otio
1563 848 1625 872 seu
1643 849 1703 872 ne-

314 886 497 932 gotiorum
516 885 711 920 cessatione
727 884 864 920 scribit.
920 884 1069 920 Librum
1089 886 1132 920 de
1150 887 1287 933 optimo
1300 897 1429 932 genere
1446 888 1589 923 dicendi
1606 900 1702 924 com·

315 937 474 977 mendat,
494 940 528 971 et
544 948 648 972 suum
668 938 738 983 ipsi
753 937 915 972 studium
934 937 1134 986 confirmat.

393 1002 627 1046 CICERO
660 1003 703 1044 S.
730 1002 786 1043 D.
820 1002 1211 1054 CORNIFICIO,
1245 1003 1567 1047 COLLEGAE.

267 1060 490 1113 GRATA
515 1070 618 1111 mihi
652 1071 926 1111 vehementer
956 1080 1019 1111 est
1050 1071 1257 1112 memoria
1287 1072 1421 1112 nostri
1455 1082 1543 1123 tua,
1569 1087 1698 1128 quam

264 1128 518 1184 significasti
542 1127 718 1169 litteris:
741 1142 868 1182 quam
894 1137 940 1168 ut
962 1140 1203 1178 conserveS,
1227 1142 1310 1169 non
1331 1143 1417 1184 quo
1436 1128 1489 1170 de
1507 1139 1579 1170 tua
1596 1144 1700 1171 con-

264 1185 424 1226 stantia
447 1185 657 1235 dubitem,
681 1185 752 1225 sed
777 1185 816 1215 62
830 1185 932 1240 quia
954 1199 1045 1225 mos
1067 1194 1131 1225 est
1155 1185 1214 1225 ita
1236 1185 1432 1241 rogandi,
1456 1200 1577 1242 rogo.
1631 1185 1699 1230 Ex

264 1242 389 1298 Syria
402 1242 526 1283 nobis
547 1241 874 1282 tumultuosiora
885 1242 1082 1296 quaedam
1108 1241 1306 1283 nuntiata
1323 1251 1446 1284 sunt:
1470 1258 1583 1299 quae,
1598 1244 1701 1299 quia

264 1299 344 1340 tibi
362 1309 460 1340 sunt
483 1300 697 1355 propiora,
719 1313 847 1354 quam
866 1298 1005 1348 nobis,
1027 1308 1098 1339 tua
1116 1313 1184 1339 me
1202 1313 1330 1339 causa
1349 1300 1487 1356 magis
1508 1309 1698 1351 movent,

251 1371 393 1411 ,quam
428 1370 535 1396 mea.
599 1355 751 1396 Romae
783 1369 997 1395 summum
1025 1355 1162 1396 otium
1192 1365 1284 1406 est;
1317 1357 1387 1397 sed
1413 1357 1486 1407 ita,
1510 1366 1557 1398 ut
1577 1357 1700 1399 malis

264 1413 304 1444 63
319 1414 485 1454 salubre
507 1412 679 1467 aliquod
703 1422 746 1452 et
769 1412 995 1452 honestum
1027 1412 1274 1466 negotium:
1306 1413 1422 1467 quod
1444 1427 1569 1468 spero
1593 1413 1698 1456 fore.

131 1476 164 1508 P·
184 1468 403 1511 ¹9⁵·Vide0
427 1470 468 1510 id
491 1484 604 1510 curae
628 1483 718 1509 esse
743 1467 920 1509 Caesari.
982 1467 1060 1509 Me
1081 1469 1206 1518 scito,
1229 1469 1331 1509 dum
1354 1480 1398 1510 tu
1424 1471 1552 1521 absis,
1575 1471 1696 1527 quasi

264 1527 532 1568 occasionem
565 1525 778 1580 quandam
812 1535 856 1566 et
887 1525 1103 1566 licentiam
1137 1535 1324 1576 nactum,
1355 1526 1539 1567 scribere
1569 1527 1700 1576 auda-

261 1585 378 1626 cius:
412 1594 455 1625 et
476 1593 618 1624 cetera
639 1583 810 1637 quidem
836 1582 1030 1632 fortasse,
1052 1596 1149 1637 quae
1179 1582 1310 1622 etiam
1343 1592 1386 1622 tu
1415 1583 1696 1626 concederes:

262 1641 335 1682 sed
372 1641 569 1696 proxime
603 1640 751 1695 scripsi
785 1639 892 1680 6⁴de
924 1639 1092 1694 optimo
1124 1652 1279 1694 genere
1311 1639 1505 1682 dicendi:
1539 1641 1582 1682 in
1613 1655 1700 1696 quo

261 1713 376 1754 saepe
398 1697 639 1752 suspicatus
662 1711 770 1746 sum,
794 1705 836 1736 te
857 1696 1065 1750 ajudicio
1088 1705 1251 1747 nostro,
1274 1695 1333 1736 sic
1357 1696 1534 1748 scilicet,
1560 1707 1605 1738 ut
1623 1697 1700 1739 do-

261 1766 377 1796 ctum
411 1755 629 1795 hominem
662 1768 686 1793 a
714 1767 802 1794 non
826 1752 1016 1802 indocto,
1042 1752 1275 1808 paullulum
1299 1753 1516 1794 dissidere.
1579 1753 1698 1795 Huic

262 1823 308 1862 tu
333 1812 456 1862 libro,
480 1811 667 1851 maxime
691 1810 815 1850 velim
840 1823 892 1850 ex
923 1810 1093 1861 animo,
1126 1809 1159 1850 si
1194 1809 1351 1860 minus,
1386 1810 1537 1865 gratiae
1571 1825 1700 1852 causa

260 1868 508 1924 suffragere.
572 1865 724 1908 Dicam
763 1866 861 1916 tuis,
897 1876 943 1907 ut
977 1880 1088 1917 eum,
1124 1866 1156 1906 si
1183 1865 1329 1917 velint,
1360 1865 1620 1918 describant,
1643 1868 1696 1909 ad

259 1935 386 1981 teque
410 1926 597 1966 mittant.
658 1923 770 1964 Puto
793 1923 922 1974 enim,
944 1923 1073 1963 etiam
1098 1923 1137 1953 65
1153 1923 1186 1963 si
1210 1937 1297 1963 rem
1322 1923 1463 1964 minus
1488 1924 1697 1979 probariS‚

300 2091 340 2121 60
365 2091 434 2120 odio
449 2090 529 2129 pari
540 2088 592 2129 f.]
620 2089 692 2119 Hoc
710 2087 839 2127 praetuii
858 2086 953 2116 alteri
997 2085 1125 2125 Nempe
1141 2085 1190 2115 vel
1205 2085 1239 2115 in
1254 2090 1384 2124 senatu,
1396 2085 1447 2116 vel
1459 2085 1493 2116 in
1506 2086 1595 2117 foro:
1612 2086 1698 2126 quod

249 2142 327 2172 par.
345 2143 421 2163 nam
436 2138 612 2170 utrumque
624 2136 673 2161 est
687 2131 720 2159 in
734 2130 823 2159 libris
839 2129 955 2158 veteri-

247 2175 326 2204 ·bus.
341 2175 458 2204 melius
474 2174 646 2214 respondet
660 2173 754 2203 alteri
770 2181 834 2201 non
847 2172 955 2209 magis

253 2217 368 2256 dignos
382 2217 542 2246 habuerit.
568 2216 722 2246 Ceterum
740 2214 772 2244 in
789 2214 955 2244 sententia

255 2263 305 2289 est
320 2258 442 2297 aliquid
457 2258 541 2288 duri.
565 2258 715 2287 Debebat
725 2257 812 2286 enirn
829 2255 952 2285 dicere:

258 2300 329 2330 Etsi
343 2301 417 2330 odio
441 2300 554 2338 majori
569 2299 633 2329 fuit
648 2300 681 2329 in
695 2302 905 2328 eos—tamen
921 2296 955 2327 hi

256 2352 323 2373 non
339 2343 441 2381 magis
455 2341 545 2380 digni
561 2341 635 2371 odio
649 2342 706 2371 διε.
720 2342 810 2371 fuere
822 2351 828 2368 z
848 2340 894 2369 ita
907 2349 956 2369 re-

257 2384 431 2425 sponderet
446 2385 535 2414 istis:
561 2383 615 2422 qui
631 2384 733 2422 magis
749 2383 810 2412 hoc
826 2381 955 2412 licuerit

255 2426 397 2462 Lucilio,
412 2436 509 2466 quam
526 2425 629 2455 nobis.

297 2470 333 2500 61
352 2470 397 2498 ad
408 2473 478 2498 euos
487 2466 661 2506 sermones]
678 2467 699 2496 i.
714 2477 741 2496 e.
755 2466 854 2496 libros
865 2471 953 2501 tuos,

254 2521 333 2549 quos
361 2511 395 2540 in
424 2519 572 2541 sermone
601 2519 637 2540 ae
668 2509 797 2547 dialogo
823 2507 952 2537 scribes.

252 2553 436 2584 Trebonius
457 2552 585 2583 volebat
612 2550 721 2581 induci
749 2560 769 2580 a
798 2549 954 2580 Cicerone

252 2596 423 2635 disputans
439 2605 535 2634 super
549 2593 659 2633 aliqua
675 2600 766 2633 parte
781 2591 952 2621 doctrinae.

296 2639 336 2668 62
358 2639 435 2678 quia
458 2647 524 2668 mos
545 2640 590 2666 est
613 2637 661 2666 ita
681 2634 835 2673 rogandi,
858 2633 950 2673 rogo]

252 2681 428 2711 structura
453 2684 515 2715 est,
541 2678 620 2720 quia
645 2686 711 2708 mos
737 2675 877 2714 rogandi
905 2676 953 2705 ita

251 2727 314 2752 ost.-
339 2722 423 2761 quod
440 2726 490 2751 est
503 2720 660 2751 alienum.
685 2719 792 2750 Immo
807 2717 950 2747 scriben-

251 2759 343 2801 dum,
371 2765 449 2803 quia
477 2773 544 2793 mos
571 2766 618 2793 est
646 2763 695 2792 ita
731 2768 863 2800 rogare,
900 2758 950 2789 vei

250 2807 379 2845 rogari.

291 2849 331 2880 63
367 2848 498 2879 salubre
525 2847 658 2887 aliquod
690 2850 721 2876 et
755 2845 829 2875 hon.
857 2842 948 2884 nega]

996 2132 1070 2158 tum
1087 2137 1153 2157 non
1169 2134 1252 2158 erat.

1039 2170 1079 2200 64
1107 2170 1145 2199 (le
1178 2170 1296 2209 optimo
1321 2179 1441 2207 genere
1466 2169 1606 2210 dicendi]
1646 2169 1698 2201 De

997 2211 1136 2242 Oratore
1150 2211 1402 2250 intelligendum
1417 2212 1472 2248 sit,
1487 2221 1530 2242 an
1551 2212 1591 2242 de
1612 2212 1699 2253 opti-

998 2264 1052 2284 mo
1079 2263 1198 2293 genere
1218 2258 1400 2290 oratorum,
1427 2253 1558 2284 dubitat
1580 2254 1698 2286 Corra-

998 2296 1067 2326 dus.
1091 2296 1172 2326 illud
1188 2305 1300 2326 verum
1325 2301 1384 2325 est.
1431 2295 1482 2326 De
1501 2296 1628 2336 optimo
1642 2305 1697 2335 ge-

999 2348 1075 2369 nere
1088 2349 1134 2368 or.
1152 2348 1216 2368 non
1230 2343 1279 2368 est
1296 2337 1387 2374 liber,
1401 2337 1455 2367 sed
1467 2342 1598 2368 tantum
1613 2347 1695 2377 prae-

998 2380 1079 2411 fatio
1090 2379 1246 2411 orationis
1258 2379 1511 2409 Demostheneae
1525 2379 1563 2410 de
1576 2388 1698 2410 corona

997 2422 1099 2453 latine
1114 2423 1212 2453 faeta.
1255 2421 1343 2451 Tota
1367 2430 1415 2451 res
1437 2420 1559 2451 clamat
1576 2420 1695 2452 orato·

998 2474 1065 2494 rem
1091 2475 1159 2495 esse
1179 2462 1443 2503 intelligendum,
1459 2472 1556 2502 quern
1578 2463 1694 2495 eodem

997 2507 1063 2537 fere
1079 2511 1225 2545 tempore
1241 2505 1281 2535 ad
1303 2505 1505 2535 Trebonium
1523 2505 1612 2535 misit
1627 2517 1633 2534 :
1659 2506 1694 2536 in

997 2558 1036 2578 eo
1050 2549 1222 2587 quaeritur,
1236 2547 1289 2586 qui
1304 2547 1347 2576 sit
1360 2546 1522 2586 perfectus
1538 2551 1660 2578 orator.

1039 2591 1079 2621 65
1105 2591 1133 2620 si
1150 2599 1220 2619 rem
1243 2590 1351 2618 minus
1369 2588 1533 2627 probaris]
1559 2589 1610 2619 Sic
1628 2598 1696 2620 non

997 2631 1142 2662 dubitavi
1159 2632 1264 2666 edere,
1278 2631 1338 2660 etsi
1350 2639 1463 2660 omncs
1478 2629 1532 2660 alii
1549 2630 1623 2661 libri
1636 2630 1695 2662 ha·

998 2674 1076 2704 bent
1092 2674 1254 2713 probabis.
1276 2673 1331 2711 qui
1355 2681 1467 2702 aurem
1483 2671 1622 2703 latinam
1637 2673 1697 2704 ha·

993 2715 1062 2752 bet,
1081 2715 1242 2756 probabit.
1273 2714 1387 2746 Cicero
1404 2723 1470 2744 non
1488 2714 1559 2744 vult
1573 2714 1694 2752 dicere,

995 2767 1060 2787 non
1076 2758 1289 2798 probaturum
1310 2765 1391 2792 esse,
1414 2755 1469 2786 sed
1485 2756 1510 2786 si
1526 2756 1612 2787 forte
1628 2766 1696 2788 non

995 2800 1192 2839 probaverit,
1215 2799 1244 2830 ei
1259 2802 1373 2829 tamen
1388 2807 1455 2829 non
1475 2798 1694 2839 injucundum

994 2843 1075 2874 fore.
