1903 3218
390 93 474 132 AD
498 93 547 133 D.
574 90 839 131 BRUTUM
862 90 941 130 ET
966 91 1250 132 CETEROS.
1466 97 1545 135 289

107 197 258 252 possit.
319 195 420 239 Hoc
441 212 523 255 ego
549 197 792 238 Labeonem
811 195 939 237 credo
959 195 1017 237 illi
1042 195 1249 247 retulisse,
1268 204 1341 238 aut
1365 195 1541 241 finxisse

105 254 285 306 dictum,
304 269 389 296 non
409 256 464 296 ab
486 254 753 296 adolescente
772 252 1000 308 prolatum.
1067 252 1300 294 Veterauos
1327 267 1424 294 vero
1445 269 1538 310 pes-

105 312 212 352 sime
234 311 366 368 loqui‚
394 312 562 355 volebat
589 309 733 351 Labeo
761 324 828 350 me
850 310 1035 361 credere,
1057 320 1100 350 et
1123 310 1202 351 tibi
1227 311 1282 352 ab
1304 311 1355 351 iis
1379 311 1537 352 instare

105 367 366 423 periculum:
394 369 665 422 maximeque
680 366 910 423 indignari,
925 367 1040 422 quod
1058 367 1098 408 in
1118 367 1373 408 decemviris
1397 382 1535 424 neque
1547 392 1576 421 p.
1598 384 1666 416 177.

105 423 266 476 Caesar,
287 440 427 482 neque
447 439 529 481 ego
555 423 693 465 habiti
720 438 923 475 essemus,
945 435 1074 480 atque
1095 425 1240 466 omnia
1269 424 1321 465 ad
1346 434 1533 467 vestrum
1545 433 1577 455 ³·

102 482 327 525 arbitrium
349 492 488 524 essent
510 481 678 523 collata.
728 480 838 522 Haec
855 496 951 522 cum
976 481 1206 533 audissem,
1227 482 1377 537 etjam
1401 482 1444 522 in
1465 482 1536 523 iti-

101 552 201 580 nere
219 539 736 590 essem,committendum
761 552 844 579 non
864 539 1024 595 putavi,
1046 540 1161 595 prius
1187 549 1231 580 ut
1247 538 1378 595 Alpes
1402 549 1537 580 trans-

99 597 310 651 grederer,
340 611 484 651 quam,
510 596 612 652 quid
650 596 747 636 istic
774 606 986 651 ageretur,
1007 597 1173 637 scirem.
1240 596 1353 637 Nam
1380 596 1434 637 de
1462 605 1536 638 tuo

100 652 304 708 periculo,
327 651 452 694 crede
483 652 858 708 mihi,jactatione
883 654 1124 703 verborum,
1145 664 1188 694 et
1210 653 1537 695 denuntiatione

98 707 292 765 periculi,
315 724 484 766 sperare
514 725 602 762 eOS,
636 721 677 751 te
704 709 1017 766 pertitnefacto,
1040 709 1311 752 adolescente
1335 710 1534 766 impulso,

97 768 136 798 ⁵5
151 780 276 823 posse
307 781 464 823 magna
485 768 688 823 consequi
723 768 924 823 praemia:
957 780 999 808 et
1034 779 1166 808 totam
1204 769 1327 809 istam
1357 768 1536 809 cantile-

95 837 194 864 nam
234 838 288 866 ex
327 824 409 866 hoc
449 824 647 881 pendere,
683 836 728 866 ut
768 839 896 880 quam
938 825 1166 881 plurimum
1208 825 1313 866 lucri
1357 823 1535 867 faciant.

97 879 255 935 Neque
278 891 421 924 tamen
452 897 537 924 non
561 893 602 923 te
624 891 797 924 cautum
818 895 909 923 esse
931 882 1040 932 volo,
1073 883 1112 914 56
1124 893 1167 924 et
1200 883 1373 923 insidias
1399 883 1536 925 vitan-

97 946 199 979 tem.
235 938 356 980 Nihil
379 940 492 981 enim
517 948 591 981 tua
614 939 718 981 mihi
744 939 831 980 vita
854 949 996 995 potest
1017 940 1375 995 essejucundiuS,
1398 954 1536 996 neque

94 996 249 1037 carius.
311 994 423 1038 Illud
461 996 571 1047 vide,
608 1011 660 1038 ne
692 996 883 1038 timendo
919 997 1056 1053 magis
1092 997 1242 1038 timere
1274 1011 1445 1052 cogare,
1478 1007 1536 1050 et,

94 1052 252 1107 quibus
283 1054 409 1095 rebus
441 1064 584 1111 potest
611 1054 776 1096 occurri
805 1055 1029 1106 veteranis,
1051 1069 1265 1096 occurras.
1325 1054 1537 1106 Primum,

95 1109 212 1164 quod
234 1109 479 1166 desiderant
499 1111 552 1152 de
582 1110 851 1162 decemviris,
875 1110 1032 1153 facias:
1063 1112 1218 1153 deinde
1250 1111 1303 1152 de
1332 1111 1535 1167 praetniis.

95 1167 134 1200 ⁵⁷
152 1166 197 1208 Si
230 1168 310 1209 tibi
334 1169 517 1220 videtur,
541 1183 667 1224 agros
701 1183 850 1210 eorum
885 1169 1086 1220 militum,
1110 1170 1182 1224 qui
1217 1183 1316 1210 cum
1340 1168 1535 1210 Antonio

95 1226 283 1267 veterani
321 1225 508 1276 fuerunt,
546 1225 612 1266 his
649 1225 812 1267 dandos
850 1240 1025 1266 censeas
1060 1226 1114 1266 ab
1156 1226 1347 1281 utrisque
1380 1226 1534 1270 nobis:

93 1281 133 1311 ⁵⁸
146 1280 200 1322 de
221 1283 377 1331 numis‚
397 1284 511 1323 lente
531 1297 582 1324 ac
605 1283 770 1324 ratione
793 1283 941 1324 habita
963 1283 1174 1337 pecuniae,
1194 1291 1390 1322 senatum
1409 1282 1462 1323 de
1486 1296 1537 1324 ea

92 1350 137 1377 re
150 1339 513 1380 constituturum:
539 1349 743 1394 quattuor
763 1339 1004 1396 legionibus
1026 1339 1261 1395 iis,quibus
1283 1353 1410 1395 agros
1432 1339 1538 1380 dan-

90 1393 169 1435 dos
178 1395 420 1447 censuistis,
433 1396 557 1437 video
567 1396 814 1438 facultatem
831 1396 922 1438 fore
935 1411 989 1436 ex
1004 1398 1118 1453 agris
1135 1400 1174 1431 59
1184 1396 1368 1452 Syllanis
1378 1406 1422 1437 et
1431 1410 1536 1452 agro

93 1449 334 1509 Campano.
392 1453 634 1509 AEqualiter
655 1465 730 1495 aut
761 1464 874 1495 sorte
900 1468 1026 1510 agros
1051 1454 1295 1510 legionibus
1326 1453 1536 1510 assignari

90 1519 197 1564 puto
219 1520 432 1566 oportere.
495 1509 608 1552 Haec
640 1525 708 1552 me
739 1511 819 1553 tibi
851 1513 1036 1552 scribere
1069 1526 1151 1551 non
1187 1511 1414 1567 prudentia
1439 1525 1537 1553 mea

90 1566 303 1617 hortatur,
337 1568 408 1609 sed
442 1582 562 1609 amor
594 1568 637 1609 in
672 1578 727 1617 te,
758 1580 800 1610 et
836 1569 1051 1624 cupiditas
1083 1568 1187 1620 otii3
1219 1568 1334 1623 quod
1369 1568 1458 1608 sine
1492 1578 1536 1610 te

90 1625 325 1665 consistere
359 1640 444 1666 non
479 1636 636 1681 potest.
698 1624 809 1683 Ego,
838 1626 917 1666 nisi
952 1626 1073 1667 valde
1105 1639 1276 1667 necesse
1306 1624 1451 1676 fuerit,
1477 1639 1533 1667 ex

91 1678 219 1723 Italia
240 1697 327 1723 non
358 1683 580 1724 excedam.
642 1681 855 1739 Legiones
886 1697 1020 1733 armo,
1045 1698 1172 1739 paro:
1205 1697 1330 1738 spero
1355 1696 1422 1722 me
1445 1697 1533 1724 non

90 1740 325 1795 pessimum
348 1740 584 1782 exercitum
613 1741 859 1781 habiturum
884 1744 936 1781 ad
961 1754 1110 1781 omnes
1134 1755 1258 1781 casus
1280 1749 1323 1780 et
1346 1738 1532 1795 impetus

89 1796 332 1838 hominum.
392 1796 462 1839 De
502 1798 712 1849 exercitu,
756 1812 884 1854 quem
928 1797 1070 1839 Pansa
1111 1797 1277 1847 habuit,
1316 1796 1533 1852 legionem

89 1852 196 1904 mihi
221 1852 368 1896 Caesar
399 1869 485 1895 non
517 1855 713 1896 remittit.
773 1854 841 1896 Ad
863 1854 940 1895 has
970 1854 1134 1896 litteras
1165 1855 1310 1896 statim
1339 1853 1444 1895 mihi
1468 1868 1534 1895 re-

89 1911 243 1963 scribe,
267 1922 524 1968 tuorumque
545 1912 731 1968 aliquem
755 1912 893 1963 mitte,
916 1912 950 1953 si
973 1913 1075 1967 quid
1099 1912 1368 1953 reconditum
1395 1912 1532 1968 magis

80 1968 185 2020 erit,
204 1983 360 2026 meque
384 1971 426 2001 60
442 1970 550 2011 seire
572 1984 681 2026 opus
713 1971 890 2026 putaris.
922 1969 1041 2011 Vale.
1067 1982 1143 2012 ΠΧ
1172 1967 1271 2010 Kal.
1291 1967 1397 2011 Jun.
1415 1967 1533 2026 Epo-

90 2027 223 2069 tedia.

129 2173 170 2203 55
187 2181 278 2211 posse
290 2180 417 2209 magna
431 2169 531 2208 cons]
575 2168 716 2200 videtur
729 2179 783 2199 ex-

87 2213 203 2244 cidisse
225 2223 257 2243 se
272 2219 346 2253 post
364 2222 475 2252 posse.-
499 2212 560 2242 nisi
581 2220 656 2241 vero
679 2212 785 2251 ipsum

83 2265 175 2298 posse
187 2257 335 2297 spurium
349 2260 409 2285 est.

131 2299 171 2330 56
196 2304 227 2329 et
268 2297 404 2328 insidias
445 2294 619 2334 vitantem]
667 2295 788 2326 Parum

85 2342 219 2382 elegans
248 2340 322 2371 hoc.
368 2339 473 2372 Credo
502 2348 615 2369 verum
645 2347 713 2368 esse
736 2339 784 2368 vi-

86 2390 171 2416 tare.

129 2430 168 2461 57
194 2427 232 2458 Si
257 2426 314 2456 tibi
334 2424 479 2464 videtur]
513 2424 566 2453 An
592 2422 784 2452 videbitur?

87 2479 164 2501 nam
178 2475 212 2499 et
234 2467 274 2498 de
295 2468 408 2498 futuro
430 2475 537 2497 sermo
558 2471 628 2495 est:
654 2470 687 2494 et
701 2470 750 2494 est
765 2474 783 2494 e

86 2512 182 2543 sctis
191 2516 356 2542 sumtum:
383 2515 420 2540 ut
432 2509 471 2539 ad
488 2508 686 2548 Philippicas
702 2507 782 2538 xidi-

120 2562 171 2584 us.

85 2564 169 2626 ωδε
190 2595 230 2626 de
254 2594 378 2634 numis]
411 2591 689 2633 conjungendum
717 2591 781 2622 hoe

86 2647 163 2668 eum
199 2637 430 2668 antecedente:
474 2637 583 2675 itaque
619 2634 780 2665 minorem

86 2680 333 2711 distinctionem
355 2679 437 2709 feci:
466 2679 528 2709 int.
554 2677 641 2718 quod
669 2682 781 2708 autem

145 2906 252 2932 vOL.
272 2905 349 2932 111.
367 2904 407 2931 P.
431 2905 463 2931 1.

829 2167 870 2198 ad
892 2176 1010 2198 numos
1039 2166 1196 2204 attineat,
1219 2175 1264 2196 sc.
1286 2164 1530 2198 distribuendos

830 2210 1001 2240 militibus.
1027 2218 1103 2239 nam
1133 2207 1214 2239 alias
1241 2209 1280 2239 de
1305 2218 1345 2239 ea
1366 2218 1404 2239 re
1432 2209 1531 2241 inane

830 2257 913 2282 esset
930 2262 968 2282 ac
983 2251 1057 2282 tolli
1073 2251 1217 2282 deberet.

876 2297 915 2328 59
940 2293 1102 2334 Syllanis]
1149 2295 1201 2324 Sic
1225 2292 1297 2324 edd.
1328 2303 1378 2334 pr.
1415 2292 1530 2323 Victo-

828 2337 893 2367 rius
933 2336 1023 2367 dedit
1061 2337 1184 2372 Silani,
1212 2335 1299 2375 quod
1329 2335 1385 2366 atii
1423 2335 1528 2366 secuti

825 2385 917 2415 sunt,
948 2379 1002 2409 sed
1033 2379 1197 2418 explicare
1227 2387 1294 2409 non
1332 2383 1526 2418 potuerunt.

827 2431 903 2451 nam
934 2421 972 2451 de
1004 2420 1130 2457 Silano,
1162 2421 1217 2460 qui
1250 2420 1364 2461 Lepidi
1398 2421 1526 2459 legatus

826 2463 904 2499 fuit,
934 2464 1072 2503 cogitari
1102 2464 1155 2494 vix
1183 2467 1306 2504 potest,
1333 2463 1424 2500 cujus
1454 2461 1523 2500 agri

826 2507 877 2536 vix
892 2507 978 2536 tanti
995 2515 1063 2536 esse
1079 2511 1273 2546 potuerunt,
1290 2510 1327 2535 ut
1348 2503 1423 2534 inde
1436 2503 1523 2534 mul-

823 2550 869 2579 tis
883 2548 1007 2587 aliquid
1020 2548 1122 2579 tribui
1136 2553 1257 2588 posset.

866 2590 907 2621 60
928 2592 1011 2621 scire
1024 2589 1260 2632 opus-putam]
1299 2587 1446 2619 Graevius
1466 2585 1523 2617 ad·-

825 2631 908 2663 didit
920 2642 995 2664 esse.
1041 2633 1092 2664 Sic
1109 2638 1143 2664 et
1158 2632 1223 2664 Ms.
1247 2640 1353 2668 meuS,
1367 2630 1431 2661 Gu.
1451 2632 1479 2659 1.
1493 2631 1525 2659 2.

826 2681 861 2706 et
875 2674 947 2706 edd.
962 2685 1012 2716 pr.
