1903 3218
443 84 524 126 AD
550 86 594 122 C.
623 83 883 122 CASSIUM
908 83 984 121 ET
1011 83 1197 120 ALIOS.
1471 89 1547 124 303

115 187 231 229 blica
273 187 508 230 sentiente:
532 184 534 186 ¹
556 201 655 229 nam
697 186 801 241 quid
833 187 990 236 dicam,
1023 185 1302 240 cupidissimo
1337 188 1414 237 tui,
1457 190 1547 243 qui,

117 245 248 286 domo
269 256 313 287 et
334 245 518 286 fortunis
552 243 724 292 relictis,
757 243 809 284 ad
844 253 886 284 te
910 242 1179 298 potissimum
1213 242 1431 296 profectus
1465 246 1547 287 sit?

115 299 268 357 Itaque
301 316 397 343 eum
433 302 511 343 tibi
546 315 598 342 ne
618 300 875 341 commendo
894 299 1083 354 quidem.
1106 299 1314 339 adventus
1339 300 1473 355 ipsius
1494 304 1545 342 ad

115 368 156 398 te
189 359 290 408 satis
324 373 421 400 eum
456 357 790 400 commendabit.
849 355 913 397 Tu
940 355 1062 399 velim
1099 355 1159 396 sic
1187 356 1422 406 existimes,
1448 358 1547 398 tibi-

77 458 89 465 „
112 430 196 470 que
221 416 486 472 persuadeas,
507 428 635 456 omne
659 413 902 470 perfugium
936 415 1146 454 bonorum
1180 412 1222 453 in
1261 421 1303 452 te
1337 423 1380 452 et
1410 413 1547 455 Bruto

115 485 208 513 esse
232 474 434 529 positum,
456 471 507 521 si,
540 472 653 526 quod
686 471 833 522 nolim,
864 470 1029 513 adversi
1055 469 1157 525 quid
1180 471 1385 524 evenerit.
1446 469 1547 522 Res,

111 544 209 571 cum
249 530 340 570 haec
368 528 624 578 scribebam,
646 538 737 569 erut
759 529 800 569 in
827 537 1069 569 extremum
1092 526 1278 567 adducta
1301 526 1546 570 discrimen.

114 585 276 628 Brutus
309 586 424 626 enim
463 585 653 626 Mutina:
687 586 757 626 vix
785 584 878 640 jam
912 584 1165 625 sustinebat.
1215 583 1302 630 Qui
1323 583 1356 625 si
1377 598 1547 626 conser-

115 653 235 683 vatus
271 642 366 692 erit,
399 642 606 684 vicimus:
640 642 702 683 sin
734 643 867 697 (quod
893 642 951 682 dii
985 655 1111 695 omen
1135 641 1374 692 avertantl)
1406 642 1546 683 omnis

116 702 153 730 14
165 700 354 742 omnium
379 713 526 740 cursus
548 711 612 740 est
643 699 696 741 ad
727 714 816 740 vos.
866 697 1053 740 Proinde
1076 696 1143 739 fac
1165 698 1354 738 animum
1380 707 1548 741 tantum

112 754 284 806 habeas,
307 765 560 812 tantumque
593 765 861 813 apparatum,
893 765 1055 812 quanto
1086 769 1194 811 opus
1215 765 1278 796 est
1300 756 1352 796 ad
1379 756 1547 797 univer-

111 827 200 866 sam
223 813 530 869 rempublicam
555 813 888 870 reciperandam.
949 812 1070 853 Vale.

626 903 1029 942 ARGUMENTUM.
1559 902 1584 942 ·7

119 964 362 1002 'Sententiam
380 979 403 1002 α
420 979 457 1002 se
474 970 512 1003 in
528 971 655 1003 senatu
674 979 716 1003 ex*
734 967 915 1015 dignitate
935 967 1049 1003 Cassii
1068 967 1216 1009 dictam,
1237 967 1456 1015 eandemque
1472 968 1510 1003 in

528 1021 694 1065 concione
711 1019 906 1069 defensam,
925 1020 1118 1068 significat.

441 1084 508 1126 M.
530 1084 582 1127 T.
605 1085 657 1127 C.
692 1085 743 1127 C.
768 1085 986 1128 CASSIO
1019 1086 1062 1127 S.
1089 1085 1138 1126 P.
1164 1083 1222 1127 D.

118 1139 389 1202 QUANTO
412 1152 554 1194 studio
578 1153 833 1209 dignitatem
861 1164 993 1204 tuam,
1015 1163 1058 1194 et
1083 1154 1123 1194 in
1147 1163 1310 1204 senatu,
1333 1162 1376 1194 et
1395 1154 1447 1196 ad
1472 1169 1548 1211 po-

115 1209 261 1263 pulum
285 1209 563 1261 defenderim,
594 1226 647 1252 ex
681 1211 765 1251 tuis
798 1220 839 1250 te
871 1209 997 1260 malo,
1028 1224 1155 1265 quam
1186 1225 1239 1250 ex
1273 1225 1354 1260 me,
1385 1226 1548 1268 cogno-

116 1279 247 1307 scere.
311 1267 473 1313 ¹⁵Quae
493 1282 584 1308 mea
606 1267 818 1308 sententia
842 1268 884 1307 in
908 1277 1054 1307 senatu
1080 1266 1205 1307 facile
1229 1268 1443 1318 valuisset,
1467 1269 1549 1310 nisi

117 1321 256 1363 Pansa
277 1323 549 1364 vehementer
571 1324 823 1364 obstitisset.
886 1322 948 1363 Ea
977 1324 1190 1364 sententia
1225 1323 1355 1374 dicta,
1391 1325 1550 1380 produ-

113 1388 207 1419 ctus
227 1393 320 1420 sum
343 1380 385 1420 in
406 1381 659 1422 concionem
682 1395 707 1421 a
728 1381 902 1422 tribuno
922 1380 1072 1436 plebis,
1100 1379 1166 1421 M.
1191 1381 1387 1422 Servilio.
1442 1381 1547 1423 Dixi

113 1434 167 1480 de
202 1447 256 1487 te,
287 1451 384 1491 quae
420 1439 556 1494 potui,
595 1448 715 1478 tanta
748 1439 1041 1488 contentione,
1063 1448 1273 1492 quantum
1307 1438 1449 1479 forum
1469 1451 1548 1491 est,

114 1501 235 1534 tanto
259 1493 445 1535 clamore
477 1509 774 1549 consensuque
807 1495 970 1550 populi,
991 1506 1036 1535 ut
1060 1494 1164 1535 nihil
1189 1509 1390 1549 umquam
1411 1495 1549 1537 simile

113 1549 308 1590 viderim.
369 1549 418 1591 Id
439 1552 564 1592 velim
587 1552 690 1592 mihi
718 1553 929 1608 ignoscas,
953 1552 1065 1606 quod
1091 1551 1227 1592 invita
1248 1566 1371 1592 socru
1396 1562 1468 1593 tua
1488 1553 1549 1594 fe-

113 1606 261 1648 cerim.
322 1606 484 1649 Mulier
518 1610 669 1650 timida
693 1610 931 1659 verebatur,
963 1623 1014 1649 ne
1039 1609 1191 1665 Pansae
1223 1609 1390 1649 animus
1413 1609 1549 1651 offen-

115 1662 300 1705 deretur.
362 1663 412 1704 In
430 1667 640 1707 concione
661 1666 833 1721 quidem
860 1665 1000 1706 Pansa
1021 1666 1149 1716 dixit,
1178 1675 1355 1707 matrem
1378 1681 1550 1722 quoque
1562 1683 1593 1715 b,

115 1729 248 1772 tuam,
272 1730 314 1761 et
331 1720 521 1773 fratrem,
545 1723 657 1763 illam
682 1739 706 1764 a
729 1737 795 1763 me
816 1724 1070 1764 sententiam
1096 1722 1282 1763 noluisse
1303 1724 1404 1764 dici.
1466 1725 1549 1766 Sed

113 1775 210 1819 haec
231 1792 316 1818 non
340 1781 598 1822 movebant:
630 1779 712 1820 alia
741 1780 967 1820 malebam.
1028 1780 1244 1820 Favebam
1275 1790 1318 1820 et
1347 1780 1552 1837 reipubli-

114 1848 193 1885 cae,
216 1835 285 1876 cui
307 1849 474 1892 semper
496 1836 598 1887 favi,
621 1847 663 1877 et
684 1837 886 1893 dignitati
919 1852 969 1877 ac
992 1837 1141 1892 gloriae
1163 1845 1264 1878 tuae.
1326 1837 1454 1883 Quod
1475 1853 1550 1880 au-

114 1900 199 1932 tem
222 1900 266 1933 et
281 1892 382 1933 Jssin
407 1904 554 1934 senatu
581 1894 774 1950 pluribus
804 1895 944 1935 verbis
978 1893 1172 1944 disserui,
1199 1904 1242 1934 et
1264 1894 1355 1935 dixi
1380 1897 1421 1936 in
1447 1910 1552 1936 con-

114 1948 254 2000 cione,
276 1949 320 1988 in
355 1964 406 1991 eo
439 1951 566 1991 velim
603 1951 731 1992 fidem
765 1965 902 1992 meam
936 1951 1103 1991 liberes,
1166 1950 1349 1992 Promisi
1374 1953 1487 1993 enim
1508 1960 1552 1994 et

115 2018 250 2061 prope
262 2008 529 2059 confirmavi,
549 2018 590 2049 te
608 2023 694 2049 non
712 2019 998 2064 exspectasse,
1012 2022 1091 2048 nec
1107 2017 1458 2063 exspectaturum
1478 2009 1551 2050 de-

113 2064 230 2103 ereta
249 2073 418 2106 nostra:
450 2066 522 2106 sed
545 2076 585 2106 te
608 2067 745 2121 ipsum
772 2075 847 2106 tuo
871 2080 988 2106 more
1016 2066 1324 2120 rempublicam
1351 2062 1561 2107 defensu}

114 2123 223 2160 ru'm.
257 2129 314 2170 et,
347 2136 604 2177 quamquam
645 2123 857 2164 nihildum
894 2123 1180 2172 audieramus,
1214 2131 1293 2163 nec
1323 2124 1396 2164 ubi
1423 2127 1552 2175 esses,

113 2187 193 2218 nec
214 2191 320 2232 quas
341 2178 488 2233 copias
511 2180 713 2221 haberes:
747 2189 888 2221 tamen
913 2180 973 2220 sic.
997 2180 1253 2230 statuebam,
1271 2195 1434 2232 ornneS,
1452 2196 1550 2236 quae

112 2232 157 2273 in
177 2233 270 2274 istis
293 2236 486 2289 partibus
516 2247 656 2277 essent
678 2251 781 2293 opes
801 2238 1041 2292 copiaeque,
1065 2246 1158 2276 tuas
1183 2251 1297 2278 esse:
1332 2252 1405 2293 per
1425 2247 1556 2293 teque

112 2289 262 2331 Asiam
284 2293 548 2346 provinciam
571 2294 842 2334 confidebam
858 2296 952 2349 jam
977 2293 1223 2349 reipublicae
1254 2295 1549 2351 reciperatam.

112 2344 177 2388 Tu
202 2346 270 2389 fac
292 2348 335 2389 in
356 2350 554 2404 augenda
576 2350 770 2406 glori-an
790 2361 830 2392 te
848 2352 939 2407 ipse
963 2350 1123 2391 vincas.
1185 2350 1304 2392 Vale.

157 2479 195 2508 14
215 2487 278 2508 om.
305 2488 420 2510 cursus
444 2485 490 2511 esc
515 2481 560 2511 ad
582 2481 649 2521 vos]
675 2482 727 2514 Sic
741 2481 812 2513 edd.
855 2481 945 2512 dum.
961 2493 992 2512 v.
1010 2481 1095 2512 Phil.
1113 2481 1174 2512 XI.

110 2523 192 2550 vett.
208 2520 356 2551 Graevius
382 2523 485 2553 tacite
507 2523 618 2554 omisit
639 2530 695 2555 est.
741 2525 813 2561 Ego
902 2525 938 2555 16
972 2527 1009 2554 in
1035 2528 1152 2555 senatu
1181 2524 1329 2560 disserui,
1359 2528 1390 2553 et
1417 2523 1487 2553 dixi
1515 2525 1551 2558 in

112 2560 318 2594 scribendum
334 2568 416 2603 puto
431 2566 507 2602 erit,
522 2566 610 2605 quod
631 2573 666 2596 et
690 2577 739 2598 res
756 2560 812 2608 pi,-
855 2566 958 2606 cona]
986 2567 1112 2607 Nempe
1139 2567 1174 2596 in
1200 2573 1316 2596 senatu
1338 2565 1491 2595 subtilior
1516 2571 1550 2604 et

112 2613 228 2645 stulat,
255 2615 337 2647 fflud
360 2622 451 2654 este
475 2609 727 2657 compendio?—
772 2619 810 2649 {n
852 2608 1063 2657 tranquillior
1101 2613 1151 2639 est
1180 2609 1296 2654 orario,
1319 2608 1360 2654 ¹in
1391 2609 1551 2656 concione

113 2654 177 2687 MS·
204 2653 268 2688 (ζα,
299 2661 325 2689 1,
353 2659 501 2690 additum
522 2665 574 2690 est
599 2665 670 2700 post
696 2671 811 2701 pal-en,
853 2651 1080 2681 vehementior
1095 2655 1128 2680 et
1144 2657 1300 2679 ornatior.
1318 2648 1400 2678 illud
1415 2655 1465 2680 est
1487 2651 1551 2680 dis·

111 2698 234 2735 flffiSiss,
260 2709 426 2740 oppressus
445 2703 490 2732 ibi
514 2703 597 2732 erit.-
618 2703 705 2742 quod
726 2708 775 2734 est
791 2714 810 2735 a
852 2693 1079 2742 sescntisn-hoe
1094 2693 1243 2739 dicfssmlss·
1327 2733 1333 2739 ,
1427 2735 1433 2740 Ι

111 2739 302 2779 glossatore.
899 2738 934 2768 17
951 2739 981 2766 te
996 2745 1102 2775 ipsum
1112 2733 1236 2772 vincas]
1256 2732 1370 2763 Malim
1382 2739 1413 2763 te
1422 2743 1499 2774 epse,
1512 2741 1551 2765 ex

156 2785 194 2813 15
215 2783 301 2825 Quoe
315 2795 360 2816 m·
375 2786 550 2826 sententia]
564 2786 612 2817 Ut
626 2791 664 2817 tu
680 2787 807 2827 Syriam
851 2775 1123 2825 ΙᾱῐὶηίξξιῖίΒ-Ιεῇο.
1139 2785 1215 2824 nam
1229 2780 1259 2805 te
1268 2785 1334 2810 non
1348 2775 1402 2816 hic
1415 2776 1552 2825 opponi..

111 2824 275 2856 ffiffineoes
303 2827 343 2866 ad
369 2827 576 2858 Do1abdlam
611 2838 808 2868 persequen-
852 2829 907 2853 tur
917 2819 1000 2850 alus.
1012 2821 1064 2850 Sic
1075 2818 1287 2863 iterummfrfi
1296 2827 1350 2857 ep.
1361 2818 1549 2871 ¹23i'etifflfbh
