<?xml version="1.0" encoding="UTF-8"?>
<!DOCTYPE html PUBLIC "-//W3C//DTD XHTML 1.0 Transitional//EN"
    "http://www.w3.org/TR/xhtml1/DTD/xhtml1-transitional.dtd">
<html xmlns="http://www.w3.org/1999/xhtml" xml:lang="en" lang="en">
 <head>
  <title>
</title>
<meta http-equiv="Content-Type" content="text/html;charset=utf-8" />
  <meta name='ocr-system' content='tesseract 3.04.00' />
  <meta name='ocr-capabilities' content='ocr_page ocr_carea ocr_par ocr_line ocrx_word'/>
</head>
<body>
  <div class='ocr_page' id='page_1' title='image "./p1operaomnia03ciceuoft_0439.png"; bbox 0 0 1865 3223; ppageno 0'>
   <div class='ocr_carea' id='block_1_1' title="bbox 592 112 1533 152">
    <p class='ocr_par' dir='ltr' id='par_1_1' title="bbox 592 112 1533 152">
     <span class='ocr_line' id='line_1_1' title="bbox 592 112 1533 152; baseline -0.001 -1"><span class='ocrx_word' id='word_1_1' title='bbox 592 113 671 152; x_wconf 78' lang='lat' dir='ltr'>AD</span> <span class='ocrx_word' id='word_1_2' title='bbox 696 112 1028 151; x_wconf 83' lang='lat' dir='ltr'>TIRONEM.</span> <span class='ocrx_word' id='word_1_3' title='bbox 1456 115 1533 152; x_wconf 68' lang='lat'>425</span> 
     </span>
    </p>
   </div>
   <div class='ocr_carea' id='block_1_2' title="bbox 105 216 1662 2205">
    <p class='ocr_par' dir='ltr' id='par_1_2' title="bbox 105 216 1662 2205">
     <span class='ocr_line' id='line_1_2' title="bbox 110 216 1533 275; baseline -0.003 -14"><span class='ocrx_word' id='word_1_4' title='bbox 110 227 155 262; x_wconf 81' lang='lat' dir='ltr'>et</span> <span class='ocrx_word' id='word_1_5' title='bbox 185 218 391 260; x_wconf 83' lang='lat' dir='ltr'>carissimi</span> <span class='ocrx_word' id='word_1_6' title='bbox 426 218 556 275; x_wconf 83' lang='lat' dir='ltr'>patris</span> <span class='ocrx_word' id='word_1_7' title='bbox 591 217 797 274; x_wconf 85' lang='lat' dir='ltr'>epistola:</span> <span class='ocrx_word' id='word_1_8' title='bbox 832 226 922 258; x_wconf 84' lang='lat' dir='ltr'>tum</span> <span class='ocrx_word' id='word_1_9' title='bbox 956 230 1054 257; x_wconf 87' lang='lat' dir='ltr'>vero</span> <span class='ocrx_word' id='word_1_10' title='bbox 1080 216 1406 271; x_wconf 85' lang='lat' dir='ltr'>jucundissimae</span> <span class='ocrx_word' id='word_1_11' title='bbox 1443 225 1533 257; x_wconf 79' lang='lat' dir='ltr'>tuae</span> 
     </span>
     <span class='ocr_line' id='line_1_3' title="bbox 111 273 1531 330; baseline -0.003 -14"><span class='ocrx_word' id='word_1_12' title='bbox 111 276 265 317; x_wconf 80' lang='lat' dir='ltr'>litterae</span> <span class='ocrx_word' id='word_1_13' title='bbox 283 276 498 316; x_wconf 87' lang='lat' dir='ltr'>cumulum</span> <span class='ocrx_word' id='word_1_14' title='bbox 518 274 621 315; x_wconf 87' lang='lat' dir='ltr'>mihi</span> <span class='ocrx_word' id='word_1_15' title='bbox 642 275 786 330; x_wconf 82' lang='lat' dir='ltr'>gaudii</span> <span class='ocrx_word' id='word_1_16' title='bbox 806 274 1053 316; x_wconf 85' lang='lat' dir='ltr'>attulerunt.</span> <span class='ocrx_word' id='word_1_17' title='bbox 1088 273 1237 328; x_wconf 82' lang='lat' dir='ltr'>[tuque</span> <span class='ocrx_word' id='word_1_18' title='bbox 1253 274 1426 328; x_wconf 83' lang='lat' dir='ltr'>mejam</span> <span class='ocrx_word' id='word_1_19' title='bbox 1446 287 1531 313; x_wconf 88' lang='lat' dir='ltr'>non</span> 
     </span>
     <span class='ocr_line' id='line_1_4' title="bbox 146 330 1532 387; baseline -0.002 -15"><span class='ocrx_word' id='word_1_20' title='bbox 146 333 370 383; x_wconf 70' lang='lat' dir='ltr'>(enitebat,</span> <span class='ocrx_word' id='word_1_21' title='bbox 404 333 761 387; x_wconf 79' lang='lat' dir='ltr'>intercapedinem</span> <span class='ocrx_word' id='word_1_22' title='bbox 802 331 1013 372; x_wconf 85' lang='lat' dir='ltr'>scribendi</span> <span class='ocrx_word' id='word_1_23' title='bbox 1054 330 1234 371; x_wconf 87' lang='lat' dir='ltr'>fecisse:</span> <span class='ocrx_word' id='word_1_24' title='bbox 1275 332 1344 370; x_wconf 86' lang='lat' dir='ltr'>sed</span> <span class='ocrx_word' id='word_1_25' title='bbox 1388 331 1532 384; x_wconf 83' lang='lat' dir='ltr'>potius</span> 
     </span>
     <span class='ocr_line' id='line_1_5' title="bbox 128 387 1530 443; baseline -0.003 -14"><span class='ocrx_word' id='word_1_26' title='bbox 128 389 302 429; x_wconf 77' lang='lat' dir='ltr'>aetabar.</span> <span class='ocrx_word' id='word_1_27' title='bbox 337 389 522 429; x_wconf 87' lang='lat' dir='ltr'>fructum</span> <span class='ocrx_word' id='word_1_28' title='bbox 554 389 666 429; x_wconf 84' lang='lat' dir='ltr'>enim</span> <span class='ocrx_word' id='word_1_29' title='bbox 707 402 910 443; x_wconf 83' lang='lat' dir='ltr'>magnum</span> <span class='ocrx_word' id='word_1_30' title='bbox 951 387 1226 427; x_wconf 83' lang='lat' dir='ltr'>humanitatis</span> <span class='ocrx_word' id='word_1_31' title='bbox 1266 396 1350 426; x_wconf 83' lang='lat' dir='ltr'>tuae</span> <span class='ocrx_word' id='word_1_32' title='bbox 1389 387 1530 441; x_wconf 74' lang='lat' dir='ltr'>capie-</span> 
     </span>
     <span class='ocr_line' id='line_1_6' title="bbox 114 443 1575 497; baseline -0.002 -11"><span class='ocrx_word' id='word_1_33' title='bbox 114 445 208 486; x_wconf 85' lang='lat' dir='ltr'>bam</span> <span class='ocrx_word' id='word_1_34' title='bbox 248 460 300 486; x_wconf 84' lang='lat' dir='ltr'>ex</span> <span class='ocrx_word' id='word_1_35' title='bbox 338 445 505 486; x_wconf 89' lang='lat' dir='ltr'>silentio</span> <span class='ocrx_word' id='word_1_36' title='bbox 544 459 732 485; x_wconf 88' lang='lat' dir='ltr'>mearum</span> <span class='ocrx_word' id='word_1_37' title='bbox 769 445 1019 485; x_wconf 83' lang='lat' dir='ltr'>litterarum.</span> <span class='ocrx_word' id='word_1_38' title='bbox 1082 443 1364 484; x_wconf 79' lang='lat' dir='ltr'><strong>Vehementer</strong></span> <span class='ocrx_word' id='word_1_39' title='bbox 1400 443 1530 497; x_wconf 84' lang='lat' dir='ltr'>igitur</span> <span class='ocrx_word' id='word_1_40' title='bbox 1545 459 1575 490; x_wconf 83' lang='lat' dir='ltr'>b.</span> 
     </span>
     <span class='ocr_line' id='line_1_7' title="bbox 112 501 1533 557; baseline -0.001 -15"><span class='ocrx_word' id='word_1_41' title='bbox 112 501 294 557; x_wconf 84' lang='lat' dir='ltr'>gaudeo,</span> <span class='ocrx_word' id='word_1_42' title='bbox 338 512 377 542; x_wconf 90' lang='lat' dir='ltr'>te</span> <span class='ocrx_word' id='word_1_43' title='bbox 418 515 553 542; x_wconf 86' lang='lat' dir='ltr'>meam</span> <span class='ocrx_word' id='word_1_44' title='bbox 597 503 685 542; x_wconf 87' lang='lat' dir='ltr'>sine</span> <span class='ocrx_word' id='word_1_45' title='bbox 727 502 994 542; x_wconf 80' lang='lat' dir='ltr'>dubitatione</span> <span class='ocrx_word' id='word_1_46' title='bbox 1035 501 1249 556; x_wconf 85' lang='lat' dir='ltr'>accepisse</span> <span class='ocrx_word' id='word_1_47' title='bbox 1291 512 1533 540; x_wconf 78' lang='lat' dir='ltr'>excusatio-</span> 
     </span>
     <span class='ocr_line' id='line_1_8' title="bbox 111 557 1534 615; baseline -0.001 -17"><span class='ocrx_word' id='word_1_48' title='bbox 111 572 224 599; x_wconf 89' lang='lat' dir='ltr'>nem.</span> <span class='ocrx_word' id='word_1_49' title='bbox 286 558 441 599; x_wconf 84' lang='lat' dir='ltr'>Gratos</span> <span class='ocrx_word' id='word_1_50' title='bbox 484 558 560 599; x_wconf 89' lang='lat' dir='ltr'>tibi</span> <span class='ocrx_word' id='word_1_51' title='bbox 604 568 860 615; x_wconf 84' lang='lat' dir='ltr'>optatosque</span> <span class='ocrx_word' id='word_1_52' title='bbox 900 572 1004 608; x_wconf 88' lang='lat' dir='ltr'>esse,</span> <span class='ocrx_word' id='word_1_53' title='bbox 1040 558 1112 612; x_wconf 90' lang='lat' dir='ltr'>qui</span> <span class='ocrx_word' id='word_1_54' title='bbox 1155 557 1207 597; x_wconf 90' lang='lat' dir='ltr'>de</span> <span class='ocrx_word' id='word_1_55' title='bbox 1244 569 1312 596; x_wconf 90' lang='lat' dir='ltr'>me</span> <span class='ocrx_word' id='word_1_56' title='bbox 1347 569 1534 596; x_wconf 81' lang='lat' dir='ltr'>rumores</span> 
     </span>
     <span class='ocr_line' id='line_1_9' title="bbox 111 613 1536 668; baseline -0.003 -13"><span class='ocrx_word' id='word_1_57' title='bbox 111 614 362 665; x_wconf 79' lang='lat' dir='ltr'>afferuntur,</span> <span class='ocrx_word' id='word_1_58' title='bbox 385 629 470 655; x_wconf 87' lang='lat' dir='ltr'>non</span> <span class='ocrx_word' id='word_1_59' title='bbox 503 616 670 666; x_wconf 69' lang='lat' dir='ltr'>dubito,</span> <span class='ocrx_word' id='word_1_60' title='bbox 698 617 755 656; x_wconf 84' lang='lat' dir='ltr'>mi</span> <span class='ocrx_word' id='word_1_61' title='bbox 789 615 1031 656; x_wconf 79' lang='lat' dir='ltr'>dulcissime</span> <span class='ocrx_word' id='word_1_62' title='bbox 1063 613 1189 655; x_wconf 84' lang='lat' dir='ltr'>Tiro:</span> <span class='ocrx_word' id='word_1_63' title='bbox 1223 613 1536 668; x_wconf 86' lang='lat' dir='ltr'>praestaboque‚</span> 
     </span>
     <span class='ocr_line' id='line_1_10' title="bbox 112 670 1536 728; baseline -0.001 -16"><span class='ocrx_word' id='word_1_64' title='bbox 112 681 155 712; x_wconf 83' lang='lat' dir='ltr'>et</span> <span class='ocrx_word' id='word_1_65' title='bbox 176 672 326 722; x_wconf 87' lang='lat' dir='ltr'>enitar,</span> <span class='ocrx_word' id='word_1_66' title='bbox 350 681 396 712; x_wconf 88' lang='lat' dir='ltr'>ut</span> <span class='ocrx_word' id='word_1_67' title='bbox 428 673 470 712; x_wconf 89' lang='lat' dir='ltr'>in</span> <span class='ocrx_word' id='word_1_68' title='bbox 504 672 593 713; x_wconf 83' lang='lat' dir='ltr'>dies</span> <span class='ocrx_word' id='word_1_69' title='bbox 626 673 762 728; x_wconf 81' lang='lat' dir='ltr'>magis</span> <span class='ocrx_word' id='word_1_70' title='bbox 795 673 1015 728; x_wconf 83' lang='lat' dir='ltr'>magisque</span> <span class='ocrx_word' id='word_1_71' title='bbox 1049 671 1142 711; x_wconf 77' lang='lat' dir='ltr'>liaec</span> <span class='ocrx_word' id='word_1_72' title='bbox 1177 684 1351 711; x_wconf 72' lang='lat' dir='ltr'>nascens</span> <span class='ocrx_word' id='word_1_73' title='bbox 1381 670 1434 709; x_wconf 85' lang='lat' dir='ltr'>de</span> <span class='ocrx_word' id='word_1_74' title='bbox 1468 683 1536 710; x_wconf 82' lang='lat' dir='ltr'>me</span> 
     </span>
     <span class='ocr_line' id='line_1_11' title="bbox 110 727 1534 785; baseline -0.003 -16"><span class='ocrx_word' id='word_1_75' title='bbox 110 728 353 783; x_wconf 84' lang='lat' dir='ltr'>duplicetur</span> <span class='ocrx_word' id='word_1_76' title='bbox 390 729 552 784; x_wconf 86' lang='lat' dir='ltr'>opinio.</span> <span class='ocrx_word' id='word_1_77' title='bbox 614 730 757 776; x_wconf 81' lang='lat' dir='ltr'>Quare</span> <span class='ocrx_word' id='word_1_78' title='bbox 789 730 902 784; x_wconf 86' lang='lat' dir='ltr'>quod</span> <span class='ocrx_word' id='word_1_79' title='bbox 947 728 1157 785; x_wconf 85' lang='lat' dir='ltr'>polliceris</span> <span class='ocrx_word' id='word_1_80' title='bbox 1204 738 1243 766; x_wconf 85' lang='lat' dir='ltr'>te</span> <span class='ocrx_word' id='word_1_81' title='bbox 1288 727 1534 767; x_wconf 83' lang='lat' dir='ltr'>buccinato-</span> 
     </span>
     <span class='ocr_line' id='line_1_12' title="bbox 112 783 1535 838; baseline -0.002 -13"><span class='ocrx_word' id='word_1_82' title='bbox 112 799 200 825; x_wconf 89' lang='lat' dir='ltr'>rem</span> <span class='ocrx_word' id='word_1_83' title='bbox 224 785 315 826; x_wconf 88' lang='lat' dir='ltr'>fore</span> <span class='ocrx_word' id='word_1_84' title='bbox 346 785 677 827; x_wconf 80' lang='lat' dir='ltr'>existimationis</span> <span class='ocrx_word' id='word_1_85' title='bbox 711 800 832 838; x_wconf 85' lang='lat' dir='ltr'>meae,</span> <span class='ocrx_word' id='word_1_86' title='bbox 855 786 977 826; x_wconf 89' lang='lat' dir='ltr'>firmo</span> <span class='ocrx_word' id='word_1_87' title='bbox 1002 786 1042 826; x_wconf 87' lang='lat' dir='ltr'>id</span> <span class='ocrx_word' id='word_1_88' title='bbox 1071 783 1369 837; x_wconf 80' lang='lat' dir='ltr'>constantique</span> <span class='ocrx_word' id='word_1_89' title='bbox 1392 783 1535 822; x_wconf 79' lang='lat' dir='ltr'>animo</span> 
     </span>
     <span class='ocr_line' id='line_1_13' title="bbox 111 841 1536 893; baseline -0.003 -11"><span class='ocrx_word' id='word_1_90' title='bbox 111 841 242 882; x_wconf 83' lang='lat' dir='ltr'>facias</span> <span class='ocrx_word' id='word_1_91' title='bbox 280 842 394 883; x_wconf 84' lang='lat' dir='ltr'>licet.</span> <span class='ocrx_word' id='word_1_92' title='bbox 454 842 640 884; x_wconf 73' lang='lat' dir='ltr'>&#39;santum</span> <span class='ocrx_word' id='word_1_93' title='bbox 681 844 792 884; x_wconf 89' lang='lat' dir='ltr'>enim</span> <span class='ocrx_word' id='word_1_94' title='bbox 837 842 941 883; x_wconf 82' lang='lat' dir='ltr'>inihi</span> <span class='ocrx_word' id='word_1_95' title='bbox 983 842 1172 883; x_wconf 83' lang='lat' dir='ltr'>dolorem</span> <span class='ocrx_word' id='word_1_96' title='bbox 1214 850 1536 893; x_wconf 74' lang='lat' dir='ltr'>cruciatumque</span> 
     </span>
     <span class='ocr_line' id='line_1_14' title="bbox 111 897 1536 950; baseline -0.003 -11"><span class='ocrx_word' id='word_1_97' title='bbox 111 900 346 939; x_wconf 83' lang='lat' dir='ltr'>attulerunt</span> <span class='ocrx_word' id='word_1_98' title='bbox 377 910 514 940; x_wconf 82' lang='lat' dir='ltr'>errata</span> <span class='ocrx_word' id='word_1_99' title='bbox 547 900 685 941; x_wconf 83' lang='lat' dir='ltr'>aetatis</span> <span class='ocrx_word' id='word_1_100' title='bbox 721 915 840 950; x_wconf 87' lang='lat' dir='ltr'>mcae,</span> <span class='ocrx_word' id='word_1_101' title='bbox 864 909 910 939; x_wconf 92' lang='lat' dir='ltr'>ut</span> <span class='ocrx_word' id='word_1_102' title='bbox 943 914 1027 939; x_wconf 89' lang='lat' dir='ltr'>non</span> <span class='ocrx_word' id='word_1_103' title='bbox 1062 897 1195 939; x_wconf 89' lang='lat' dir='ltr'>solum</span> <span class='ocrx_word' id='word_1_104' title='bbox 1230 898 1396 937; x_wconf 79' lang='lat' dir='ltr'>animus</span> <span class='ocrx_word' id='word_1_105' title='bbox 1425 911 1449 936; x_wconf 85' lang='lat' dir='ltr'>a</span> <span class='ocrx_word' id='word_1_106' title='bbox 1474 897 1536 936; x_wconf 77' lang='lat' dir='ltr'>fa-</span> 
     </span>
     <span class='ocr_line' id='line_1_15' title="bbox 110 952 1536 1011; baseline -0.002 -15"><span class='ocrx_word' id='word_1_107' title='bbox 110 957 205 1006; x_wconf 85' lang='lat' dir='ltr'>ctis,</span> <span class='ocrx_word' id='word_1_108' title='bbox 229 956 300 996; x_wconf 89' lang='lat' dir='ltr'>sed</span> <span class='ocrx_word' id='word_1_109' title='bbox 322 970 441 996; x_wconf 86' lang='lat' dir='ltr'>aures</span> <span class='ocrx_word' id='word_1_110' title='bbox 464 971 634 1011; x_wconf 87' lang='lat' dir='ltr'>quoque</span> <span class='ocrx_word' id='word_1_111' title='bbox 655 972 680 997; x_wconf 89' lang='lat' dir='ltr'>a</span> <span class='ocrx_word' id='word_1_112' title='bbox 701 955 1108 997; x_wconf 79' lang='lat' dir='ltr'>commemoratione</span> <span class='ocrx_word' id='word_1_113' title='bbox 1130 954 1399 995; x_wconf 76' lang='lat' dir='ltr'>abhorreant.</span> <span class='ocrx_word' id='word_1_114' title='bbox 1447 952 1536 993; x_wconf 90' lang='lat' dir='ltr'>Cu-</span> 
     </span>
     <span class='ocr_line' id='line_1_16' title="bbox 105 1010 1536 1068; baseline -0.002 -16"><span class='ocrx_word' id='word_1_115' title='bbox 105 1012 178 1068; x_wconf 91' lang='lat' dir='ltr'>jus</span> <span class='ocrx_word' id='word_1_116' title='bbox 202 1021 242 1053; x_wconf 89' lang='lat' dir='ltr'>te</span> <span class='ocrx_word' id='word_1_117' title='bbox 265 1012 562 1053; x_wconf 72' lang='lat' dir='ltr'>sollicitudinis</span> <span class='ocrx_word' id='word_1_118' title='bbox 585 1022 628 1054; x_wconf 89' lang='lat' dir='ltr'>et</span> <span class='ocrx_word' id='word_1_119' title='bbox 649 1013 806 1054; x_wconf 88' lang='lat' dir='ltr'>doloris</span> <span class='ocrx_word' id='word_1_120' title='bbox 838 1013 1088 1068; x_wconf 84' lang='lat' dir='ltr'>participem</span> <span class='ocrx_word' id='word_1_121' title='bbox 1121 1010 1264 1061; x_wconf 85' lang='lat' dir='ltr'>fuisse,</span> <span class='ocrx_word' id='word_1_122' title='bbox 1289 1020 1435 1050; x_wconf 89' lang='lat' dir='ltr'>notum</span> <span class='ocrx_word' id='word_1_123' title='bbox 1459 1023 1536 1050; x_wconf 85' lang='lat' dir='ltr'>ex·</span> 
     </span>
     <span class='ocr_line' id='line_1_17' title="bbox 110 1066 1537 1125; baseline -0.001 -17"><span class='ocrx_word' id='word_1_124' title='bbox 110 1068 408 1125; x_wconf 84' lang='lat' dir='ltr'>ploratumque</span> <span class='ocrx_word' id='word_1_125' title='bbox 442 1079 505 1110; x_wconf 86' lang='lat' dir='ltr'>est</span> <span class='ocrx_word' id='word_1_126' title='bbox 537 1070 673 1112; x_wconf 87' lang='lat' dir='ltr'>mihi:</span> <span class='ocrx_word' id='word_1_127' title='bbox 708 1085 784 1111; x_wconf 85' lang='lat' dir='ltr'>nee</span> <span class='ocrx_word' id='word_1_128' title='bbox 817 1070 858 1110; x_wconf 90' lang='lat' dir='ltr'>id</span> <span class='ocrx_word' id='word_1_129' title='bbox 889 1071 1058 1110; x_wconf 88' lang='lat' dir='ltr'>mirum.</span> <span class='ocrx_word' id='word_1_130' title='bbox 1121 1067 1234 1108; x_wconf 85' lang='lat' dir='ltr'>Nam</span> <span class='ocrx_word' id='word_1_131' title='bbox 1260 1081 1358 1107; x_wconf 90' lang='lat' dir='ltr'>cum</span> <span class='ocrx_word' id='word_1_132' title='bbox 1391 1066 1537 1106; x_wconf 82' lang='lat' dir='ltr'>omnia</span> 
     </span>
     <span class='ocr_line' id='line_1_18' title="bbox 110 1125 1536 1178; baseline -0.002 -13"><span class='ocrx_word' id='word_1_133' title='bbox 110 1138 206 1166; x_wconf 86' lang='lat' dir='ltr'>mea</span> <span class='ocrx_word' id='word_1_134' title='bbox 237 1140 365 1167; x_wconf 85' lang='lat' dir='ltr'>causa</span> <span class='ocrx_word' id='word_1_135' title='bbox 389 1126 512 1167; x_wconf 90' lang='lat' dir='ltr'>velles</span> <span class='ocrx_word' id='word_1_136' title='bbox 544 1127 651 1167; x_wconf 85' lang='lat' dir='ltr'>mihi</span> <span class='ocrx_word' id='word_1_137' title='bbox 685 1141 901 1178; x_wconf 81' lang='lat' dir='ltr'>successa3</span> <span class='ocrx_word' id='word_1_138' title='bbox 931 1129 1074 1166; x_wconf 81' lang='lat' dir='ltr'>4⁰tum</span> <span class='ocrx_word' id='word_1_139' title='bbox 1109 1125 1237 1165; x_wconf 84' lang='lat' dir='ltr'>etiam</span> <span class='ocrx_word' id='word_1_140' title='bbox 1261 1134 1347 1164; x_wconf 86' lang='lat' dir='ltr'>tua.</span> <span class='ocrx_word' id='word_1_141' title='bbox 1371 1137 1536 1163; x_wconf 81' lang='lat' dir='ltr'>socium</span> 
     </span>
     <span class='ocr_line' id='line_1_19' title="bbox 111 1179 1537 1238; baseline -0.001 -15"><span class='ocrx_word' id='word_1_142' title='bbox 111 1183 224 1223; x_wconf 88' lang='lat' dir='ltr'>enim</span> <span class='ocrx_word' id='word_1_143' title='bbox 249 1193 290 1224; x_wconf 92' lang='lat' dir='ltr'>te</span> <span class='ocrx_word' id='word_1_144' title='bbox 322 1197 514 1224; x_wconf 87' lang='lat' dir='ltr'>meorum</span> <span class='ocrx_word' id='word_1_145' title='bbox 547 1184 871 1225; x_wconf 86' lang='lat' dir='ltr'>commodorum</span> <span class='ocrx_word' id='word_1_146' title='bbox 907 1196 1072 1238; x_wconf 86' lang='lat' dir='ltr'>semper</span> <span class='ocrx_word' id='word_1_147' title='bbox 1103 1195 1193 1222; x_wconf 87' lang='lat' dir='ltr'>esse</span> <span class='ocrx_word' id='word_1_148' title='bbox 1217 1181 1344 1221; x_wconf 86' lang='lat' dir='ltr'>volui.</span> <span class='ocrx_word' id='word_1_149' title='bbox 1405 1179 1537 1226; x_wconf 78' lang='lat' dir='ltr'>Quod</span> 
     </span>
     <span class='ocr_line' id='line_1_20' title="bbox 108 1239 1536 1294; baseline -0.001 -15"><span class='ocrx_word' id='word_1_150' title='bbox 108 1239 243 1294; x_wconf 84' lang='lat' dir='ltr'>igitur</span> <span class='ocrx_word' id='word_1_151' title='bbox 275 1252 364 1280; x_wconf 86' lang='lat' dir='ltr'>tum</span> <span class='ocrx_word' id='word_1_152' title='bbox 400 1254 455 1281; x_wconf 79' lang='lat' dir='ltr'>ex</span> <span class='ocrx_word' id='word_1_153' title='bbox 491 1254 556 1280; x_wconf 89' lang='lat' dir='ltr'>me</span> <span class='ocrx_word' id='word_1_154' title='bbox 594 1240 782 1289; x_wconf 85' lang='lat' dir='ltr'>doluisti,</span> <span class='ocrx_word' id='word_1_155' title='bbox 812 1255 939 1290; x_wconf 87' lang='lat' dir='ltr'>nunc,</span> <span class='ocrx_word' id='word_1_156' title='bbox 973 1249 1020 1279; x_wconf 92' lang='lat' dir='ltr'>ut</span> <span class='ocrx_word' id='word_1_157' title='bbox 1052 1239 1292 1294; x_wconf 87' lang='lat' dir='ltr'>duplicetur</span> <span class='ocrx_word' id='word_1_158' title='bbox 1328 1246 1445 1277; x_wconf 84' lang='lat' dir='ltr'>tuum</span> <span class='ocrx_word' id='word_1_159' title='bbox 1480 1250 1536 1278; x_wconf 80' lang='lat' dir='ltr'>ex</span> 
     </span>
     <span class='ocr_line' id='line_1_21' title="bbox 109 1294 1537 1352; baseline -0.003 -16"><span class='ocrx_word' id='word_1_160' title='bbox 109 1309 178 1336; x_wconf 86' lang='lat' dir='ltr'>me</span> <span class='ocrx_word' id='word_1_161' title='bbox 211 1298 431 1351; x_wconf 73' lang='lat' dir='ltr'>gaudium,</span> <span class='ocrx_word' id='word_1_162' title='bbox 454 1298 682 1352; x_wconf 78' lang='lat' dir='ltr'>praestabo.</span> <span class='ocrx_word' id='word_1_163' title='bbox 744 1297 953 1352; x_wconf 79' lang='lat' dir='ltr'>Cratippo</span> <span class='ocrx_word' id='word_1_164' title='bbox 979 1310 1061 1346; x_wconf 87' lang='lat' dir='ltr'>me,</span> <span class='ocrx_word' id='word_1_165' title='bbox 1083 1295 1206 1345; x_wconf 86' lang='lat' dir='ltr'>scito,</span> <span class='ocrx_word' id='word_1_166' title='bbox 1234 1309 1314 1334; x_wconf 85' lang='lat' dir='ltr'>non</span> <span class='ocrx_word' id='word_1_167' title='bbox 1343 1303 1386 1333; x_wconf 90' lang='lat' dir='ltr'>ut</span> <span class='ocrx_word' id='word_1_168' title='bbox 1408 1294 1537 1334; x_wconf 85' lang='lat' dir='ltr'>disci-</span> 
     </span>
     <span class='ocr_line' id='line_1_22' title="bbox 110 1352 1534 1408; baseline -0.003 -14"><span class='ocrx_word' id='word_1_169' title='bbox 110 1352 273 1408; x_wconf 86' lang='lat' dir='ltr'>pulum,</span> <span class='ocrx_word' id='word_1_170' title='bbox 307 1353 377 1394; x_wconf 91' lang='lat' dir='ltr'>sed</span> <span class='ocrx_word' id='word_1_171' title='bbox 413 1364 460 1394; x_wconf 80' lang='lat' dir='ltr'>ut</span> <span class='ocrx_word' id='word_1_172' title='bbox 493 1353 643 1405; x_wconf 89' lang='lat' dir='ltr'>filium,</span> <span class='ocrx_word' id='word_1_173' title='bbox 676 1368 766 1394; x_wconf 88' lang='lat' dir='ltr'>esse</span> <span class='ocrx_word' id='word_1_174' title='bbox 802 1353 1219 1408; x_wconf 84' lang='lat' dir='ltr'>conjunctissimum.</span> <span class='ocrx_word' id='word_1_175' title='bbox 1255 1366 1349 1391; x_wconf 82' lang='lat' dir='ltr'>nam</span> <span class='ocrx_word' id='word_1_176' title='bbox 1383 1353 1417 1380; x_wconf 81' lang='lat'>41</span> <span class='ocrx_word' id='word_1_177' title='bbox 1437 1363 1534 1390; x_wconf 76' lang='lat' dir='ltr'>cuin</span> 
     </span>
     <span class='ocr_line' id='line_1_23' title="bbox 112 1407 1537 1464; baseline -0.002 -16"><span class='ocrx_word' id='word_1_178' title='bbox 112 1409 239 1450; x_wconf 85' lang='lat' dir='ltr'>audio</span> <span class='ocrx_word' id='word_1_179' title='bbox 274 1410 389 1451; x_wconf 75' lang='lat' dir='ltr'>ilium</span> <span class='ocrx_word' id='word_1_180' title='bbox 425 1411 618 1461; x_wconf 82' lang='lat' dir='ltr'>libenter,</span> <span class='ocrx_word' id='word_1_181' title='bbox 642 1420 732 1451; x_wconf 85' lang='lat' dir='ltr'>tum</span> <span class='ocrx_word' id='word_1_182' title='bbox 766 1411 894 1451; x_wconf 82' lang='lat' dir='ltr'>etiam</span> <span class='ocrx_word' id='word_1_183' title='bbox 925 1410 1140 1464; x_wconf 80' lang='lat' dir='ltr'>propriam</span> <span class='ocrx_word' id='word_1_184' title='bbox 1169 1408 1260 1462; x_wconf 82' lang='lat' dir='ltr'>ejus</span> <span class='ocrx_word' id='word_1_185' title='bbox 1282 1407 1537 1448; x_wconf 87' lang='lat' dir='ltr'>suavitatem</span> 
     </span>
     <span class='ocr_line' id='line_1_24' title="bbox 111 1464 1537 1522; baseline -0.002 -16"><span class='ocrx_word' id='word_1_186' title='bbox 111 1466 384 1508; x_wconf 78' lang='lat' dir='ltr'>veliementer</span> <span class='ocrx_word' id='word_1_187' title='bbox 418 1468 667 1522; x_wconf 87' lang='lat' dir='ltr'>amplector.</span> <span class='ocrx_word' id='word_1_188' title='bbox 729 1467 832 1507; x_wconf 87' lang='lat' dir='ltr'>Sum</span> <span class='ocrx_word' id='word_1_189' title='bbox 867 1476 980 1506; x_wconf 88' lang='lat' dir='ltr'>totos</span> <span class='ocrx_word' id='word_1_190' title='bbox 1014 1467 1102 1506; x_wconf 86' lang='lat' dir='ltr'>dies</span> <span class='ocrx_word' id='word_1_191' title='bbox 1141 1479 1236 1506; x_wconf 84' lang='lat' dir='ltr'>cum</span> <span class='ocrx_word' id='word_1_192' title='bbox 1274 1478 1340 1514; x_wconf 69' lang='grc' dir='ltr'>ρο,</span> <span class='ocrx_word' id='word_1_193' title='bbox 1376 1464 1537 1504; x_wconf 86' lang='lat' dir='ltr'>noctis-</span> 
     </span>
     <span class='ocr_line' id='line_1_25' title="bbox 109 1524 1537 1579; baseline -0.002 -17"><span class='ocrx_word' id='word_1_194' title='bbox 109 1537 192 1577; x_wconf 89' lang='lat' dir='ltr'>que</span> <span class='ocrx_word' id='word_1_195' title='bbox 231 1537 524 1578; x_wconf 65' lang='lat' dir='ltr'>saepenumero</span> <span class='ocrx_word' id='word_1_196' title='bbox 564 1533 742 1579; x_wconf 85' lang='lat' dir='ltr'>partem.</span> <span class='ocrx_word' id='word_1_197' title='bbox 779 1538 912 1564; x_wconf 84' lang='lat' dir='ltr'>exoro</span> <span class='ocrx_word' id='word_1_198' title='bbox 951 1524 1079 1574; x_wconf 86' lang='lat' dir='ltr'>enim,</span> <span class='ocrx_word' id='word_1_199' title='bbox 1118 1533 1163 1563; x_wconf 91' lang='lat' dir='ltr'>ut</span> <span class='ocrx_word' id='word_1_200' title='bbox 1204 1534 1370 1560; x_wconf 88' lang='lat' dir='ltr'>mecum</span> <span class='ocrx_word' id='word_1_201' title='bbox 1408 1534 1537 1574; x_wconf 80' lang='lat' dir='ltr'>quarn</span> 
     </span>
     <span class='ocr_line' id='line_1_26' title="bbox 109 1577 1536 1635; baseline -0.002 -16"><span class='ocrx_word' id='word_1_202' title='bbox 109 1580 345 1635; x_wconf 85' lang='lat' dir='ltr'>saepissime</span> <span class='ocrx_word' id='word_1_203' title='bbox 376 1590 513 1621; x_wconf 82' lang='lat' dir='ltr'>cenet.</span> <span class='ocrx_word' id='word_1_204' title='bbox 578 1580 673 1621; x_wconf 83' lang='lat' dir='ltr'>Hac</span> <span class='ocrx_word' id='word_1_205' title='bbox 707 1581 952 1621; x_wconf 82' lang='lat' dir='ltr'>introducta</span> <span class='ocrx_word' id='word_1_206' title='bbox 982 1578 1305 1628; x_wconf 84' lang='lat' dir='ltr'>consuetudine,</span> <span class='ocrx_word' id='word_1_207' title='bbox 1327 1591 1441 1631; x_wconf 87' lang='lat' dir='ltr'>saepe</span> <span class='ocrx_word' id='word_1_208' title='bbox 1472 1577 1536 1617; x_wconf 89' lang='lat' dir='ltr'>in-</span> 
     </span>
     <span class='ocr_line' id='line_1_27' title="bbox 109 1633 1536 1692; baseline -0.003 -16"><span class='ocrx_word' id='word_1_209' title='bbox 109 1636 343 1677; x_wconf 88' lang='lat' dir='ltr'>scientibus</span> <span class='ocrx_word' id='word_1_210' title='bbox 377 1638 500 1677; x_wconf 89' lang='lat' dir='ltr'>nobis</span> <span class='ocrx_word' id='word_1_211' title='bbox 534 1647 576 1677; x_wconf 85' lang='lat' dir='ltr'>et</span> <span class='ocrx_word' id='word_1_212' title='bbox 607 1638 859 1678; x_wconf 79' lang='lat' dir='ltr'>cenantibus</span> <span class='ocrx_word' id='word_1_213' title='bbox 893 1637 1076 1692; x_wconf 85' lang='lat' dir='ltr'>obrepit,</span> <span class='ocrx_word' id='word_1_214' title='bbox 1099 1635 1348 1688; x_wconf 81' lang='lat' dir='ltr'>sublataque</span> <span class='ocrx_word' id='word_1_215' title='bbox 1381 1633 1536 1673; x_wconf 90' lang='lat' dir='ltr'>severi-</span> 
     </span>
     <span class='ocr_line' id='line_1_28' title="bbox 109 1689 1536 1749; baseline -0.002 -17"><span class='ocrx_word' id='word_1_216' title='bbox 109 1701 197 1733; x_wconf 86' lang='lat' dir='ltr'>tate</span> <span class='ocrx_word' id='word_1_217' title='bbox 230 1693 531 1749; x_wconf 84' lang='lat' dir='ltr'>philosophiae‚</span> <span class='ocrx_word' id='word_1_218' title='bbox 555 1694 857 1735; x_wconf 83' lang='lat' dir='ltr'>humanissime</span> <span class='ocrx_word' id='word_1_219' title='bbox 891 1694 1114 1734; x_wconf 87' lang='lat' dir='ltr'>nobiscum</span> <span class='ocrx_word' id='word_1_220' title='bbox 1142 1693 1330 1747; x_wconf 84' lang='lat' dir='ltr'>jocatur.</span> <span class='ocrx_word' id='word_1_221' title='bbox 1392 1689 1536 1735; x_wconf 84' lang='lat' dir='ltr'>Quare</span> 
     </span>
     <span class='ocr_line' id='line_1_29' title="bbox 107 1746 1537 1806; baseline -0.003 -16"><span class='ocrx_word' id='word_1_222' title='bbox 107 1749 163 1790; x_wconf 85' lang='lat' dir='ltr'>da</span> <span class='ocrx_word' id='word_1_223' title='bbox 195 1765 384 1806; x_wconf 82' lang='lat' dir='ltr'>operam,</span> <span class='ocrx_word' id='word_1_224' title='bbox 409 1759 456 1791; x_wconf 89' lang='lat' dir='ltr'>ut</span> <span class='ocrx_word' id='word_1_225' title='bbox 482 1751 597 1792; x_wconf 90' lang='lat' dir='ltr'>hunc</span> <span class='ocrx_word' id='word_1_226' title='bbox 631 1751 772 1800; x_wconf 89' lang='lat' dir='ltr'>talem,</span> <span class='ocrx_word' id='word_1_227' title='bbox 803 1760 886 1791; x_wconf 87' lang='lat' dir='ltr'>tam</span> <span class='ocrx_word' id='word_1_228' title='bbox 918 1750 1175 1806; x_wconf 84' lang='lat' dir='ltr'>jucundum,</span> <span class='ocrx_word' id='word_1_229' title='bbox 1205 1758 1291 1789; x_wconf 85' lang='lat' dir='ltr'>tam</span> <span class='ocrx_word' id='word_1_230' title='bbox 1325 1746 1537 1787; x_wconf 85' lang='lat' dir='ltr'>excellen-</span> 
     </span>
     <span class='ocr_line' id='line_1_30' title="bbox 108 1803 1538 1864; baseline -0.003 -18"><span class='ocrx_word' id='word_1_231' title='bbox 108 1814 193 1847; x_wconf 87' lang='lat' dir='ltr'>tem</span> <span class='ocrx_word' id='word_1_232' title='bbox 220 1808 354 1848; x_wconf 87' lang='lat' dir='ltr'>virum</span> <span class='ocrx_word' id='word_1_233' title='bbox 379 1808 520 1848; x_wconf 81' lang='lat' dir='ltr'>videas</span> <span class='ocrx_word' id='word_1_234' title='bbox 542 1822 688 1863; x_wconf 58' lang='lat' dir='ltr'>quam⁸</span> <span class='ocrx_word' id='word_1_235' title='bbox 704 1809 904 1864; x_wconf 85' lang='lat' dir='ltr'>primum.</span> <span class='ocrx_word' id='word_1_236' title='bbox 965 1807 1075 1847; x_wconf 81' lang='lat' dir='ltr'>Nam</span> <span class='ocrx_word' id='word_1_237' title='bbox 1099 1806 1202 1861; x_wconf 89' lang='lat' dir='ltr'>quid</span> <span class='ocrx_word' id='word_1_238' title='bbox 1231 1819 1311 1860; x_wconf 86' lang='lat' dir='ltr'>ego</span> <span class='ocrx_word' id='word_1_239' title='bbox 1333 1804 1386 1844; x_wconf 91' lang='lat' dir='ltr'>de</span> <span class='ocrx_word' id='word_1_240' title='bbox 1410 1803 1538 1843; x_wconf 86' lang='lat' dir='ltr'>Brut-</span> 
     </span>
     <span class='ocr_line' id='line_1_31' title="bbox 110 1860 1535 1920; baseline -0.001 -17"><span class='ocrx_word' id='word_1_241' title='bbox 110 1863 172 1903; x_wconf 91' lang='lat' dir='ltr'>tio</span> <span class='ocrx_word' id='word_1_242' title='bbox 210 1864 382 1906; x_wconf 84' lang='lat' dir='ltr'>dicam?</span> <span class='ocrx_word' id='word_1_243' title='bbox 412 1878 539 1920; x_wconf 90' lang='lat' dir='ltr'>quem</span> <span class='ocrx_word' id='word_1_244' title='bbox 579 1864 694 1905; x_wconf 89' lang='lat' dir='ltr'>nullo</span> <span class='ocrx_word' id='word_1_245' title='bbox 733 1874 924 1920; x_wconf 82' lang='lat' dir='ltr'>tempore</span> <span class='ocrx_word' id='word_1_246' title='bbox 956 1878 981 1903; x_wconf 88' lang='lat' dir='ltr'>a</span> <span class='ocrx_word' id='word_1_247' title='bbox 1020 1877 1086 1903; x_wconf 86' lang='lat' dir='ltr'>me</span> <span class='ocrx_word' id='word_1_248' title='bbox 1123 1862 1261 1919; x_wconf 87' lang='lat' dir='ltr'>patior</span> <span class='ocrx_word' id='word_1_249' title='bbox 1294 1860 1535 1901; x_wconf 86' lang='lat' dir='ltr'>discedere:</span> 
     </span>
     <span class='ocr_line' id='line_1_32' title="bbox 108 1917 1538 1977; baseline -0.003 -17"><span class='ocrx_word' id='word_1_250' title='bbox 108 1920 232 1977; x_wconf 83' lang='lat' dir='ltr'>cujus</span> <span class='ocrx_word' id='word_1_251' title='bbox 264 1936 362 1962; x_wconf 92' lang='lat' dir='ltr'>cum</span> <span class='ocrx_word' id='word_1_252' title='bbox 395 1921 509 1977; x_wconf 83' lang='lat' dir='ltr'>frugi</span> <span class='ocrx_word' id='word_1_253' title='bbox 532 1935 759 1976; x_wconf 78' lang='lat' dir='ltr'>severaque</span> <span class='ocrx_word' id='word_1_254' title='bbox 781 1933 844 1961; x_wconf 83' lang='lat' dir='ltr'>est</span> <span class='ocrx_word' id='word_1_255' title='bbox 869 1920 970 1971; x_wconf 82' lang='lat' dir='ltr'>vita,</span> <span class='ocrx_word' id='word_1_256' title='bbox 995 1928 1083 1960; x_wconf 87' lang='lat' dir='ltr'>tum</span> <span class='ocrx_word' id='word_1_257' title='bbox 1117 1920 1244 1960; x_wconf 86' lang='lat' dir='ltr'>etiam</span> <span class='ocrx_word' id='word_1_258' title='bbox 1273 1917 1538 1972; x_wconf 87' lang='lat' dir='ltr'>jucundissi-</span> 
     </span>
     <span class='ocr_line' id='line_1_33' title="bbox 109 1973 1538 2031; baseline -0.002 -15"><span class='ocrx_word' id='word_1_259' title='bbox 109 1991 180 2017; x_wconf 87' lang='lat' dir='ltr'>ma</span> <span class='ocrx_word' id='word_1_260' title='bbox 211 1977 442 2019; x_wconf 87' lang='lat' dir='ltr'>convictio.</span> <span class='ocrx_word' id='word_1_261' title='bbox 478 1992 563 2018; x_wconf 88' lang='lat' dir='ltr'>non</span> <span class='ocrx_word' id='word_1_262' title='bbox 596 1987 659 2018; x_wconf 88' lang='lat' dir='ltr'>est</span> <span class='ocrx_word' id='word_1_263' title='bbox 691 1978 804 2019; x_wconf 88' lang='lat' dir='ltr'>enim</span> <span class='ocrx_word' id='word_1_264' title='bbox 837 1980 877 2007; x_wconf 79' lang='lat'>42</span> <span class='ocrx_word' id='word_1_265' title='bbox 892 1976 1109 2031; x_wconf 87' lang='lat' dir='ltr'>sejunctus</span> <span class='ocrx_word' id='word_1_266' title='bbox 1136 1976 1263 2029; x_wconf 87' lang='lat' dir='ltr'>jocus</span> <span class='ocrx_word' id='word_1_267' title='bbox 1297 1989 1322 2014; x_wconf 86' lang='lat' dir='ltr'>a</span> <span class='ocrx_word' id='word_1_268' title='bbox 1355 1973 1538 2029; x_wconf 85' lang='lat' dir='ltr'>philolo-</span> 
     </span>
     <span class='ocr_line' id='line_1_34' title="bbox 107 2029 1537 2090; baseline -0.002 -17"><span class='ocrx_word' id='word_1_269' title='bbox 107 2033 181 2088; x_wconf 86' lang='lat' dir='ltr'>gia</span> <span class='ocrx_word' id='word_1_270' title='bbox 220 2044 264 2074; x_wconf 93' lang='lat' dir='ltr'>et</span> <span class='ocrx_word' id='word_1_271' title='bbox 304 2035 555 2090; x_wconf 87' lang='lat' dir='ltr'>quotidiana</span> <span class='ocrx_word' id='word_1_272' title='bbox 596 2037 777 2086; x_wconf 68' lang='grc' dir='ltr'><strong><em>συζητῆο-ει.</em></strong></span> <span class='ocrx_word' id='word_1_273' title='bbox 838 2032 957 2074; x_wconf 90' lang='lat' dir='ltr'>Huic</span> <span class='ocrx_word' id='word_1_274' title='bbox 995 2047 1077 2088; x_wconf 82' lang='lat' dir='ltr'>ego</span> <span class='ocrx_word' id='word_1_275' title='bbox 1118 2033 1258 2073; x_wconf 87' lang='lat' dir='ltr'>locum</span> <span class='ocrx_word' id='word_1_276' title='bbox 1303 2031 1344 2071; x_wconf 92' lang='lat' dir='ltr'>in</span> <span class='ocrx_word' id='word_1_277' title='bbox 1388 2029 1537 2085; x_wconf 86' lang='lat' dir='ltr'>proxi-</span> 
     </span>
     <span class='ocr_line' id='line_1_35' title="bbox 105 2088 1535 2147; baseline -0.003 -17"><span class='ocrx_word' id='word_1_278' title='bbox 105 2104 178 2131; x_wconf 88' lang='lat' dir='ltr'>mo</span> <span class='ocrx_word' id='word_1_279' title='bbox 200 2091 406 2142; x_wconf 83' lang='lat' dir='ltr'>conduxi,</span> <span class='ocrx_word' id='word_1_280' title='bbox 427 2100 484 2143; x_wconf 83' lang='lat' dir='ltr'>et,</span> <span class='ocrx_word' id='word_1_281' title='bbox 507 2101 554 2131; x_wconf 90' lang='lat' dir='ltr'>ut</span> <span class='ocrx_word' id='word_1_282' title='bbox 575 2105 763 2147; x_wconf 85' lang='lat' dir='ltr'>possum,</span> <span class='ocrx_word' id='word_1_283' title='bbox 785 2104 838 2131; x_wconf 84' lang='lat' dir='ltr'>ex</span> <span class='ocrx_word' id='word_1_284' title='bbox 863 2090 966 2131; x_wconf 87' lang='lat' dir='ltr'>meis</span> <span class='ocrx_word' id='word_1_285' title='bbox 988 2089 1199 2145; x_wconf 83' lang='lat' dir='ltr'>angustiis</span> <span class='ocrx_word' id='word_1_286' title='bbox 1229 2088 1338 2128; x_wconf 89' lang='lat' dir='ltr'>illius</span> <span class='ocrx_word' id='word_1_287' title='bbox 1370 2097 1535 2128; x_wconf 87' lang='lat' dir='ltr'>susten-</span> 
     </span>
     <span class='ocr_line' id='line_1_36' title="bbox 108 2132 1662 2205; baseline -0.003 -18"><span class='ocrx_word' id='word_1_288' title='bbox 108 2155 153 2188; x_wconf 88' lang='lat' dir='ltr'>to</span> <span class='ocrx_word' id='word_1_289' title='bbox 177 2149 445 2190; x_wconf 85' lang='lat' dir='ltr'>tenuitatem.</span> <span class='ocrx_word' id='word_1_290' title='bbox 495 2148 710 2189; x_wconf 81' lang='lat' dir='ltr'>Praeterea</span> <span class='ocrx_word' id='word_1_291' title='bbox 729 2147 1001 2203; x_wconf 86' lang='lat' dir='ltr'>declamitare</span> <span class='ocrx_word' id='word_1_292' title='bbox 1025 2146 1179 2188; x_wconf 87' lang='lat' dir='ltr'>Graece</span> <span class='ocrx_word' id='word_1_293' title='bbox 1201 2144 1313 2200; x_wconf 87' lang='lat' dir='ltr'>apud</span> <span class='ocrx_word' id='word_1_294' title='bbox 1337 2142 1533 2184; x_wconf 69' lang='lat' dir='ltr'>Cass-ium</span> <span class='ocrx_word' id='word_1_295' title='bbox 1545 2132 1662 2205; x_wconf 54' lang='lat'><strong>2:²⁶5·</strong></span> 
     </span>
    </p>
   </div>
   <div class='ocr_carea' id='block_1_3' title="bbox 97 2270 801 2861">
    <p class='ocr_par' dir='ltr' id='par_1_3' title="bbox 104 2270 801 2479">
     <span class='ocr_line' id='line_1_37' title="bbox 149 2270 799 2311; baseline -0.005 -8"><span class='ocrx_word' id='word_1_296' title='bbox 149 2274 190 2302; x_wconf 74' lang='lat'>40</span> <span class='ocrx_word' id='word_1_297' title='bbox 211 2276 283 2303; x_wconf 82' lang='lat' dir='ltr'>tum</span> <span class='ocrx_word' id='word_1_298' title='bbox 295 2274 396 2303; x_wconf 78' lang='lat' dir='ltr'>etiam</span> <span class='ocrx_word' id='word_1_299' title='bbox 416 2271 490 2311; x_wconf 80' lang='lat' dir='ltr'>tua]</span> <span class='ocrx_word' id='word_1_300' title='bbox 516 2271 539 2302; x_wconf 89' lang='lat' dir='ltr'>i.</span> <span class='ocrx_word' id='word_1_301' title='bbox 555 2280 652 2302; x_wconf 85' lang='lat' dir='ltr'>causa</span> <span class='ocrx_word' id='word_1_302' title='bbox 667 2270 799 2301; x_wconf 87' lang='lat' dir='ltr'>voluisti</span> 
     </span>
     <span class='ocr_line' id='line_1_38' title="bbox 106 2313 800 2353; baseline -0.001 -10"><span class='ocrx_word' id='word_1_303' title='bbox 106 2313 186 2344; x_wconf 88' lang='lat' dir='ltr'>mihi</span> <span class='ocrx_word' id='word_1_304' title='bbox 202 2315 314 2345; x_wconf 82' lang='lat' dir='ltr'>onmia</span> <span class='ocrx_word' id='word_1_305' title='bbox 326 2323 484 2345; x_wconf 86' lang='lat' dir='ltr'>successa.</span> <span class='ocrx_word' id='word_1_306' title='bbox 526 2314 579 2344; x_wconf 90' lang='lat' dir='ltr'>Sic</span> <span class='ocrx_word' id='word_1_307' title='bbox 592 2323 707 2353; x_wconf 84' lang='lat' dir='ltr'>supra:</span> <span class='ocrx_word' id='word_1_308' title='bbox 725 2322 800 2343; x_wconf 81' lang='lat' dir='ltr'>cum</span> 
     </span>
     <span class='ocr_line' id='line_1_39' title="bbox 107 2356 801 2395; baseline 0 -11"><span class='ocrx_word' id='word_1_309' title='bbox 107 2356 290 2387; x_wconf 60' lang='lat' dir='ltr'>maximam</span> <span class='ocrx_word' id='word_1_310' title='bbox 306 2357 454 2387; x_wconf 75' lang='lat' dir='ltr'>loetitiam</span> <span class='ocrx_word' id='word_1_311' title='bbox 476 2357 622 2395; x_wconf 79' lang='lat' dir='ltr'>cepissem</span> <span class='ocrx_word' id='word_1_312' title='bbox 633 2356 801 2394; x_wconf 74' lang='lat' dir='ltr'>e—-patris</span> 
     </span>
     <span class='ocr_line' id='line_1_40' title="bbox 104 2398 799 2436; baseline 0 -10"><span class='ocrx_word' id='word_1_313' title='bbox 104 2398 257 2436; x_wconf 78' lang='lat' dir='ltr'>epistola:</span> <span class='ocrx_word' id='word_1_314' title='bbox 279 2403 352 2429; x_wconf 75' lang='lat' dir='ltr'>tum</span> <span class='ocrx_word' id='word_1_315' title='bbox 377 2408 450 2428; x_wconf 83' lang='lat' dir='ltr'>vero</span> <span class='ocrx_word' id='word_1_316' title='bbox 464 2415 506 2420; x_wconf 94' lang='lat'><strong>—</strong></span> <span class='ocrx_word' id='word_1_317' title='bbox 521 2402 585 2428; x_wconf 80' lang='lat' dir='ltr'>tuae</span> <span class='ocrx_word' id='word_1_318' title='bbox 613 2399 716 2428; x_wconf 67' lang='lat' dir='ltr'>litem</span> <span class='ocrx_word' id='word_1_319' title='bbox 744 2406 799 2427; x_wconf 78' lang='lat' dir='ltr'>cu-</span> 
     </span>
     <span class='ocr_line' id='line_1_41' title="bbox 105 2441 573 2479; baseline 0.002 -11"><span class='ocrx_word' id='word_1_320' title='bbox 105 2441 233 2470; x_wconf 82' lang='lat' dir='ltr'>mulum</span> <span class='ocrx_word' id='word_1_321' title='bbox 245 2442 364 2479; x_wconf 76' lang='lat' dir='ltr'>gaudii</span> <span class='ocrx_word' id='word_1_322' title='bbox 377 2441 573 2471; x_wconf 76' lang='lat' dir='ltr'>attulerunt.</span> 
     </span>
    </p>

    <p class='ocr_par' dir='ltr' id='par_1_4' title="bbox 104 2480 800 2650">
     <span class='ocr_line' id='line_1_42' title="bbox 146 2480 800 2522; baseline -0.002 -11"><span class='ocrx_word' id='word_1_323' title='bbox 146 2484 183 2512; x_wconf 87' lang='lat'>41</span> <span class='ocrx_word' id='word_1_324' title='bbox 208 2492 284 2513; x_wconf 84' lang='lat' dir='ltr'>cum</span> <span class='ocrx_word' id='word_1_325' title='bbox 300 2488 332 2514; x_wconf 84' lang='lat' dir='ltr'>et</span> <span class='ocrx_word' id='word_1_326' title='bbox 353 2483 463 2522; x_wconf 81' lang='lat' dir='ltr'>audio]</span> <span class='ocrx_word' id='word_1_327' title='bbox 490 2486 521 2512; x_wconf 80' lang='lat' dir='ltr'>et</span> <span class='ocrx_word' id='word_1_328' title='bbox 541 2480 714 2512; x_wconf 86' lang='lat' dir='ltr'>delendum</span> <span class='ocrx_word' id='word_1_329' title='bbox 738 2485 800 2518; x_wconf 80' lang='lat' dir='ltr'>est,</span> 
     </span>
     <span class='ocr_line' id='line_1_43' title="bbox 104 2523 799 2556; baseline -0.003 -2"><span class='ocrx_word' id='word_1_330' title='bbox 104 2523 166 2554; x_wconf 84' lang='lat' dir='ltr'>etsi</span> <span class='ocrx_word' id='word_1_331' title='bbox 181 2524 215 2554; x_wconf 89' lang='lat' dir='ltr'>in</span> <span class='ocrx_word' id='word_1_332' title='bbox 232 2525 321 2555; x_wconf 91' lang='lat' dir='ltr'>libris</span> <span class='ocrx_word' id='word_1_333' title='bbox 336 2526 487 2556; x_wconf 86' lang='lat' dir='ltr'>omnibus</span> <span class='ocrx_word' id='word_1_334' title='bbox 509 2527 613 2554; x_wconf 86' lang='lat' dir='ltr'>extat.</span> <span class='ocrx_word' id='word_1_335' title='bbox 659 2523 696 2554; x_wconf 82' lang='lat' dir='ltr'>ln</span> <span class='ocrx_word' id='word_1_336' title='bbox 718 2523 799 2553; x_wconf 79' lang='lat' dir='ltr'>Mss.</span> 
     </span>
     <span class='ocr_line' id='line_1_44' title="bbox 107 2566 799 2598; baseline 0 -2"><span class='ocrx_word' id='word_1_337' title='bbox 107 2566 188 2596; x_wconf 89' lang='lat' dir='ltr'>meis</span> <span class='ocrx_word' id='word_1_338' title='bbox 216 2566 250 2597; x_wconf 88' lang='lat' dir='ltr'>in</span> <span class='ocrx_word' id='word_1_339' title='bbox 274 2567 379 2598; x_wconf 85' lang='lat' dir='ltr'>altero</span> <span class='ocrx_word' id='word_1_340' title='bbox 406 2566 554 2597; x_wconf 83' lang='lat' dir='ltr'>membro</span> <span class='ocrx_word' id='word_1_341' title='bbox 580 2570 630 2596; x_wconf 87' lang='lat' dir='ltr'>est</span> <span class='ocrx_word' id='word_1_342' title='bbox 654 2569 725 2595; x_wconf 79' lang='lat' dir='ltr'>tum</span> <span class='ocrx_word' id='word_1_343' title='bbox 749 2570 799 2596; x_wconf 78' lang='lat' dir='ltr'>ec.-</span> 
     </span>
     <span class='ocr_line' id='line_1_45' title="bbox 108 2609 503 2650; baseline 0.005 -13"><span class='ocrx_word' id='word_1_344' title='bbox 108 2609 196 2648; x_wconf 86' lang='lat' dir='ltr'>quod</span> <span class='ocrx_word' id='word_1_345' title='bbox 210 2610 350 2640; x_wconf 74' lang='lat' dir='ltr'>alterum</span> <span class='ocrx_word' id='word_1_346' title='bbox 367 2610 503 2650; x_wconf 85' lang='lat' dir='ltr'>peperit.</span> 
     </span>
    </p>

    <p class='ocr_par' dir='ltr' id='par_1_5' title="bbox 97 2650 800 2861">
     <span class='ocr_line' id='line_1_46' title="bbox 149 2650 800 2692; baseline -0.003 -11"><span class='ocrx_word' id='word_1_347' title='bbox 149 2653 190 2682; x_wconf 83' lang='lat'>42</span> <span class='ocrx_word' id='word_1_348' title='bbox 210 2651 374 2691; x_wconf 66' lang='lat' dir='ltr'>sejunctus</span> <span class='ocrx_word' id='word_1_349' title='bbox 379 2651 491 2692; x_wconf 76' lang='lat' dir='ltr'>jocus]</span> <span class='ocrx_word' id='word_1_350' title='bbox 519 2650 591 2681; x_wconf 87' lang='lat' dir='ltr'>Hoc</span> <span class='ocrx_word' id='word_1_351' title='bbox 613 2660 687 2680; x_wconf 86' lang='lat' dir='ltr'>cum</span> <span class='ocrx_word' id='word_1_352' title='bbox 710 2650 800 2680; x_wconf 85' lang='lat' dir='ltr'>Grae-</span> 
     </span>
     <span class='ocr_line' id='line_1_47' title="bbox 105 2691 800 2734; baseline -0.003 -11"><span class='ocrx_word' id='word_1_353' title='bbox 105 2693 296 2734; x_wconf 24' lang='lat' dir='ltr'>viorreposui</span> <span class='ocrx_word' id='word_1_354' title='bbox 309 2704 367 2734; x_wconf 89' lang='lat' dir='ltr'>pro</span> <span class='ocrx_word' id='word_1_355' title='bbox 380 2694 513 2733; x_wconf 79' lang='lat' dir='ltr'>vulgato</span> <span class='ocrx_word' id='word_1_356' title='bbox 525 2693 622 2729; x_wconf 75' lang='lat' dir='ltr'>locus,</span> <span class='ocrx_word' id='word_1_357' title='bbox 633 2691 718 2731; x_wconf 83' lang='lat' dir='ltr'>quod</span> <span class='ocrx_word' id='word_1_358' title='bbox 733 2701 800 2722; x_wconf 89' lang='lat' dir='ltr'>non</span> 
     </span>
     <span class='ocr_line' id='line_1_48' title="bbox 103 2733 797 2766; baseline -0.003 -1"><span class='ocrx_word' id='word_1_359' title='bbox 103 2745 124 2765; x_wconf 83' lang='lat' dir='ltr'>a</span> <span class='ocrx_word' id='word_1_360' title='bbox 133 2734 278 2766; x_wconf 85' lang='lat' dir='ltr'>Victorio</span> <span class='ocrx_word' id='word_1_361' title='bbox 287 2735 420 2766; x_wconf 89' lang='lat' dir='ltr'>demum</span> <span class='ocrx_word' id='word_1_362' title='bbox 430 2736 600 2766; x_wconf 78' lang='lat' dir='ltr'>inductum</span> <span class='ocrx_word' id='word_1_363' title='bbox 610 2740 659 2764; x_wconf 88' lang='lat' dir='ltr'>est</span> <span class='ocrx_word' id='word_1_364' title='bbox 667 2739 702 2764; x_wconf 87' lang='lat' dir='ltr'>et</span> <span class='ocrx_word' id='word_1_365' title='bbox 711 2733 797 2764; x_wconf 82' lang='lat' dir='ltr'>Geb-</span> 
     </span>
     <span class='ocr_line' id='line_1_49' title="bbox 103 2775 797 2818; baseline -0.004 -9"><span class='ocrx_word' id='word_1_366' title='bbox 103 2778 225 2809; x_wconf 83' lang='lat' dir='ltr'>hardo:</span> <span class='ocrx_word' id='word_1_367' title='bbox 248 2782 299 2808; x_wconf 86' lang='lat' dir='ltr'>est</span> <span class='ocrx_word' id='word_1_368' title='bbox 324 2779 357 2808; x_wconf 92' lang='lat' dir='ltr'>in</span> <span class='ocrx_word' id='word_1_369' title='bbox 386 2778 458 2809; x_wconf 89' lang='lat' dir='ltr'>edd.</span> <span class='ocrx_word' id='word_1_370' title='bbox 480 2787 530 2818; x_wconf 85' lang='lat' dir='ltr'>pr.</span> <span class='ocrx_word' id='word_1_371' title='bbox 552 2776 717 2812; x_wconf 88' lang='lat' dir='ltr'>omnibus,</span> <span class='ocrx_word' id='word_1_372' title='bbox 739 2775 797 2806; x_wconf 89' lang='lat' dir='ltr'>ha-</span> 
     </span>
     <span class='ocr_line' id='line_1_50' title="bbox 97 2816 794 2861; baseline -0.004 -10"><span class='ocrx_word' id='word_1_373' title='bbox 97 2821 184 2852; x_wconf 68' lang='lat' dir='ltr'>bent</span> <span class='ocrx_word' id='word_1_374' title='bbox 197 2825 232 2852; x_wconf 80' lang='lat' dir='ltr'>et</span> <span class='ocrx_word' id='word_1_375' title='bbox 247 2819 321 2851; x_wconf 83' lang='lat' dir='ltr'>libri</span> <span class='ocrx_word' id='word_1_376' title='bbox 342 2820 468 2861; x_wconf 73' lang='lat' dir='ltr'>scripti,</span> <span class='ocrx_word' id='word_1_377' title='bbox 482 2825 522 2851; x_wconf 85' lang='lat' dir='ltr'>ut</span> <span class='ocrx_word' id='word_1_378' title='bbox 543 2818 607 2849; x_wconf 88' lang='lat' dir='ltr'>Gu.</span> <span class='ocrx_word' id='word_1_379' title='bbox 628 2821 654 2850; x_wconf 89' lang='grc'>1.</span> <span class='ocrx_word' id='word_1_380' title='bbox 669 2817 724 2849; x_wconf 78' lang='lat' dir='ltr'>sed</span> <span class='ocrx_word' id='word_1_381' title='bbox 738 2816 794 2859; x_wconf 81' lang='lat' dir='ltr'>jo-</span> 
     </span>
    </p>
   </div>
   <div class='ocr_carea' id='block_1_4' title="bbox 839 2266 1540 2816">
    <p class='ocr_par' dir='ltr' id='par_1_6' title="bbox 839 2266 1540 2816">
     <span class='ocr_line' id='line_1_51' title="bbox 842 2266 1538 2311; baseline -0.004 -11"><span class='ocrx_word' id='word_1_382' title='bbox 842 2280 898 2300; x_wconf 80' lang='lat' dir='ltr'>cus</span> <span class='ocrx_word' id='word_1_383' title='bbox 913 2280 962 2300; x_wconf 89' lang='lat' dir='ltr'>res</span> <span class='ocrx_word' id='word_1_384' title='bbox 978 2268 1136 2311; x_wconf 81' lang='lat' dir='ltr'>postulat,</span> <span class='ocrx_word' id='word_1_385' title='bbox 1146 2268 1231 2308; x_wconf 86' lang='lat' dir='ltr'>quod</span> <span class='ocrx_word' id='word_1_386' title='bbox 1245 2272 1294 2299; x_wconf 83' lang='lat' dir='ltr'>est</span> <span class='ocrx_word' id='word_1_387' title='bbox 1308 2268 1342 2297; x_wconf 91' lang='lat' dir='ltr'>in</span> <span class='ocrx_word' id='word_1_388' title='bbox 1357 2266 1437 2298; x_wconf 89' lang='lat' dir='ltr'>Mss.</span> <span class='ocrx_word' id='word_1_389' title='bbox 1451 2277 1538 2305; x_wconf 86' lang='lat' dir='ltr'>meo,</span> 
     </span>
     <span class='ocr_line' id='line_1_52' title="bbox 843 2310 1540 2350; baseline -0.004 -7"><span class='ocrx_word' id='word_1_390' title='bbox 843 2314 907 2343; x_wconf 75' lang='lat' dir='ltr'>Gu.</span> <span class='ocrx_word' id='word_1_391' title='bbox 925 2314 957 2342; x_wconf 69' lang='lat'>2.</span> <span class='ocrx_word' id='word_1_392' title='bbox 974 2312 1065 2342; x_wconf 92' lang='lat' dir='ltr'>Gorl.</span> <span class='ocrx_word' id='word_1_393' title='bbox 1084 2312 1178 2350; x_wconf 82' lang='lat' dir='ltr'>idque</span> <span class='ocrx_word' id='word_1_394' title='bbox 1199 2317 1233 2341; x_wconf 87' lang='lat' dir='ltr'>et</span> <span class='ocrx_word' id='word_1_395' title='bbox 1255 2310 1331 2341; x_wconf 85' lang='lat' dir='ltr'>alibi</span> <span class='ocrx_word' id='word_1_396' title='bbox 1355 2319 1429 2339; x_wconf 88' lang='lat' dir='ltr'>cum</span> <span class='ocrx_word' id='word_1_397' title='bbox 1453 2311 1540 2340; x_wconf 78' lang='lat' dir='ltr'>locus</span> 
     </span>
     <span class='ocr_line' id='line_1_53' title="bbox 843 2352 1539 2392; baseline -0.007 -8"><span class='ocrx_word' id='word_1_398' title='bbox 843 2354 1014 2384; x_wconf 81' lang='lat' dir='ltr'>confusum</span> <span class='ocrx_word' id='word_1_399' title='bbox 1027 2361 1078 2385; x_wconf 87' lang='lat' dir='ltr'>est</span> <span class='ocrx_word' id='word_1_400' title='bbox 1092 2364 1111 2384; x_wconf 87' lang='lat' dir='ltr'>a</span> <span class='ocrx_word' id='word_1_401' title='bbox 1127 2353 1277 2384; x_wconf 88' lang='lat' dir='ltr'>librariis.</span> <span class='ocrx_word' id='word_1_402' title='bbox 1293 2361 1350 2392; x_wconf 85' lang='lat' dir='ltr'>pro</span> <span class='ocrx_word' id='word_1_403' title='bbox 1359 2352 1539 2390; x_wconf 72' lang='lat' dir='ltr'>philologia</span> 
     </span>
     <span class='ocr_line' id='line_1_54' title="bbox 844 2393 1538 2437; baseline -0.004 -10"><span class='ocrx_word' id='word_1_404' title='bbox 844 2397 907 2427; x_wconf 87' lang='lat' dir='ltr'>Ms.</span> <span class='ocrx_word' id='word_1_405' title='bbox 918 2396 1035 2436; x_wconf 84' lang='lat' dir='ltr'>aliquis</span> <span class='ocrx_word' id='word_1_406' title='bbox 1046 2395 1133 2437; x_wconf 88' lang='lat' dir='ltr'>apud</span> <span class='ocrx_word' id='word_1_407' title='bbox 1147 2395 1312 2424; x_wconf 80' lang='lat' dir='ltr'>Graevium</span> <span class='ocrx_word' id='word_1_408' title='bbox 1321 2393 1538 2433; x_wconf 71' lang='lat' dir='ltr'>philosophia:</span> 
     </span>
     <span class='ocr_line' id='line_1_55' title="bbox 844 2435 1538 2478; baseline -0.007 -9"><span class='ocrx_word' id='word_1_409' title='bbox 844 2439 930 2478; x_wconf 80' lang='lat' dir='ltr'>quod</span> <span class='ocrx_word' id='word_1_410' title='bbox 943 2439 1003 2468; x_wconf 90' lang='lat' dir='ltr'>sibi</span> <span class='ocrx_word' id='word_1_411' title='bbox 1019 2438 1145 2478; x_wconf 83' lang='lat' dir='ltr'>placere</span> <span class='ocrx_word' id='word_1_412' title='bbox 1160 2437 1220 2473; x_wconf 87' lang='lat' dir='ltr'>ait,</span> <span class='ocrx_word' id='word_1_413' title='bbox 1233 2435 1258 2466; x_wconf 87' lang='lat' dir='ltr'>si</span> <span class='ocrx_word' id='word_1_414' title='bbox 1275 2436 1380 2475; x_wconf 87' lang='lat' dir='ltr'>plures</span> <span class='ocrx_word' id='word_1_415' title='bbox 1396 2435 1469 2464; x_wconf 89' lang='lat' dir='ltr'>libri</span> <span class='ocrx_word' id='word_1_416' title='bbox 1481 2435 1538 2465; x_wconf 89' lang='lat' dir='ltr'>ad-</span> 
     </span>
     <span class='ocr_line' id='line_1_56' title="bbox 843 2476 1538 2512; baseline -0.009 0"><span class='ocrx_word' id='word_1_417' title='bbox 843 2481 1000 2512; x_wconf 85' lang='lat' dir='ltr'>dicerent.</span> <span class='ocrx_word' id='word_1_418' title='bbox 1044 2481 1121 2511; x_wconf 87' lang='lat' dir='ltr'>Non</span> <span class='ocrx_word' id='word_1_419' title='bbox 1144 2477 1270 2508; x_wconf 86' lang='lat' dir='ltr'>videtur</span> <span class='ocrx_word' id='word_1_420' title='bbox 1291 2477 1341 2506; x_wconf 85' lang='lat' dir='ltr'>vel</span> <span class='ocrx_word' id='word_1_421' title='bbox 1363 2477 1471 2511; x_wconf 84' lang='lat' dir='ltr'>scisse,</span> <span class='ocrx_word' id='word_1_422' title='bbox 1486 2476 1538 2508; x_wconf 87' lang='lat' dir='ltr'>vel</span> 
     </span>
     <span class='ocr_line' id='line_1_57' title="bbox 843 2518 1538 2562; baseline -0.006 -9"><span class='ocrx_word' id='word_1_423' title='bbox 843 2524 1014 2562; x_wconf 84' lang='lat' dir='ltr'>cogitasse,</span> <span class='ocrx_word' id='word_1_424' title='bbox 1027 2522 1104 2562; x_wconf 88' lang='lat' dir='ltr'>quid</span> <span class='ocrx_word' id='word_1_425' title='bbox 1117 2522 1159 2552; x_wconf 85' lang='lat' dir='ltr'>sit</span> <span class='ocrx_word' id='word_1_426' title='bbox 1174 2519 1368 2560; x_wconf 75' lang='lat' dir='ltr'>philologia,</span> <span class='ocrx_word' id='word_1_427' title='bbox 1383 2518 1538 2558; x_wconf 73' lang='lat' dir='ltr'>deceptus</span> 
     </span>
     <span class='ocr_line' id='line_1_58' title="bbox 844 2559 1537 2604; baseline -0.007 -10"><span class='ocrx_word' id='word_1_428' title='bbox 844 2565 969 2604; x_wconf 81' lang='lat' dir='ltr'>vulgari</span> <span class='ocrx_word' id='word_1_429' title='bbox 986 2564 1173 2596; x_wconf 84' lang='lat' dir='ltr'>recentioris</span> <span class='ocrx_word' id='word_1_430' title='bbox 1186 2562 1293 2592; x_wconf 78' lang='lat' dir='ltr'>aetatis</span> <span class='ocrx_word' id='word_1_431' title='bbox 1307 2560 1461 2600; x_wconf 84' lang='lat' dir='ltr'>opinione</span> <span class='ocrx_word' id='word_1_432' title='bbox 1477 2559 1537 2590; x_wconf 82' lang='lat' dir='ltr'>fal-</span> 
     </span>
     <span class='ocr_line' id='line_1_59' title="bbox 842 2603 1538 2642; baseline -0.007 -4"><span class='ocrx_word' id='word_1_433' title='bbox 842 2616 878 2638; x_wconf 82' lang='lat' dir='ltr'>sa</span> <span class='ocrx_word' id='word_1_434' title='bbox 899 2607 938 2637; x_wconf 89' lang='lat' dir='ltr'>de</span> <span class='ocrx_word' id='word_1_435' title='bbox 959 2607 1021 2637; x_wconf 86' lang='lat' dir='ltr'>hoe</span> <span class='ocrx_word' id='word_1_436' title='bbox 1045 2607 1153 2636; x_wconf 82' lang='lat' dir='ltr'>verbo.</span> <span class='ocrx_word' id='word_1_437' title='bbox 1170 2605 1270 2634; x_wconf 90' lang='lat' dir='ltr'>immo</span> <span class='ocrx_word' id='word_1_438' title='bbox 1286 2603 1465 2642; x_wconf 77' lang='lat' dir='ltr'>philologia</span> <span class='ocrx_word' id='word_1_439' title='bbox 1487 2607 1538 2633; x_wconf 72' lang='lat' dir='ltr'>est</span> 
     </span>
     <span class='ocr_line' id='line_1_60' title="bbox 842 2644 1537 2687; baseline -0.007 -8"><span class='ocrx_word' id='word_1_440' title='bbox 842 2649 994 2679; x_wconf 87' lang='lat' dir='ltr'>subtilior</span> <span class='ocrx_word' id='word_1_441' title='bbox 1014 2646 1199 2687; x_wconf 84' lang='lat' dir='ltr'>disputandi</span> <span class='ocrx_word' id='word_1_442' title='bbox 1223 2655 1273 2675; x_wconf 84' lang='lat' dir='ltr'>ars</span> <span class='ocrx_word' id='word_1_443' title='bbox 1296 2644 1335 2675; x_wconf 88' lang='lat' dir='ltr'>de</span> <span class='ocrx_word' id='word_1_444' title='bbox 1359 2645 1450 2674; x_wconf 81' lang='lat' dir='ltr'>rebus</span> <span class='ocrx_word' id='word_1_445' title='bbox 1465 2644 1537 2683; x_wconf 89' lang='lat' dir='ltr'>qui-</span> 
     </span>
     <span class='ocr_line' id='line_1_61' title="bbox 844 2685 1534 2730; baseline -0.01 -8"><span class='ocrx_word' id='word_1_446' title='bbox 844 2691 1044 2730; x_wconf 80' lang='lat' dir='ltr'>buscunque,</span> <span class='ocrx_word' id='word_1_447' title='bbox 1067 2687 1215 2729; x_wconf 83' lang='lat' dir='ltr'>inprimis</span> <span class='ocrx_word' id='word_1_448' title='bbox 1241 2685 1482 2726; x_wconf 85' lang='lat' dir='ltr'>philosophicis.</span> <span class='ocrx_word' id='word_1_449' title='bbox 1506 2695 1534 2715; x_wconf 91' lang='lat' dir='ltr'>v.</span> 
     </span>
     <span class='ocr_line' id='line_1_62' title="bbox 841 2728 1535 2764; baseline -0.01 0"><span class='ocrx_word' id='word_1_450' title='bbox 841 2733 929 2764; x_wconf 84' lang='lat' dir='ltr'>dicta</span> <span class='ocrx_word' id='word_1_451' title='bbox 957 2733 991 2762; x_wconf 88' lang='lat' dir='ltr'>in</span> <span class='ocrx_word' id='word_1_452' title='bbox 1021 2732 1112 2762; x_wconf 83' lang='lat' dir='ltr'>Clav.</span> <span class='ocrx_word' id='word_1_453' title='bbox 1142 2729 1216 2760; x_wconf 86' lang='lat' dir='ltr'>lnd.</span> <span class='ocrx_word' id='word_1_454' title='bbox 1246 2728 1354 2760; x_wconf 80' lang='lat' dir='ltr'>Graee.</span> <span class='ocrx_word' id='word_1_455' title='bbox 1382 2734 1457 2759; x_wconf 80' lang='lat' dir='ltr'>mox</span> <span class='ocrx_word' id='word_1_456' title='bbox 1485 2734 1535 2761; x_wconf 77' lang='lat' dir='ltr'>est</span> 
     </span>
     <span class='ocr_line' id='line_1_63' title="bbox 839 2771 1292 2816; baseline -0.011 -10"><span class='ocrx_word' id='word_1_457' title='bbox 839 2776 1064 2816; x_wconf 74' lang='grc' dir='ltr'>συμφιλολογιΐν</span> <span class='ocrx_word' id='word_1_458' title='bbox 1079 2783 1138 2813; x_wconf 89' lang='lat' dir='ltr'>pro</span> <span class='ocrx_word' id='word_1_459' title='bbox 1150 2771 1292 2810; x_wconf 68' lang='grc' dir='ltr'><strong><em>συζητεῖν.</em></strong></span> 
     </span>
    </p>
   </div>
  </div>
 </body>
</html>
