1903 3218
407 87 485 123 AD
512 85 597 124 CN.
627 85 917 124 PLANCUM
945 86 1018 123 ET
1044 86 1323 127 CETEROS.
1499 94 1576 130 249

152 189 316 245 gnitate
346 191 567 232 contentio
598 203 692 230 cnm
728 188 933 230 Servilio:
965 190 1038 244 qui
1063 203 1161 230 cum
1193 191 1330 245 gratia
1351 190 1574 242 effecisset,

153 258 200 288 ut
222 262 298 288 sua
318 249 528 289 sententia
549 247 684 302 prima
716 245 1077 309 pronuntiaretur,
1100 246 1296 301 frequens
1327 262 1424 288 eum
1455 263 1575 289 sena-

157 314 222 344 tus
249 305 432 361 reliquit,
454 314 497 345 et
527 304 568 344 in
591 302 674 344 alia
703 303 848 343 omnia
868 302 1086 344 discessit:
1120 317 1312 357 meaeque
1335 307 1574 355 sententiae,

155 376 251 416 quae
274 362 458 403 secunda
485 360 760 422 pronuntiata
780 369 884 409 erat,
907 374 1004 400 cum
1034 359 1275 423 frequenter
1303 362 1575 403 assentiretur

155 427 339 471 senatus,
375 426 526 473 rogatu
566 414 732 457 Servilii
779 416 829 457 P.
860 415 1000 457 Titius
1040 417 1292 458 intercessit.
1351 420 1392 448 40
1408 417 1493 459 Res
1533 419 1575 459 in

154 484 370 529 posterum
409 474 552 515 dilata.
613 473 742 514 Venit
785 482 954 528 paratus
988 473 1206 524 Servilius,
1237 473 1338 516 Jovi
1378 475 1457 530 ipsi
1498 476 1578 516 ini·

154 545 287 585 quus;
320 532 441 586 cujus
479 531 521 571 in
558 530 719 586 templo
752 544 816 571 res
848 531 1070 586 agebatur.
1133 530 1264 572 Hunc
1301 531 1578 586 quemadmo-

152 588 254 629 dum
277 588 490 644 f·rege1im‚
510 597 753 642 quantaquc
775 589 1051 629 contentione
1072 586 1235 628 Titium
1255 589 1576 630 intercessorem

153 645 408 699 abjecerim3
440 659 493 686 ex
517 644 696 685 aliorum
721 654 761 685 te
788 645 938 686 litteris
960 645 1071 686 malo
1093 659 1368 709 cognoscere.
1430 646 1619 689 Unumb

152 701 234 741 hoc
269 716 322 743 ex
364 703 490 743 meis:
533 711 702 742 senatus
741 702 926 757 gravior,
960 703 1240 753 constantior,
1278 702 1456 744 amicior
1493 705 1576 744 tuis

151 756 345 799 laudibus
368 773 457 800 esse
479 773 563 800 non
589 759 744 814 potuit,
762 773 890 814 quam
913 768 1002 799 tum
1027 759 1122 799 fuit.
1175 759 1266 800 Nec
1289 774 1388 800 vero
1413 760 1490 801 tibi
1513 776 1577 801 se-

151 826 275 856 natus
299 816 492 867 amicior
514 830 640 879 quam
667 827 824 857 cuncta
853 816 1019 857 civitas
1080 815 1343 858 Mirabiliter
1363 818 1476 858 enim
1502 832 1577 873 po-

151 871 273 927 pulus
298 871 518 914 Romanus
547 886 765 913 unlx’fflStlS
788 881 830 913 et
852 874 1042 914 omnium
1067 887 1270 937 generum
1293 873 1577 930 ordinumque

149 943 381 970 consensus
403 931 454 971 ad
478 930 735 971 liberandam
770 930 1076 986 rempublicam
1100 931 1378 987 conspiravit.
1439 931 1576 988 Perge

151 985 296 1042 igitur,
318 996 366 1027 ut
396 987 502 1043 agis,
529 1001 769 1043 nomenque
802 998 922 1028 tuum
952 987 1208 1028 commenda
1236 989 1574 1031 immortalitati:

147 1054 276 1106 atque
298 1043 391 1086 haee
414 1044 573 1095 omnia,
595 1059 691 1100 quae
717 1044 875 1085 habent
897 1045 1128 1100 speciemg
1103 1044 1265 1095 olonae,
1295 1047 1331 1075 4¹
1353 1045 1575 1087 collectam

147 1099 346 1141 inanibus
378 1101 614 1165 splendoris
648 1102 904 1156 insignibuS,
935 1112 1176 1165 contemne,
1211 1102 1368 1152 brevia,
1398 1102 1575 1159 winga-

147 1156 228 1208 cia‚
247 1158 410 1200 caduca
430 1159 644 1199 existima.
707 1137 865 1200 Voerum
887 1158 1015 1198 decus
1043 1159 1084 1198 in
1111 1158 1267 1199 virtute
1291 1160 1476 1214 positum
1497 1170 1576 1211 est,

146 1228 244 1267 quae
278 1216 465 1256 maxime
504 1215 737 1256 1llust11tur
774 1215 942 1271 magnis
976 1215 1017 1254 in
1054 1215 1363 1270 rempublicam
1399 1217 1575 1257 meritis,

149 1269 254 1312 Eam
288 1272 534 1313 facultatem
566 1272 696 1312 habes
730 1272 988 1312 maximam:
1031 1273 1070 1301 ⁴3
1087 1286 1215 1325 quam
1250 1272 1426 1327 quando
1457 1288 1575 1314 com-

146 1326 296 1382 plexus
327 1343 385 1379 eS‚
408 1338 519 1379 tene,
543 1328 714 1383 perfice,
738 1338 785 1368 ut
816 1343 868 1369 ne
891 1328 1032 1368 minus
1065 1327 1304 1383 respublica
1330 1329 1425 1380 tibi,
1446 1345 1575 1385 quam

145 1393 191 1424 tu
213 1385 460 1441 'reipublicae
483 1386 653 1426 debeas.
714 1385 792 1426 Me
815 1395 900 1426 tuae
923 1385 1147 1440 dignitatis
1174 1400 1260 1426 non
1284 1386 1412 1427 modo
1436 1386 1575 1428 fauto-

144 1455 246 1491 rem,
271 1443 341 1483 sed
364 1443 493 1484 etiam
526 1442 880 1498 amplificatorem
911 1456 1161 1497 cognosces.
1223 1441 1274 1484 Id
1305 1458 1403 1484 cuin
1435 1445 1575 1500 reipu-

144 1499 284 1548 blicae,
306 1514 402 1554 quae
427 1499 533 1540 mihi
556 1500 645 1540 vita
667 1509 731 1540 est
762 1514 855 1540 mea.
876 1499 1028 1549 carior,
1051 1509 1141 1539 tum
1163 1510 1320 1541 nostrae
1345 1502 1576 1542 necessitu-

143 1555 231 1596 dini
255 1556 410 1597 debere
432 1570 500 1597 me
515 1556 682 1611 judico.
741 1555 915 1612 Atque
909 1571 950 1597 in
973 1555 1039 1596 his
1061 1556 1188 1606 emiS,
1211 1571 1314 1611 quas
1336 1558 1500 1599 contuli
1519 1559 1574 1600 ad

142 1612 400 1668 dignitatem
437 1623 570 1663 tuam,
607 1614 702 1669 cepi
746 1628 946 1670 magnam
987 1612 1267 1669 voluptatem,
1306 1615 1421 1668 quod
1464 1616 1573 1656 bene

143 1670 363 1725 cognitam
395 1670 501 1711 mihi
532 1669 583 1710 T.
606 1670 795 1711 Munatii
818 1648 1089 1726 prudenti-tm
1121 1680 1163 1710 et
1186 1670 1330 1721 fidem,
1350 1672 1486 1728 magis
1508 1682 1571 1713 et-
1624 1696 1627 1698 ,

144 1726 226 1766 iam
250 1728 449 1783 perspexi
474 1728 516 1768 in
541 1727 632 1782 ejus
658 1727 898 1768 incredibili
930 1741 1032 1783 erga
1055 1736 1096 1767 te
1125 1703 1447 1769 benivolentia0
1443 1738 1486 1769 et
1509 1729 1582 1772 di-'

142 1784 333 1856 ligentia.
391 1798 450 1825 111
474 1783 575 1825 Idus
599 1784 782 1840 Apriles.

662 1873 1065 1911 ARGUMENTUM.

138 1923 201 1975 De
219 1939 255 1975 S.
278 1938 313 1975 C.
329 1950 398 1987 pro
418 1939 597 1986 dignitate
625 1937 757 1972 Planci
773 1936 884 1986 facto
910 1938 1046 1976 scribit,
1067 1948 1216 1985 eumque
1236 1938 1416 1982 hortatur,
1437 1944 1477 1975 ut
1496 1940 1573 1975 An-

591 1991 779 2025 tonianum
797 1989 928 2025 bellum
947 1990 1123 2039 conficiat.

1593 1880 1641 1917 13

874 2113 998 2143 habent
1009 2113 1220 2144 inanissimis.
1237 2114 1362 2145 melius.
1400 2115 1463 2146 Sed
1478 2126 1539 2154 ego
1554 2127 1572 2147 e

875 2165 949 2185 meo
971 2155 1036 2185 Ms.
1061 2155 1124 2185 Gu.
1149 2158 1180 2186 2.
1203 2161 1238 2186 et
1258 2157 1329 2186 edd.
1358 2157 1456 2189 Rom.
1487 2159 1571 2189 Ven.

879 2198 969 2232 1469.
986 2196 1075 2228 Med.
1098 2198 1171 2229 dedi
1193 2199 1357 2236 inanibus,
1381 2200 1468 2240 quod
1490 2202 1572 2232 satis

873 2243 923 2270 est
939 2240 1020 2269 hoc
1014 2249 1047 2269 1n
1062 2239 1147 2271 loco.

915 2283 957 2312 42
966 2281 1109 2322 fucata]
1148 2282 1276 2313 Primus
1301 2282 1432 2315 induxit
1458 2284 1570 2316 Victo·

875 2324 954 2360 rius,
971 2324 1025 2354 sed
1041 2331 1113 2363 post
1128 2325 1250 2365 rejecit.
1294 2326 1441 2357 Servavit
1456 2331 1570 2359 tamen

178 2120 220 2147 40
244 2116 307 2147 Res
334 2117 367 2145 in
388 2124 425 2154 p.
453 2115 571 2144 dilata.
618 2113 713 2143 Venit
735 2112 829 2152 par]

137 2159 325 2199 Suspicatus
353 2167 426 2188 Sum
455 2155 629 2194 aliquando
659 2155 833 2195 legendum

139 2209 225 2230 esse:
251 2199 302 2230 Re
323 2202 359 2230 in
374 2209 410 2239 Ρ.
427 2199 546 2234 dilata,
561 2199 648 2228 venit
661 2207 698 2237 Ρ.
715 2207 756 2227 ne
772 2197 832 2234 bis,

137 2243 225 2273 brevi
255 2241 442 2278 intervallo,
470 2240 584 2270 eadem
612 2240 718 2270 forma
747 2243 832 2269 esset

134 2284 273 2315 dicendi.
298 2293 375 2314 nam
397 2289 432 2314 et
454 2283 564 2323 paucis
589 2282 731 2312 versibus
754 2286 832 2311 ante

133 2332 196 2363 est,
213 2336 264 2357 res
279 2327 385 2357 dilata.
399 2331 445 2356 est
460 2326 495 2355 in
505 2329 681 2364 posterum.

176 2372 213 2400 41
239 2370 370 2399 collecta
383 2368 614 2398 inimicissimis
624 2368 684 2407 spt.
696 2365 833 2404 insigni-

135 2411 205 2451 bus]
242 2413 296 2442 Sic
315 2410 494 2445 Victorius,
509 2419 604 2449 quem
627 2415 758 2439 secutus
780 2414 830 2438 est

134 2453 346 2484 Gebhardus:
371 2453 515 2493 primum
535 2454 668 2482 collecta
690 2449 831 2481 retulere

133 2496 174 2526 ad
193 2497 259 2526 haec
279 2497 399 2526 omnia.
418 2494 473 2524 sed
493 2494 526 2524 id
545 2504 659 2534 parum
686 2502 832 2523 commo·

134 2538 212 2568 dum
247 2543 309 2575 est,
347 2538 531 2575 rectiusque
567 2541 617 2567 est
651 2537 831 2572 collectam,

132 2579 219 2618 qnod
239 2580 353 2611 Lamb.
378 2579 412 2609 in
435 2579 515 2610 Mss.
542 2578 674 2609 Marim.
691 2577 824 2617 reperit,

131 2626 243 2660 estque
265 2627 299 2653 et
321 2623 355 2652 in
377 2631 452 2652 meo
473 2625 508 2651 et
529 2621 600 2652 edd.
624 2631 672 2661 pr.
686 2620 827 2650 refertur

133 2664 173 2694 ad
188 2665 321 2702 speciem
331 2664 458 2703 glorioe,
474 2673 547 2702 quae
560 2675 599 2694 ex
614 2663 707 2693 rebus
721 2669 827 2692 exter-

134 2706 184 2735 nis
198 2705 318 2744 aliquid
331 2706 510 2746 splendoris
524 2706 719 2736 habentibus
743 2704 829 2744 apud

135 2748 304 2787 imperitos
322 2748 498 2787 colligitur.
515 2748 548 2778 id
566 2749 676 2789 itaque
697 2752 827 2778 secutus

134 2799 218 2818 sum.
233 2794 304 2820 tum
321 2791 381 2829 pro⁴
400 2791 642 2826 inimicissimis,
658 2789 745 2828 quod
769 2799 826 2819 ne-

132 2833 199 2862 scio
226 2831 310 2862 unde
335 2831 423 2862 venit
445 2832 479 2862 in
502 2831 747 2868 Gruterianam,
770 2830 825 2862 alii

875 2365 1065 2396 Gebhardus
1094 2372 1258 2408 repertum
1288 2368 1323 2398 in
1358 2369 1468 2408 aliquo
1503 2369 1567 2401 Ms.

873 2407 943 2447 Ego
959 2407 1110 2447 fugacia
1138 2419 1212 2440 curn
1243 2410 1271 2439 G
1275 2420 1336 2440 raex
1341 2420 1372 2440 ιο
1409 2413 1567 2449 revocavi,

872 2450 957 2488 quod
972 2451 1059 2481 inter
1073 2451 1110 2480 br
1111 2461 1146 2481 ez
1149 2453 1182 2481 ia
1193 2456 1226 2482 et
1238 2453 1364 2483 caduca
1377 2452 1492 2483 melius
1504 2460 1566 2491 est,

871 2503 968 2531 quam
980 2492 1118 2532 fucata.
1141 2500 1192 2525 est
1216 2494 1249 2524 in
1274 2494 1338 2525 Ms.
1355 2505 1439 2529 me0‚
1455 2495 1518 2525 Gu.
1533 2497 1564 2526 2.

876 2536 967 2575 (nam
984 2535 1016 2566 in
1037 2538 1064 2565 l.
1080 2535 1150 2566 haec
1163 2536 1303 2577 epistola
1315 2536 1417 2575 deest)
1435 2541 1470 2567 et
1491 2537 1563 2568 edd.

891 2586 915 2606 r.

866 2586 887 2616 p
909 2621 949 2649 43
963 2628 1060 2659 quam
1072 2629 1172 2659 quum
1182 2622 1364 2660 complemus
1374 2628 1405 2649 es
1417 2624 1448 2649 et
1460 2620 1559 2660 tenes]

870 2661 931 2691 Pro
947 2661 1009 2692 hoc
1019 2668 1105 2692 recte
1121 2663 1279 2698 Graevius,
1295 2672 1324 2701 q.
1340 2662 1467 2700 quando
1479 2672 1505 2692 e.
1518 2672 1561 2698 es,

872 2708 952 2734 tene.
967 2703 1012 2733 sic
1035 2703 1098 2733 Ms.
1122 2714 1225 2740 meus,
1240 2705 1305 2734 Gn.
1323 2704 1354 2733 2.
1370 2710 1403 2733 et
1418 2703 1490 2734 edd.
1510 2715 1559 2744 pr.

871 2746 1006 2777 lnduxit
1036 2746 1159 2784 primus
1190 2746 1360 2785 vulgatum
1385 2745 1560 2778 Victorius.

869 2789 910 2819 In
938 2788 989 2818 ed.
1019 2786 1193 2818 Cratandri
1220 2793 1271 2818 est
1295 2788 1330 2818 in
1367 2788 1513 2827 margine
1543 2799 1561 2828 q

870 2830 951 2862 Cod.
963 2829 1072 2869 aliquo
1087 2838 1148 2860 scr.
