1865 3223
294 91 370 126 323
542 86 720 125 EPIST.
747 88 933 127 LIBER
956 89 1486 133 TERTIUSDECIMUS

296 190 465 244 injuria,
497 189 624 245 'quam
658 193 876 249 accepisti,
900 193 1046 235 dolore
1069 208 1135 235 me
1159 194 1370 245 afficeret3
1402 210 1445 236 sa
1481 194 1611 235 ientia'
1632 194 1718 242 tua,

295 261 379 301 qua
410 247 493 288 fers
516 249 730 303 injuriam,
747 250 921 292 laetitia:
954 261 1094 291 tamen
1123 252 1274 292 vidisse
1298 263 1338 293 te
1361 252 1542 292 malem.
1603 249 1718 290 Nam

295 304 409 358 quod
441 316 504 345 est
528 306 750 357 molesme,
780 322 865 347 non
895 322 994 348 sane
1028 308 1163 349 multo
1194 309 1324 350 levius
1347 319 1426 358 est,
1447 323 1543 349 cum
1570 316 1610 347 te
1633 319 1719 346 non

296 361 440 402 video:
473 363 586 416 quod
625 378 715 403 esse
749 364 890 418 potuit
925 365 1173 419 voluptatis,
1203 377 1331 416 certe,
1368 365 1401 405 si
1439 366 1637 405 vidissem
1662 373 1718 410 te,

294 417 388 472 plus
411 418 573 459 fuisset.
637 419 787 473 Itaque
823 434 907 460 non
940 420 1151 461 dubitabo
1184 421 1282 463 dare
1315 436 1503 478 operam,
1524 430 1570 462 ut
1593 430 1634 460 te
1657 418 1719 458 vi-

293 474 432 523 deam,
454 490 549 515 eum
576 476 615 515 id
637 477 738 516 satis
767 477 993 516 commode
1016 476 1154 517 faeere
1174 491 1336 533 potero.
1399 478 1580 528 Interea,
1602 474 1718 531 quod

294 545 368 586 per
391 532 550 572 litteras
568 543 610 571 et
629 532 697 585 agi
719 542 874 582 tecum,
890 542 947 583 et,
968 544 1013 573 ut
1030 534 1226 585 arbitror,
1248 536 1400 577 confici
1421 532 1576 591 p'otest,
1592 546 1719 588 again

292 602 422 628 nunc.
482 588 546 628 Ac
582 597 621 628 te
658 588 758 629 illud
794 589 977 644 primum
1012 591 1190 644 rogabo,
1226 606 1278 632 ne
1311 593 1413 648 quid
1443 592 1602 633 invitus
1625 602 1720 629 mea

292 659 420 685 causa
444 643 599 685 facias:
623 645 694 685 sed
718 645 773 695 id,
796 646 909 700 quod
932 660 1028 686 mea
1050 646 1275 703 intelliges,
1295 658 1368 688 tua
1391 649 1544 689 nullam
1567 649 1609 688 in
1624 659 1720 702 par-

276 712 379 741 ,tem
417 701 598 742 multum
635 703 850 752 interesse,
881 702 942 742 ita
972 701 1075 743 mihi
1107 704 1196 754 des,
1228 706 1260 744 si
1286 705 1379 754 tibi,
1403 715 1450 745 ut
1473 706 1512 746 id
1536 705 1718 745 libenter

292 758 439 807 saciati,
460 769 559 799 ante
591 758 860 812 persuaseris.
921 758 1030 799 Cum
1058 759 1243 801 Patrone
1268 761 1478 816 Epicureo
1500 761 1605 802 mihi
1627 774 1719 800 om·

290 815 362 855 nia
384 825 502 856 sunt:
536 815 614 855 nisi
637 815 752 869 quod
775 815 816 855 in
843 814 1114 872 philosophia
1136 817 1407 858 vehementer
1426 819 1478 858 ab
1493 831 1542 858 eo
1558 818 1720 858 dissen-

293 872 368 911 tio.
429 871 512 911 Sed
552 880 595 911 et
630 871 753 912 initio
789 871 958 922 Romae,
988 887 1085 914 cum
1124 884 1164 914 te
1186 889 1356 930 quoque
1389 885 1432 915 et
1455 885 1549 915 tuos
1571 887 1719 914 omnes

291 928 562 978 observabat,
585 942 651 968 me
673 928 807 969 coluit
826 929 867 968 in
894 930 1060 984 primis:
1091 941 1135 971 et
1157 946 1305 988 nuper,
1327 946 1422 972 cum
1445 946 1509 981 ea,
1531 945 1628 985 quae
1646 943 1721 969 vo-

288 985 383 1033 luit,
403 985 454 1026 de
477 985 561 1025 suis
583 985 821 1026 commodis
843 995 886 1027 et
914 987 1114 1041 praemiis,
1147 1000 1403 1029 consecutus
1434 999 1513 1037 est,
1549 1000 1616 1028 me
1646 985 1721 1026 ha-

290 1042 384 1082 buit
409 1057 578 1082 suorum
617 1042 888 1083 defensorum
924 1054 967 1083 et
1003 1043 1237 1086 amicorum
1275 1045 1361 1086 fere
1385 1045 1643 1100 principem:
1677 1051 1721 1083 et

284 1099 377 1154 jam
403 1115 427 1139 a
463 1099 662 1150 Phaedro,
699 1099 772 1154 qui
812 1099 951 1148 nobiS,
984 1115 1083 1141 cum
1117 1103 1235 1158 pueri
1267 1116 1468 1152 essemus,
1490 1111 1720 1156 antequam

293 1155 519 1197 Philonem
549 1157 848 1211 cognovimus,
881 1157 1014 1208 valde,
1053 1169 1101 1198 ut
1145 1158 1440 1214 philosophus,
1475 1167 1625 1214 postea
1657 1167 1720 1196 ta-

291 1228 404 1267 men,
429 1225 473 1253 ut
494 1214 555 1253 vir
580 1213 730 1264 bonus,
754 1223 797 1253 et
826 1214 982 1264 suavis,
1015 1226 1059 1255 et
1080 1215 1314 1266 officiosus,
1335 1217 1611 1271 probabatur,
1636 1222 1721 1253 tra-

291 1270 421 1319 ditus,
444 1270 636 1324 mihique
658 1270 982 1311 commendatus
1006 1281 1085 1312 est.
1148 1271 1189 1312 Is
1213 1273 1345 1328 igitur
1378 1272 1522 1322 Patro,
1546 1285 1642 1311 cum
1665 1269 1716 1309 ad

291 1343 360 1368 me
383 1327 565 1368 Romam
591 1327 751 1368 litteras
782 1326 980 1378 misisset,
1006 1329 1065 1368 uti
1090 1338 1131 1369 te
1155 1329 1235 1370 sibi
1262 1329 1487 1384 placarem,
1510 1338 1718 1384 peterem-

291 1399 389 1439 que,
423 1395 484 1434 ut‚
521 1385 664 1426 nescio
695 1383 812 1439 quid,
849 1383 949 1424 illud
986 1384 1160 1440 Epicuri
1186 1387 1489 1441 parietinarum
1512 1385 1590 1425 sibi
1615 1398 1719 1424 con-

290 1442 485 1483 cederes:
520 1440 625 1483 nihil
649 1441 796 1495 scripsi
821 1441 871 1481 ad
896 1451 937 1480 te
956 1442 1012 1481 ob
1035 1457 1127 1482 eam
1161 1457 1263 1492 rem,
1284 1443 1396 1498 quod
1422 1441 1721 1483 aedificationis

293 1509 377 1539 tuae
390 1497 615 1538 consilium
634 1512 725 1537 mea
738 1497 1112 1539 commendatione
1126 1495 1323 1539 nolebam
1342 1499 1552 1555 impediri.
1585 1497 1720 1546 ldem,

295 1565 340 1594 nt
364 1555 458 1598 veni
484 1554 692 1604 Athenas,
719 1568 816 1594 cum
853 1554 979 1604 idem,
1010 1566 1057 1597 ut
1089 1555 1141 1596 ad
1175 1566 1217 1596 te
1239 1557 1482 1605 scriberem,
1505 1563 1721 1610 rogasset:

292 1613 350 1659 ,ob
371 1626 462 1651 eam
487 1626 656 1652 causam
685 1611 943 1667 impetravit,
967 1612 1083 1667 quod
1107 1623 1148 1653 te
1171 1612 1378 1668 abjecisse
1399 1612 1513 1653 illam
1536 1610 1723 1652 aedifica-

294 1669 455 1709 tionem
495 1668 721 1709 constabat
755 1669 864 1708 inter
895 1683 1043 1709 omnes
1076 1669 1236 1710 amicos
1259 1679 1369 1710 tuOS.
1430 1668 1559 1715 Quod
1596 1668 1627 1707 si
1664 1668 1724 1707 ita

295 1736 373 1776 est,
396 1736 435 1765 et
461 1725 491 1765 si
508 1725 599 1779 jam
627 1724 748 1780 plane
771 1735 844 1764 tua
873 1725 979 1766 nihil
1014 1725 1203 1776 interest,
1233 1726 1372 1777 velim,
1392 1726 1423 1765 si
1448 1740 1532 1780 qua
1550 1724 1723 1765 offensi-

295 1782 453 1823 uncula
486 1782 600 1822 facta
635 1792 699 1821 est
734 1782 864 1821 animi
904 1783 980 1832 tui,
1025 1783 1299 1838 perversitate
1337 1783 1590 1837 aliquorum,
1622 1782 1724 1821 novi

297 1839 408 1880 enim
433 1850 602 1894 gentem
629 1838 757 1887 illam,
791 1839 863 1878 des
896 1849 936 1878 te
968 1840 1019 1880 ad
1055 1840 1288 1890 lenitatem,
1313 1839 1375 1879 vel
1409 1849 1583 1894 propter
1606 1848 1723 1878 tuam

297 1911 508 1936 summam
529 1895 856 1945 humanitatem,
878 1896 1081 1936 veletiam
1102 1896 1274 1942 honoris
1291 1897 1373 1938 mei
1394 1911 1534 1937 causa.
1563 1898 1573 1924 ¹
1594 1894 1725 1949 Equi-

300 1954 413 2003 dem,
448 1954 497 2003 si,
533 1952 635 2006 quid
668 1952 759 2007 ipse
792 1953 987 2003 sentiam,
1026 1954 1196 2008 qna-ris,
1240 1968 1332 2003 nec,
1365 1952 1441 1994 eur
1476 1953 1545 1993 ille
1585 1955 1726 1992 tanto*-

302 2025 401 2072 pere
429 2009 678 2058 contendat,
713 2009 851 2058 video,
895 2024 972 2050 nec
1005 2025 1079 2051 cur
1116 2021 1161 2050 tu
1202 2023 1436 2065 repugnes:
1471 2009 1549 2050 nisi
1586 2019 1727 2050 tamen

300 2067 435 2117 multo
468 2067 607 2106 minus
642 2066 719 2105 tibi
751 2066 929 2106 concedi
964 2078 1104 2122 potest
1140 2082 1268 2122 quam
1302 2067 1377 2118 illi,
1415 2066 1605 2107 laborare
1641 2067 1732 2106 sine

299 2140 441 2164 eausa.
504 2123 777 2180 Quamquam
815 2122 1012 2163 Patronis
1046 2134 1089 2164 et
1121 2124 1356 2165 orationem
1392 2133 1435 2163 et
1456 2137 1624 2164 eausam
1652 2123 1731 2163 tibi

300 2182 520 2235 cognitam
545 2194 635 2220 esse
656 2190 774 2219 certo
803 2180 905 2221 scio.
969 2180 1207 2231 Honorem,
1230 2181 1437 2230 officium,
1456 2190 1733 2221 testamento—

302 2253 394 2278 rum
423 2237 510 2291 jus,
549 2235 717 2290 Epicuri
753 2237 1068 2287 auctoritatem,
1104 2238 1275 2278 Phaedri
1299 2237 1647 2286 obtestationem,
1670 2251 1733 2276 se-

303 2295 416 2343 dem,
437 2293 720 2342 domicilium,
744 2294 926 2350 vestigia·
960 2309 1223 2335 summorum
1248 2294 1484 2344 hominum,
1507 2294 1587 2334 sibi
1612 2304 1733 2334 tuen-

304 2352 358 2392 da
390 2365 480 2392 esse
511 2350 632 2390 dicit.
692 2349 847 2390 Totam
880 2351 1066 2391 hominis
1100 2352 1230 2392 vitam
1266 2351 1574 2404 rationemque,
1601 2364 1730 2404 quam

304 2408 495 2463 sequitur
518 2406 561 2446 in
588 2406 872 2462 philosophia,
903 2409 1169 2449 derideamus
1192 2408 1306 2458 licet,
1330 2408 1362 2448 si
1385 2407 1495 2447 hanc
1518 2407 1609 2461 ejus
1629 2421 1731 2447 con-

305 2467 540 2506 tentionem
566 2463 1099 2520 volumusreprehendere.
1147 2465 1245 2515 Sed,
1268 2463 1542 2513 mehercules,
1567 2465 1733 2517 ‘lquan-

305 2523 360 2563 do
383 2522 440 2562 illi
462 2520 714 2574 ceterisque,
737 2535 843 2574 quos
878 2521 948 2562 illa
968 2522 1196 2572 delectant,
1219 2536 1304 2562 non
1334 2521 1456 2562 valde
1478 2520 1642 2560 inimici
1664 2535 1733 2561 su-

306 2595 426 2630 mus;
458 2578 608 2618 nescio.
621 2591 672 2616 an
697 2577 1006 2632 ignoscendum
1031 2579 1084 2627 sit
1106 2578 1221 2629 huic,
1243 2578 1276 2618 si
1299 2588 1519 2633 tantopere
1543 2578 1731 2619 laborat:

307 2639 458 2690 inquo
492 2634 657 2675 etiamsi
694 2645 856 2688 peccat,
892 2636 1027 2683 magis
1071 2637 1258 2690 ineptiiS,
1290 2650 1416 2689 quam
1453 2635 1730 2689 improbitate

306 2702 471 2750 peccat.
533 2690 631 2741 Sed,
675 2705 727 2731 ne
766 2691 899 2746 plura,
934 2693 1182 2744 (dicendum
1220 2691 1334 2732 enim
1367 2691 1596 2746 aliquando
1635 2692 1734 2741 est‚)

303 2818 321 2850 l
340 2816 519 2858 Equidem]
541 2817 637 2848 Refer
651 2816 691 2850 ad
707 2826 764 2846 nec
776 2816 875 2847 video.
934 2818 953 2848 2
967 2816 1094 2857 quando
1110 2816 1171 2857 illi]
1192 2815 1244 2845 Sic
1258 2816 1338 2848 Mss.
1350 2820 1384 2847 et
1396 2815 1467 2847 edd.
1481 2826 1529 2857 pr.
1544 2825 1610 2846 non
1626 2813 1737 2854 quum.
