1817 3196
115 364 206 404 p.61.

221 89 270 125 98
591 86 766 123 EPIST.
796 85 977 123 LIBER
1012 83 1279 124 QUINTUS

221 198 414 231 senatum
457 190 681 238 trucidare,
719 189 870 230 bellum
916 188 1152 229 maximum
1185 187 1373 227 conflare
1403 185 1650 239 voluissent,

221 246 367 287 eadem
390 247 568 301 (lignum
594 247 808 301 judicaret
840 260 953 295 eum,
976 245 1046 299 qui
1080 245 1239 284 curiam
1260 244 1391 293 eaerle,
1414 245 1561 284 urbem
1585 244 1650 284 in·-

222 304 398 354 cendiis‚
423 303 588 343 Italiam
618 303 725 343 bello
748 303 981 342 liberasset.
1018 301 1166 354 ltaque
1189 315 1270 355 ego
1296 300 1488 350 Metello,
1515 299 1650 340 12³fra-

225 361 274 400 tri
301 371 388 411 tuo,
414 360 609 416 praesenti
635 360 784 400 restiti.
847 358 959 398 Nam
992 358 1032 397 in
1057 367 1201 396 senatu
1232 356 1325 397 Kal.
1347 357 1445 398 Jan.
1470 358 1529 397 sic
1552 370 1652 396 curn

222 431 271 457 eo
307 417 359 457 de
393 417 609 469 republica
643 416 874 470 disputavi,
910 425 955 453 ut
991 414 1180 462 sentiret,
1204 413 1284 453 sibi
1312 428 1410 454 cum
1436 414 1526 455 viro
1549 412 1652 453 forti

221 483 262 514 et
287 474 497 515 constanti
523 487 612 513 esse
637 472 929 527 pugnandum.
991 469 1044 509 A.
1068 470 1108 509 d.
1135 470 1306 509 tertium
1342 485 1442 510 non.
1473 470 1652 512 Januar.

221 545 318 572 cum
350 544 474 583 agere
497 529 716 583 coepisset,
740 528 865 568 tertio
899 540 1070 582 quoque
1099 527 1228 566 verbo
1249 527 1453 567 orationis
1477 541 1563 566 suae
1587 539 1656 566 me

221 587 478 642 appellabat,
503 586 603 625 mihi
630 586 895 626 minabatur:
931 597 1067 638 neque
1103 582 1161 622 illi
1194 583 1426 637 quidquam
1448 583 1656 623 delibera-

222 645 306 684 tius
331 643 425 691 fuit,
448 657 577 697 quam
602 656 681 693 me,
696 655 965 697 quacumque
992 640 1155 680 ratione
1188 650 1344 694 posset,
1366 655 1451 680 non
1468 640 1652 694 judicio,

222 714 358 755 neque
380 700 706 753 disceptatione,
730 698 799 738 sed
817 698 854 738 vi
876 704 1003 752 a'tque
1026 696 1303 752 impressione
1324 703 1526 738 evertere.
1560 695 1636 738 Hu

214 756 287 811 jus
310 771 392 812 ego
417 756 645 796 temeritati
680 755 712 794 si
745 754 901 795 virtute
937 764 1064 808 atque
1099 754 1240 793 animo
1264 767 1348 793 non
1382 753 1654 794 restitissem:

221 814 316 868 quis
341 823 463 861 esset,
486 812 557 865 qui
583 826 649 851 me
669 811 711 851 in
732 811 955 851 consulatu
981 825 1063 850 non
1089 825 1187 850 casu
1214 811 1356 865 potius
1374 809 1656 860 existimaret,

222 884 348 924 quam
373 868 552 909 consilio
578 868 730 908 fortem
755 868 911 909 fuisse?
946 867 1056 908 Haee
1081 868 1114 907 si
1137 878 1180 908 tu
1216 866 1441 907 Metellum
1466 867 1658 921 cogitare

221 932 274 966 de.
305 940 372 966 me
405 925 593 975 nescisti,
625 926 753 965 debes
796 925 1057 973 existimare,
1090 934 1132 964 te
1163 924 1364 964 maximis
1395 923 1446 964 de
1479 924 1603 964 rebus
1633 937 1660 963 a

222 983 351 1023 fratre
381 996 471 1022 csse
502 982 708 1022 celatum:
752 982 816 1021 sin
848 990 990 1021 autem
1022 981 1181 1036 aliquid
1216 981 1451 1036 impertivit
1483 980 1561 1020 tibi
1593 979 1660 1020 sui

222 1039 417 1090 consilii,
450 1039 554 1079 lenis
577 1053 600 1078 a
632 1049 673 1078 te
704 1047 747 1078 et
778 1037 915 1078 facilis
937 1038 1173 1077 existimari
1198 1038 1348 1086 debeo,
1372 1038 1443 1091 qui
1470 1036 1574 1077 nihil
1596 1045 1658 1076 te-

222 1111 320 1137 cum
349 1096 401 1136 de
433 1096 498 1135 liis
531 1095 632 1150 ipsis
665 1096 789 1135 rebus
813 1094 1100 1149 expostulem.
1163 1092 1233 1143 Et,
1265 1094 1298 1133 si
1331 1093 1549 1147 intelligis,
1572 1107 1658 1134 non

222 1167 290 1193 me
311 1153 429 1194 dieto
451 1151 633 1201 Metelli,
654 1161 700 1192 ut
729 1151 893 1201 scribis,
917 1151 986 1191 sed
1020 1151 1199 1191 consilio
1231 1149 1338 1205 ejuS,
1360 1150 1590 1204 animoque
1616 1150 1659 1189 in

221 1225 291 1250 me
315 1210 609 1250 inimicissimo
645 1222 736 1249 esse
765 1218 1058 1249 commotum:
1090 1222 1306 1263 cognosce
1329 1221 1441 1248 nune
1465 1206 1661 1246 humani-

222 1277 353 1307 tatem
386 1280 551 1316 meam,
596 1266 628 1305 si
664 1266 907 1306 humanitas
939 1263 1191 1320 appellanda
1220 1273 1284 1304 est
1315 1264 1355 1303 in
1389 1262 1664 1304 acerbissima

224 1324 380 1379 injuria
403 1323 594 1364 remissio
617 1322 748 1362 animi
780 1337 830 1363 ac
859 1321 1098 1362 dissolutio.
1161 1321 1290 1362 Nulla
1320 1328 1385 1360 est
1415 1335 1440 1360 a
1471 1334 1537 1360 me
1568 1333 1662 1359 um-

223 1396 351 1436 quam
374 1379 586 1421 sententia
607 1380 723 1420 (licta
754 1378 796 1419 in
830 1378 1003 1419 fratrem
1027 1387 1147 1418 tuum
1167 1395 1175 1419 :
1208 1378 1563 1432 quotiescumque
1585 1376 1663 1416 ali-

224 1438 415 1492 quidest
437 1446 597 1487 aetum,
620 1436 768 1476 sedens
801 1436 851 1476 iis
883 1436 1056 1484 assensi,
1078 1435 1151 1488 qui
1184 1435 1290 1474 mihi
1323 1433 1536 1474 lenissime
1567 1446 1662 1473 sen·

225 1495 305 1534 tire
329 1494 404 1534 visi
431 1503 542 1533 sunt.
604 1492 771 1533 Addam
795 1501 838 1533 et
861 1491 964 1532 illud
996 1491 1143 1540 etiam,
1164 1491 1278 1545 quod
1294 1490 1387 1545 jam
1410 1504 1492 1545 ego
1515 1502 1662 1530 curare

226 1567 310 1592 non
334 1551 478 1601 debui,
501 1550 573 1590 sed
599 1559 739 1589 tamen
763 1548 852 1589 fieri
877 1563 959 1589 non
986 1547 1162 1588 moleste
1181 1546 1274 1598 tuli,
1297 1557 1426 1602 atque
1447 1546 1592 1596 etiam,
1614 1554 1664 1585 ut

227 1609 286 1648 ita
308 1608 440 1658 fieret,
466 1621 541 1662 pro
565 1620 659 1647 mea
682 1615 800 1661 parte
823 1605 984 1660 adjuvi,
1007 1613 1055 1645 ut
1080 1607 1116 1635 1⁴
1132 1614 1302 1645 senatus
1324 1602 1521 1645 consulto
1544 1616 1664 1643 meus

226 1665 440 1714 inimicus,
472 1664 572 1719 quia
605 1673 701 1703 tuus
735 1662 866 1703 frater
901 1671 1005 1712 erat,
1038 1661 1342 1701 sublevaretur.
1404 1661 1548 1705 Quare
1576 1673 1664 1700 non

225 1736 307 1777 ego
330 1721 579 1777 oppugnavi
605 1720 778 1760 fratrem
803 1729 940 1770 tuum,
960 1718 1031 1758 sed
1055 1717 1175 1759 fratri
1200 1728 1272 1758 tuo
1297 1716 1553 1772 repugnavi:
1585 1730 1663 1757 nec

226 1779 268 1819 in
294 1787 348 1829 te,
371 1788 418 1818 ut
440 1777 604 1827 scribis,
636 1778 780 1817 animo
804 1776 864 1817 fui
890 1775 1054 1825 mobili,
1077 1775 1149 1816 sed
1181 1775 1240 1814 ita
1261 1774 1418 1825 stabili,
1440 1773 1548 1814 utin
1571 1787 1667 1813 mea

225 1850 328 1891 erga
351 1844 390 1874 te
415 1835 647 1883 voluntate,
683 1833 811 1874 etiam
846 1833 1036 1874 desertus
1069 1833 1124 1872 ab
1145 1831 1299 1872 officiis
1323 1831 1421 1881 tuis,
1446 1844 1666 1886 permane-

207 1907 330 1933 =rem.
390 1890 534 1946 Atque
564 1891 647 1931 hoe
680 1891 772 1945 ipso
804 1900 997 1944 tempore
1026 1888 1120 1939 tibi,
1154 1903 1275 1944 paene
1303 1887 1519 1928 minitanti
1544 1887 1667 1927 nobis

229 1964 301 2005 per
325 1948 499 1997 litteras,
525 1948 606 1988 hoc
634 1947 821 1988 rescribo
843 1956 971 2001 atque
1003 1945 1262 2000 respondeo:
1297 1944 1392 2000 Ego
1423 1942 1560 1985 dolori
1593 1952 1668 1984 tuo

228 2021 311 2047 non
337 2005 474 2045 solum
492 2005 686 2059 ignosco,
710 2004 780 2044 sed
806 2017 1016 2044 summam
1039 2003 1169 2042 etiam
1187 2002 1353 2042 laudem
1371 2002 1527 2042 tribuo.
1547 2014 1666 2041 meus

229 2063 343 2104 enirn
376 2077 443 2103 me
479 2076 640 2112 sensus,
675 2070 836 2116 quanta
869 2060 931 2101 vis
966 2060 1141 2100 fraterni
1166 2059 1220 2099 sit
1242 2058 1414 2107 amoris,
1448 2059 1665 2098 admonet.

230 2120 269 2160 A
292 2131 332 2160 te
354 2130 468 2176 pcto,
491 2128 539 2158 ut
562 2128 607 2158 tu
630 2132 801 2173 quoque
821 2131 991 2171 aequnm
1012 2127 1054 2157 le
1070 2116 1264 2171 judicem
1287 2116 1422 2156 dolori
1442 2129 1538 2155 meo
1560 2129 1669 2170 prae-

234 2179 354 2217 beas:
389 2177 421 2216 si
445 2176 611 2223 acerbe,
634 2176 666 2215 si
699 2175 940 2224 crudeliter,
972 2174 1006 2214 si
1039 2174 1128 2214 sine
1159 2187 1286 2213 causa
1308 2187 1402 2213 sum
1433 2187 1458 2212 a
1484 2172 1567 2212 tuis
1591 2186 1668 2226 op-

231 2243 465 2289 pugnatus,
488 2242 532 2272 ut
564 2241 739 2282 statuas,
772 2231 877 2271 mihi
910 2246 996 2271 non
1027 2230 1156 2271 modo
1189 2244 1271 2270 non
1305 2228 1558 2279 cedendum,
1596 2228 1670 2268 sed

232 2291 359 2330 etiam
402 2300 476 2329 tuo
515 2298 644 2343 atque.
677 2289 890 2329 exercitus
923 2289 985 2328 tui
1018 2287 1196 2337 auxilio,
1220 2287 1261 2326 in
1294 2286 1505 2341 ejusmodi
1525 2299 1667 2334 causa,

233 2346 440 2387 utendum
465 2345 608 2385 fuisse.
671 2345 765 2400 Ego
791 2354 831 2385 te
863 2345 967 2385 mihi
1006 2358 1172 2399 semper
1209 2343 1393 2384 amicum
1417 2355 1507 2382 esse
1530 2340 1666 2382 volui:

235 2417 302 2444 me
323 2412 369 2444 ut
388 2402 465 2442 tibi
487 2402 794 2442 amicissimum
817 2416 907 2442 esse
932 2401 1202 2455 intelligeres,
1226 2399 1430 2440 laboravi.
1453 2411 1604 2438 maneo
1628 2398 1671 2438 in

235 2460 470 2509 voluntate,
490 2469 547 2508 et,
570 2458 711 2513 quoad
747 2458 858 2498 voles
889 2467 949 2508 tu,
983 2457 1263 2512 permanebo;
1294 2456 1506 2509 citiusque
1528 2469 1670 2495 amore

238 2518 298 2558 tui
323 2516 493 2557 fratrem
519 2525 637 2555 tuum
656 2515 796 2555 odisse
811 2515 1017 2563 desinam,
1036 2528 1162 2568 quam
1188 2513 1297 2552 illius
1316 2512 1416 2553 odio
1435 2511 1670 2566 quidquam

237 2574 288 2615 de
311 2582 456 2614 nostra
480 2572 768 2613 benivolentia
789 2571 1024 2612 detraham.
1087 2569 1206 2610 Vale.

281 2732 316 2759 13
341 2728 455 2766 fratri
483 2732 538 2758 tuo
564 2737 618 2767 pr.
647 2726 765 2765 rect-iti]
804 2726 930 2766 Nempe
1020 2728 1056 2755 14
1077 2728 1208 2754 senatus
1230 2723 1328 2762 consu]
1362 2723 1425 2753 Alii
1452 2724 1557 2753 senati
1586 2732 1669 2755 cons,

236 2772 383 2805 oratione
399 2774 473 2810 post
493 2770 592 2806 edita,
609 2778 707 2808 quam
724 2768 931 2800 Metellinam
973 2776 1046 2806 quae
1071 2772 1148 2796 sunt
1172 2765 1280 2796 sordes
1297 2767 1503 2796 librariorum
1519 2765 1672 2805 antiqua-

236 2813 379 2853 appellat
393 2823 444 2853 ep.
460 2811 500 2843 ad
515 2812 586 2843 Att.
603 2811 630 2848 1,
650 2813 697 2841 13.
974 2810 1116 2840 riorum:
1142 2817 1220 2848 quas
1234 2814 1268 2839 et
1284 2817 1381 2849 supra
1394 2807 1560 2848 ejecimus.
