1865 3223
187 2115 219 2146 p.
237 2106 307 2139 190.

280 585 287 592 .
300 556 380 612 ipsi
418 556 737 611 producendum
773 566 910 611 puteS.

300 2169 307 2176 ·
324 2146 507 2187 vincere.

293 103 370 151 308
602 113 779 152 EPIST.
807 113 1417 154 LIBERDUODECIMUS

295 225 443 271 topere
474 215 740 268 desiderabo,
771 232 898 272 quam
940 219 1086 259 sentiri
1120 235 1145 261 a
1177 228 1218 260 te
1253 219 1363 275 ipso,
1424 218 1578 274 Neque
1613 216 1728 259 enim

295 272 487 314 omnium
517 272 687 328 judicio
720 275 862 315 malim
895 289 963 315 me
995 291 1019 316 a
1041 286 1082 316 te
1104 274 1410 325 commendari,
1432 290 1562 330 quam
1582 274 1729 329 28ipse

298 339 371 370 tuo
387 330 556 384 judicio
578 331 708 386 digne
729 346 779 371 ac
803 346 965 372 mereor
987 334 1310 374 commendatus
1333 346 1446 373 esse:
1471 341 1518 373 ut
1541 331 1634 372 baec
1652 345 1730 371 no-

298 386 473 427 vissima
503 398 648 427 nostra
680 387 809 437 facta,
844 402 926 428 non
962 389 1118 439 subita,
1152 404 1229 430 nec
1263 388 1626 437 inconvenientia,
1659 386 1731 427 sed

299 442 455 484 similia
487 444 567 484 illis
595 444 949 498 cogitationibus,
972 459 1150 498 quarum
1185 455 1230 486 tu
1268 445 1388 486 testis
1421 459 1480 496 es,
1503 445 1634 485 fuisse
1659 443 1734 497 ju-

298 499 430 549 dices,
454 514 604 554 meque
626 501 677 539 ad
701 500 910 554 optimam
937 514 1054 555 spem
1091 502 1240 557 patriae
1274 516 1359 542 non
1393 502 1619 542 minimum
1653 499 1733 540 tibi

973 558 1082 597 Sunt
1115 558 1212 607 tibi,
1237 557 1303 598 M.
1326 557 1454 609 Tulli,
1477 557 1615 607 liberi,
1638 570 1737 612 pro-

300 613 551 668 pinquique,
573 612 693 667 digni
717 613 890 666 quidem
924 622 977 662 te,
1001 623 1044 654 et
1078 615 1232 654 merito
1264 614 1344 654 tibi
1378 614 1623 656 carrissimi.
1645 625 1736 653 esse

298 670 428 709 etiam
452 669 609 709 debent
639 669 680 708 in
718 669 937 723 republica
960 671 1156 725 proxime
1179 670 1256 710 hos
1278 670 1381 722 cari,
1402 672 1474 725 qui
1497 670 1736 712 studiorum

300 735 469 766 tuorum
496 735 594 766 sunt
617 725 789 766 aemuli:
822 740 1003 780 quorum
1027 740 1117 766 esse
1142 727 1271 782 cupio
1295 726 1374 767 tibi
1408 729 1592 782 copiam.
1654 726 1738 767 Sed

301 791 443 823 tamen
468 797 552 822 non
576 781 767 822 maxima
802 796 872 823 me
900 784 1025 823 turba
1048 794 1152 838 puto
1175 783 1363 834 excludi,
1385 798 1471 838 quo
1494 785 1634 824 minus
1657 783 1739 823 tibi

301 847 424 879 vacet
458 852 525 878 me
558 838 773 893 excipere,
795 848 838 879 et
871 839 923 880 ad
957 841 1118 890 omnia,
1140 854 1236 894 quae
1263 839 1364 879 velis
1386 850 1430 880 et
1452 841 1621 895 probes,
1645 853 1742 895 pro·

300 896 469 936 ducere.
529 894 737 935 Animum
761 895 840 936 tibi
870 907 1062 937 nostrum
1085 898 1126 930 <29
1141 897 1321 937 fortasse
1343 897 1645 952 probavimus:
1679 897 1743 936 in-

303 952 478 1008 genium
510 951 679 992 di-utina
712 952 908 1004 servitus,
930 963 1060 1003 certe,
1083 953 1395 1007 qualecumque
1417 963 1496 1004 est,
1518 953 1659 994 minus
1681 960 1745 992 ta-

302 1023 416 1059 men,
453 1022 581 1064 quam
612 1017 724 1059 erat,
758 1023 882 1064 passa
914 1021 978 1050 est
1007 1010 1156 1051 videri.
1217 1009 1310 1050 Nos
1344 1024 1399 1051 ex
1430 1024 1505 1051 ora
1531 1009 1747 1050 maritima

303 1066 421 1106 Asiae
445 1065 697 1122 provinciae,
720 1074 763 1106 et
784 1080 836 1106 ex
864 1066 1026 1117 insulis,
1041 1081 1145 1122 quas
1170 1066 1390 1122 potuimus
1412 1080 1541 1107 naves
1563 1066 1746 1107 deduxi-

305 1137 413 1162 mus.
480 1121 698 1162 Dilectum
737 1123 963 1178 remigum,
1001 1138 1161 1180 magna
1194 1124 1470 1164 contumacia
1506 1123 1750 1173 civitatum,

306 1190 447 1220 tamen
473 1179 574 1219 satis
596 1178 789 1220 celeriter
812 1179 1055 1221 habuimus.
1116 1181 1261 1221 Secuti
1286 1195 1431 1221 sumus
1453 1180 1628 1221 classem
1656 1179 1748 1220 Do·

306 1235 486 1287 labellae,
509 1236 578 1276 cui
617 1236 806 1276 Lucilius
839 1248 1046 1292 praeerat:
1078 1237 1156 1291 qui
1183 1251 1301 1293 spem
1335 1251 1450 1294 saepe
1484 1236 1750 1278 transitionis

307 1293 556 1349 praebendo,
598 1295 640 1323 30
654 1307 791 1347 neque
836 1308 1036 1349 umquam
1087 1309 1171 1334 non
1217 1295 1479 1344 decedendo,
1519 1293 1751 1335 novissime

308 1349 526 1405 Corycum
551 1363 594 1389 se
616 1350 816 1400 contulit,
839 1361 879 1391 ct
903 1352 1048 1392 clauso
1073 1360 1198 1407 portu
1221 1366 1264 1392 se
1288 1360 1431 1392 tenere
1453 1351 1606 1406 coepit.
1642 1349 1751 1399 Nos,

308 1406 379 1447 illa
402 1407 564 1457 relicta,
586 1406 702 1460 quod
724 1417 768 1447 et
791 1408 830 1447 in
856 1418 995 1448 eastra
1023 1407 1246 1462 pervenire
1279 1409 1411 1449 satius
1445 1421 1536 1448 esse
1573 1407 1755 1463 putaba-

309 1478 419 1516 mus,
441 1473 483 1504 et
517 1464 775 1518 sequebatur
804 1464 949 1505 classis
978 1465 1125 1514 altera,
1147 1478 1275 1518 qnam
1300 1479 1412 1505 anno
1448 1465 1588 1519 priore
1611 1464 1653 1504 in
1677 1463 1753 1504 Bi-

310 1520 463 1575 thynia
498 1519 648 1560 Tillius
690 1519 868 1561 Cimber
903 1531 1188 1577 compararat,
1223 1521 1292 1561 cui
1330 1520 1532 1562 Turulius
1565 1529 1755 1574 quaestor

312 1586 520 1632 praeerat3
553 1576 749 1632 Cyprum
784 1578 1031 1634 petivimus.
1095 1577 1178 1628 lbi,
1200 1592 1298 1632 quae
1332 1577 1633 1633 cognovimuS,
1655 1576 1758 1617 scri-

315 1635 414 1674 bere
454 1634 507 1674 ad
547 1648 623 1674 vos
661 1649 791 1688 quam
833 1634 1054 1676 celerrime
1096 1633 1322 1675 voluimus.
1386 1632 1673 1684 Dolabellam,
1709 1643 1758 1674 ut

312 1689 557 1742 Tarsenses,
581 1691 754 1746 pessimi
789 1691 910 1743 socii,
939 1692 998 1732 ita
1035 1690 1282 1743 Laodiceni,
1317 1691 1452 1731 multo
1486 1690 1759 1741 amentiores,

313 1747 427 1788 ultro
460 1747 770 1789 arcessierunt:
801 1762 855 1789 ex
881 1749 1038 1803 quibus
1073 1748 1263 1802 utrisque
1292 1748 1557 1797 civitatibus,
1580 1747 1760 1788 Graeco-

313 1819 409 1848 rum
447 1805 632 1845 militum
668 1818 864 1855 numero,
900 1806 1087 1861 speciem
1130 1805 1344 1846 exercitus
1386 1804 1546 1845 effecit.
1608 1803 1762 1844 Castra

315 1861 448 1902 habet
469 1871 569 1901 ante
601 1861 810 1917 oppidum
844 1862 1102 1904 Laodiceam
1127 1862 1280 1917 posita,
1302 1870 1346 1901 et
1368 1871 1532 1917 partem
1555 1861 1664 1901 muri
1688 1860 1762 1901 de-

315 1917 492 1960 molitus
528 1926 607 1968 est,
643 1927 687 1958 et
719 1928 860 1959 castra
896 1919 1059 1975 oppido
1097 1918 1343 1972 conjunxit.
1405 1917 1579 1958 Cassius
1618 1925 1763 1958 noster

318 1989 416 2016 curn
449 1975 597 2016 decem
630 1974 892 2030 legionibuS,
913 1985 958 2017 et
989 1975 1243 2017 cohortibus
1267 1974 1422 2030 viginti
1446 1973 1699 2025 auxiliariis,
1720 1982 1765 2014 et

319 2041 525 2087 quattuor
555 2030 735 2072 millium
766 2033 976 2087 equitatu,
999 2048 1024 2073 a
1050 2031 1239 2073 millibus
1273 2045 1474 2087 passuum
1497 2030 1669 2086 viginti,
1692 2044 1763 2071 ca-

323 2099 410 2130 stra
430 2089 561 2129 habet
585 2090 726 2144 posita
754 2094 901 2143 Πάλτῳε
933 2100 977 2131 et
1005 2089 1243 2138 existimat,
1266 2102 1309 2129 se
1338 2089 1428 2128 sine
1460 2087 1609 2143 praelio
1640 2101 1764 2143 posse

570 2145 682 2185 Nam
699 2145 794 2200 jam
818 2149 949 2188 ternis
972 2145 1298 2187 tetradmchmis
1322 2145 1512 2186 triticum
1535 2144 1648 2200 apud
1673 2143 1766 2185 Do-

320 2202 518 2243 labellam
546 2212 626 2242 est.
659 2203 738 2243 nisi
764 2203 866 2258 quid
890 2204 1124 2244 3¹navibus
1162 2202 1507 2243 Laodicenorum
1538 2211 1765 2256 supporta·

321 2260 393 2311 rit,
424 2260 513 2300 cito
553 2259 667 2299 fame
707 2269 867 2314 pereat,
905 2274 1076 2301 necesse
1115 2270 1204 2301 est:
1239 2273 1291 2300 ue
1325 2268 1578 2315 supportare
1609 2257 1765 2354 fiossst,
1813 2259 1816 2262 ’

322 2326 365 2358 et
399 2315 538 2357 Cassii
573 2315 718 2357 classis
753 2317 862 2358 bene
895 2332 1065 2374 magna,
1098 2316 1168 2358 cui
1203 2325 1359 2372 praeest
1377 2314 1584 2357 Sextilius
1653 2312 1765 2365 ufus,

367 2466 407 2496 28
428 2466 495 2505 ipse
508 2464 699 2506 tuojudicio
715 2466 814 2505 digne
827 2477 867 2497 ac
882 2466 1021 2506 mereor]
1067 2465 1165 2497 edidi.
1186 2474 1236 2496 res
1258 2469 1293 2496 et
1317 2462 1483 2495 sententia
1505 2460 1686 2492 necessario
1710 2470 1766 2500 po-

324 2508 474 2538 Primum
489 2508 556 2547 ipse
571 2507 640 2537 sine
663 2508 763 2538 dubio
779 2509 832 2539 hic
850 2509 1024 2539 vitiosum:
1068 2508 1191 2539 stulat:
1218 2517 1294 2537 nain
1309 2511 1360 2536 est
1374 2514 1481 2535 sermo
1497 2504 1536 2534 de
1550 2503 1733 2544 praeterito.

325 2550 422 2580 credo
445 2550 609 2589 scripsisse
634 2550 796 2586 Cassium,
812 2552 874 2591 ipsi
897 2556 952 2581 tuo
964 2550 1026 2591 ju-

327 2592 419 2622 dicio.
465 2591 579 2622 Cicero
613 2591 746 2622 dixisset
780 2597 835 2623 tuo
869 2594 967 2623 unius
991 2591 1025 2632 j.

326 2633 414 2664 Tum
436 2632 518 2663 dura
539 2639 587 2663 est
612 2633 719 2664 forma
738 2634 906 2673 loquendi,
929 2635 1028 2673 digne

329 2685 369 2705 ac
395 2685 530 2705 mereor.
575 2675 716 2706 Videtur
739 2676 819 2706 mihi
842 2686 882 2706 αι·
905 2686 1029 2706 mereor

330 2717 438 2756 glossa
455 2726 524 2747 esse
539 2717 578 2747 er?
592 2718 702 2756 digne.

372 2762 413 2793 29
435 2758 585 2798 ιΓονῖαεςεε*
611 2759 837 2799 probavimus]
872 2760 924 2790 Sic
955 2768 1029 2788 cum

331 2801 459 2830 Graevio
476 2807 548 2840 post
576 2802 765 2832 Manutium
790 2803 889 2832 etiam
914 2806 1032 2830 contra

331 2842 443 2879 libros,
462 2844 516 2882 qui
533 2853 648 2874 omnes
665 2844 787 2875 habent
810 2844 1031 2883 probabimus,

1112 2553 1153 2580 30
1175 2558 1276 2589 neque
1302 2557 1461 2587 umquam
1485 2556 1550 2576 non
1576 2543 1766 2584 decedendo]

1069 2592 1218 2622 decedere
1246 2589 1322 2629 quid
1351 2589 1405 2619 hic
1431 2589 1486 2625 sit,
1515 2597 1612 2618 nemo
1636 2586 1767 2618 dixerit.

1071 2633 1179 2673 placet
1208 2632 1326 2662 Graevii
1358 2633 1548 2670 conjectura
1574 2628 1770 2660 recedendo:

1072 2676 1094 2706 i.
1111 2686 1140 2705 e.
1155 2685 1174 2705 a
1189 2684 1241 2704 me
1264 2673 1305 2704 ad
1328 2672 1551 2709 Dolabellam,
1565 2672 1646 2707 sive,
1661 2681 1682 2701 a
1702 2671 1777 2702 suis*

1073 2717 1254 2756 promissis..

1116 2761 1152 2789 31
1180 2768 1213 2787 η.
1234 2758 1276 2788 L.
1294 2755 1512 2797 supportarit]
1538 2753 1678 2785 Facilius
1700 2756 1775 2784 erat

1075 2801 1137 2830 nisi
1152 2801 1231 2840 quid
1248 2809 1345 2830 naves
1360 2798 1465 2830 Laod.
1484 2799 1516 2828 ei·
1535 2796 1772 2836 supportaria&

1076 2843 1109 2872 in
1126 2842 1188 2873 hoc
1204 2840 1460 2881 intelligendum
1471 2840 1545 2878 sibi,
1560 2838 1638 2870 suis.
