1817 3196
1794 0 1799 48 l

264 83 316 119 23
662 81 842 120 EPIST.
868 81 1051 120 LIBER
1077 81 1308 119 Pmmus
1765 140 1778 153 ·
1796 0 1817 135 {l

1797 165 1800 183 l

266 183 478 235 voluntas,
501 192 667 226 mutata
683 199 773 226 esse
791 185 932 226 debet.
981 184 1028 226 Id
1051 185 1167 242 enim
1181 186 1310 241 jubet
1331 183 1443 225 idem
1466 183 1533 225 ille
1554 181 1695 234 Plato,
1798 204 1812 240 5.

266 255 393 296 quem
423 255 506 297 ego
539 241 811 283 vehementer
841 252 1060 283 auctorem
1092 256 1270 297 sequor;
1316 251 1484 282 tantum
1519 248 1697 282 conten-
1798 241 1801 282 i

268 298 368 339 dere
390 298 433 339 in
456 298 688 354 republica,
712 308 917 353 quantum
938 300 1118 354 probare
1140 299 1224 339 tuis
1245 299 1411 339 civibus
1433 298 1590 352 possis3
1614 297 1701 336 vim

265 368 402 409 neque
423 355 601 410 parenti,
624 369 760 410 neque
784 355 931 411 patria:
954 355 994 385 64
1006 355 1144 395 afferri
1169 365 1379 410 oportere.
1421 354 1565 408 Atque
1586 354 1698 394 hanc

264 412 437 466 quidem
461 412 529 452 ille
549 426 720 453 causam
741 412 837 461 sibi,
865 412 938 461 ait,
958 426 1044 452 non
1067 412 1329 466 attingendae
1349 412 1595 467 reipublicae
1631 410 1698 450 fu-

265 468 376 509 isse:
419 469 533 523 quod
566 483 664 509 cum
702 468 950 509 offendisset
980 467 1185 524 populum
1218 468 1524 509 Atheniensem
1564 480 1700 522 prope

220 523 352 579 b,jam
375 525 414 556 65
428 525 709 580 desipientem
732 534 966 574 senectute,
993 539 1175 579 cumque
1205 539 1303 566 eum
1333 540 1411 566 nec
1444 525 1699 581 persuaden-

264 581 335 632 do,
358 582 398 612 66
411 596 489 622 nec
510 581 706 637 cogendo
729 583 818 637 regi
843 596 965 637 posse
990 581 1182 632 vidisset,
1201 596 1298 622 cum
1315 581 1554 638 persuaderi
1578 593 1700 635 posse

263 638 492 689 diffideret,
512 639 610 695 cogi
630 638 692 679 fas
715 653 804 679 esse
827 653 911 679 non
929 639 1219 679 arbitraretur.
1251 638 1356 680 Mea
1377 640 1484 679 ratio
1504 638 1588 678 fuit
1601 637 1697 686 alia,

263 695 378 750 quod
394 709 531 750 neque
544 696 780 751 desipiente
803 695 976 751 popu10‚
995 710 1132 750 neque
1155 696 1321 751 integra
1343 709 1387 736 re
1406 696 1511 736 mihi
1527 695 1579 736 ad
1596 708 1699 735 con-

264 751 502 802 sulendum,
525 766 844 808 capesseremne
871 752 1195 807 rempublicam,
1228 753 1470 809 implicatus
1506 753 1697 793 tenebar.

265 808 350 850 Sed
373 809 542 850 laetatus
567 819 708 850 tamen
731 824 839 859 sum,
861 810 977 863 quod
1000 809 1103 849 mihi
1128 809 1288 859 liceret,
1311 810 1353 850 in
1384 809 1532 850 eadem
1554 823 1696 859 causa,

263 875 308 906 et
329 866 435 906 mihi
458 866 593 917 utilia,
616 875 660 906 et
681 866 818 907 cuivis
855 867 969 907 bono
993 875 1108 907 recta
1130 866 1371 908 defendere.
1433 865 1534 907 Huc
1556 879 1698 907 acces-

264 922 319 962 sit
349 923 725 964 commemoranda
761 923 973 977 quaedam,
995 933 1039 964 et
1068 923 1214 964 divina
1250 923 1432 965 Caesaris
1459 923 1592 963 in-me
1614 922 1699 962 fra-

263 987 456 1034 tremque
475 994 617 1021 meum
641 979 895 1021 liberalitas:
929 981 1002 1035 qui
1035 980 1156 1030 mihi,
1178 994 1469 1035 quascumque
1492 993 1556 1021 res
1578 993 1698 1036 gere-

262 1044 340 1086 ret,
360 1036 542 1079 tuendus
564 1044 688 1078 esset.
750 1036 878 1077 Nunc
897 1036 939 1077 in
961 1045 1078 1076 tanta
1099 1036 1304 1078 felicitate
1322 1038 1538 1093 tantisque
1561 1037 1698 1078 victo-

262 1092 350 1142 riis,
380 1094 547 1134 etiamsi
581 1093 624 1134 in
655 1107 733 1133 nos
763 1107 850 1134 non
883 1093 916 1133 is
947 1102 1072 1143 esset,
1102 1094 1175 1148 qui
1207 1103 1286 1145 est,
1318 1104 1461 1134 tamen
1483 1093 1697 1134 ornandus

262 1149 490 1190 videretur.
552 1150 625 1191 Sic
661 1150 775 1190 enim
808 1159 850 1190 te
886 1150 1134 1191 existimare
1157 1149 1308 1201 velim3
1356 1165 1455 1191 cum
1495 1165 1521 1190 a
1559 1150 1698 1200 vobis,
1815 1202 1817 1207 .

262 1220 370 1248 meae
393 1207 540 1248 salutis
571 1208 834 1256 auctoribus,
871 1207 1154 1258 discesserim,
1182 1208 1398 1248 neminem
1433 1221 1538 1258 esse,
1573 1207 1698 1262 cujus
1809 1210 1817 1260 'l

262 1263 417 1304 officiis
449 1278 516 1304 me
547 1272 634 1305 tam
665 1278 756 1305 esse
790 1264 1039 1305 devinctum
1071 1278 1156 1305 non
1198 1263 1335 1306 solum
1368 1264 1590 1316 confitear,
1626 1263 1699 1305 sed
1816 1265 1817 1296 l

262 1320 393 1361 etiam
416 1321 641 1376 gaudeam.

328 1377 459 1423 Quod
479 1378 683 1433 quoniam
708 1378 785 1419 tibi
819 1378 1017 1433 exposui,
1049 1376 1194 1419 facilia
1225 1386 1323 1418 sunt
1352 1392 1417 1428 ea,
1447 1392 1544 1432 quae
1582 1393 1608 1419 a
1631 1391 1701 1419 me

263 1432 316 1474 de
340 1434 520 1476 Vatinio
542 1444 585 1475 et
606 1434 658 1475 de
678 1434 833 1476 Crasso
859 1435 1052 1490 requiris.
1087 1435 1200 1475 Nam
1222 1436 1274 1477 de
1296 1434 1441 1490 Appio
1458 1436 1574 1491 quod
1598 1436 1701 1476 scri-

262 1490 344 1542 bis,
364 1491 490 1533 sicuti
513 1491 566 1532 de
590 1491 777 1542 Caesare,
800 1501 844 1533 te
874 1506 958 1532 non
995 1492 1328 1548 reprehendere:
1361 1493 1527 1547 gaudeo
1558 1492 1699 1534 consi·
1811 1524 1813 1533 2

260 1546 366 1591 lium
390 1548 469 1589 tibi
493 1548 665 1604 probari
687 1562 846 1590 meum.
908 1548 976 1589 De
999 1548 1174 1589 Vatinio
1197 1559 1356 1599 autem,
1380 1550 1565 1605 primum
1589 1549 1700 1591 redi-
1811 1561 1814 1591 ὲ

260 1613 329 1645 tus
366 1604 663 1646 intercesserat
685 1605 727 1645 in
751 1605 934 1661 gratiam
970 1620 1046 1661 per
1073 1604 1346 1662 Pompeium,
1369 1607 1515 1647 statim
1548 1616 1596 1647 ut
1629 1606 1700 1648 iile
1812 1623 1813 1629 ¹

258 1670 420 1718 praetor
437 1671 502 1703 est
524 1661 678 1713 factus,
697 1677 794 1703 cum
818 1662 992 1718 quidem
1013 1677 1095 1718 ego
1108 1663 1200 1718 ejus
1225 1663 1477 1719 petitionem
1497 1664 1699 1718 gravissi-

259 1718 341 1759 mis
364 1719 407 1759 in
431 1729 580 1760 senatu
604 1719 826 1760 sententiis
849 1734 1182 1776 oppugnassem‚
1206 1735 1346 1775 neque·
1364 1729 1453 1761 tam
1481 1721 1594 1762 illius
1624 1720 1699 1762 lae·

257 1775 386 1817 dendi
411 1790 553 1827 causa,
576 1790 704 1832 quam
726 1775 982 1817 defendendi
1014 1788 1143 1831 atque
1177 1778 1356 1818 ornandi
1381 1777 1576 1819 Catonis.
1599 1786 1700 1835 post

257 1843 402 1874 autem
442 1832 641 1884 Caesaris,
677 1842 726 1874 ut
755 1833 872 1874 illum
906 1834 1202 1885 defenderem,
1237 1835 1345 1875 mira
1377 1836 1599 1876 contentio
1631 1844 1698 1876 est

257 1899 502 1932 consecuta.
564 1890 653 1931 Cur
693 1900 836 1931 autem
866 1890 1088 1941 laudarim,
1123 1901 1223 1948 peto
1253 1907 1278 1933 a
1311 1902 1367 1942 te,
1391 1902 1440 1933 ut
1472 1893 1512 1933 id
1545 1908 1570 1933 a
1615 1906 1698 1943 me,

203 1975 206 1978 -
256 1947 296 1981 67
311 1961 417 1987 neve
440 1947 483 1988 in
506 1947 589 1988 hoc
611 1962 698 1997 reo,
720 1962 827 1988 neve
850 1948 894 1988 in
931 1948 1023 1989 aliis
1046 1949 1259 2004 requiras:
1293 1964 1346 1990 ne
1381 1949 1461 1990 tibi
1484 1964 1566 2005 ego
1585 1949 1699 1990 idem

256 2016 478 2059 reponam,
510 2019 609 2045 cum
634 2006 822 2046 veneris:
856 2006 1025 2046 tametsi
1064 2020 1236 2061 possum
1268 2006 1333 2047 vel
1367 2007 1549 2048 absenti.
1613 2006 1699 2046 Re-

257 2060 433 2102 cordare
453 2062 584 2111 enim,
605 2062 761 2117 quibus
785 2061 1073 2103 laudationem
1104 2077 1158 2103 ex
1181 2062 1343 2104 ultimis
1373 2063 1494 2103 terris
1519 2063 1699 2103 miseris.

257 2131 336 2158 nec
366 2117 450 2159 hoc
474 2119 757 2173 pertimueris.
793 2133 893 2160 nam
925 2134 951 2160 a
981 2134 1047 2160 me
1078 2119 1171 2175 ipso
1203 2119 1430 2161 laudantur
1473 2129 1515 2161 et
1547 2120 1696 2160 lauda-

255 2173 417 2215 buntur
458 2174 603 2216 iidem.
665 2175 749 2218 Sed
783 2185 925 2217 tamen
957 2176 1214 2218 defendendi
1247 2176 1411 2218 Vatinii
1446 2176 1529 2218 fuit
1565 2177 1697 2218 etiam

1809 138 1817 294 l

1799 297 1817 456 22

1812 738 1817 783 1

1812 802 1817 900 l

1812 909 1817 1003 l

296 2307 337 2339 64
359 2306 483 2347 qfferre
502 2309 656 2348 oportere]
693 2309 869 2340 Manifeste
899 2310 953 2340 Ci-
993 2310 1128 2340 suaderi
1153 2319 1244 2351 posse
1266 2309 1437 2346 diffideret,
1465 2310 1536 2348 cogi
1560 2309 1607 2340 fas
1630 2318 1699 2341 non

254 2359 328 2380 cero
359 2350 488 2390 scripsit
516 2349 635 2391 qfferri
649 2364 657 2380 :
680 2353 787 2391 sicque
816 2353 952 2384 correxi.
996 2362 1063 2383 esse
1078 2353 1146 2383 arb.
1190 2353 1227 2382 In
1244 2351 1413 2392 particulis
1430 2352 1544 2382 vitium
1561 2360 1626 2382 esse
1642 2351 1698 2382 de-

255 2391 366 2422 Habet
379 2392 424 2421 si(-
441 2392 505 2424 Ms.
522 2394 586 2423 Gu.
997 2395 1063 2425 bet.
1101 2394 1240 2425 Teutas-i
1256 2395 1300 2423 sic-
1313 2407 1322 2425 ;
1346 2404 1481 2433 eumque
1501 2398 1633 2423 tantam
1647 2395 1700 2424 vel

295 2433 335 2464 65
372 2434 577 2473 desiln'entem
602 2435 774 2475 senectute]
807 2436 953 2466 venuste
991 2437 1215 2476 persuadendo
1242 2438 1293 2466 vel
1328 2437 1464 2473 cogendo
1491 2438 1562 2474 regi
1595 2445 1697 2475 posse.

252 2475 322 2505 scil.
346 2475 431 2515 quod
455 2481 526 2507 tum
554 2486 637 2516 resp.
660 2477 782 2508 Athen.
804 2478 874 2516 jam
899 2488 955 2518 per

254 2515 353 2556 longa
366 2523 517 2558 tempora
530 2518 607 2549 felix
622 2524 655 2549 et
671 2525 786 2558 potens
803 2520 926 2550 suisset.

294 2560 336 2590 66
357 2570 414 2590 nec
440 2560 592 2600 cogendo]
633 2561 706 2591 Hoc
734 2562 863 2600 quidem
894 2562 954 2593 sal-

251 2608 325 2630 sum
354 2611 434 2638 esse,
460 2603 585 2633 clarum
615 2609 676 2634 est.
734 2604 861 2633 Graevio
886 2614 952 2634 non

252 2640 443 2682 displicebat
473 2655 530 2676 nec
556 2645 725 2684 rogand03
762 2646 850 2684 quod
877 2656 954 2676 sane

251 2687 301 2713 est
316 2685 536 2717 tolerabilius:
559 2687 615 2717 sed
639 2696 679 2717 ne
699 2687 743 2717 sic
758 2687 887 2725 quidem
903 2698 951 2719 se-

252 2727 427 2764 quentibus
464 2729 648 2769 respondet.
670 2729 892 2769 persuadendo
920 2736 955 2760 et

249 2769 389 2805 cogendo
405 2770 534 2808 quidem
551 2772 670 2801 servari
695 2771 827 2808 debent,
854 2778 891 2802 ut
906 2783 954 2803 se-

253 2811 426 2847 quentibus
441 2813 547 2843 oratio
566 2814 759 2846 conveniat:
783 2821 858 2844 cum
877 2824 954 2856 per-

998 2478 1119 2508 Similis
1143 2484 1230 2508 certe
1258 2478 1333 2508 hnic
1358 2488 1432 2507 vera
1457 2478 1615 2508 correctio
1630 2487 1698 2508 esse

996 2521 1103 2550 debet.
1148 2520 1207 2550 Est
1232 2520 1318 2549 enini
1346 2519 1517 2550 dilemma:
1557 2520 1696 2559 populus

996 2563 1073 2592 Ath.
1090 2567 1147 2592 aut
1161 2561 1379 2602 persuadendo
1395 2569 1450 2591 aiut
1467 2562 1611 2600 cogendo
1628 2562 1696 2600 regi

998 2610 1124 2645 potest:
1150 2604 1370 2643 persuadendo
1395 2613 1460 2633 non
1484 2613 1626 2644 possum,
1642 2613 1697 2635 co-

998 2647 1102 2686 gendo
1119 2646 1208 2677 nolo.
1495 2664 1498 2667 -

1038 2689 1075 2722 (37
1114 2698 1191 2718 neve
1216 2689 1252 2717 in
1282 2689 1338 2717 hoe
1365 2697 1396 2717 r.
1424 2696 1501 2717 neve
1527 2688 1561 2718 in
1589 2686 1692 2727 aliam]

997 2730 1099 2761 Nullo
1116 2731 1213 2761 modo
1230 2730 1281 2760 liic
1296 2738 1492 2760 neve—neve
1512 2729 1621 2761 locum
1634 2728 1692 2762 ha·

997 2773 1064 2805 bet.
1082 2773 1207 2813 corrige
1222 2781 1472 2813 neque-neque.
