1817 3196
481 96 562 136 AD
587 95 820 135 APPIUM
844 94 1198 133 PULCHRUM.
1507 96 1556 133 6⁵

127 201 356 244 subiratus.
417 198 476 241 Iis
506 214 604 242 vero
631 199 782 240 litteris
813 199 948 250 lectis,
979 213 1084 254 quas
1117 194 1368 246 Philotimo,
1401 194 1554 236 liberto

127 273 239 310 meo,
260 256 429 307 dedisti,
451 257 637 313 cognovi
657 256 946 310 intellexique,
969 256 1011 296 in
1034 254 1254 311 provincia
1275 251 1429 293 multos
1450 251 1555 291 fuis-

127 329 187 366 se,
209 315 280 370 qui
305 329 395 365 nos,
417 328 502 369 quo
523 313 667 354 animo
690 314 799 354 inter
819 327 896 353 nos
916 326 1075 362 sumus,
1093 324 1183 352 esse
1202 308 1386 350 nollent:
1409 306 1461 348 ad
1486 322 1555 348 ur-

128 372 224 412 bem
250 385 347 411 vero
379 379 425 410 ut
454 370 694 422 accesseris,
720 369 781 410 vel
812 370 954 425 potius
985 379 1032 409 ut
1055 369 1237 424 primum
1265 376 1358 406 tuos
1383 363 1552 414 videris,

125 442 334 483 cognosse
358 436 398 467 te
418 441 471 468 ex
496 428 560 477 iis,
583 441 667 482 qua
689 427 732 467 in
757 437 796 467 te
818 427 1035 467 absentem
1061 425 1158 476 fide,
1180 438 1264 479 qua
1287 423 1328 463 in
1351 421 1551 462 omnibus

122 484 277 525 officiis
310 484 476 525 tuendis
507 497 609 539 erga
639 494 680 524 te
711 484 983 524 observantia
1013 491 1056 523 et
1087 481 1328 522 constantia
1360 478 1549 540 fuissem.

123 539 274 595 Itaque
296 540 443 596 quanti
468 540 569 580 illud
594 554 660 581 me
682 541 894 581 aestimare
916 549 1054 595 putaS,
1077 538 1190 593 quod
1214 547 1278 578 est
1300 538 1343 576 in
1375 546 1458 576 tuis
1480 535 1550 575 lit-

121 598 220 638 teris
244 600 474 652 scriptum:
501 597 533 636 si
558 597 659 652 quid
684 597 895 646 inciderit,
918 596 1033 651 quod
1055 596 1107 636 ad
1130 608 1267 635 meam
1291 593 1548 649 dignitatem

121 654 348 709 pertineat,
372 654 452 694 etsi
476 654 547 694 vix
573 653 659 694 fieri
680 654 828 709 possit,
853 663 992 694 tamen
1014 662 1055 693 te
1077 665 1220 707 parem
1240 651 1343 691 mihi
1365 649 1549 706 gratiam

117 709 377 751 relaturum?
399 709 463 750 Tu
488 724 588 752 vero
608 709 732 751 facile
751 710 896 752 facies.
920 709 1024 750 nihil
1043 719 1107 750 est
1122 708 1252 758 enim,
1272 708 1384 762 quod
1405 706 1548 748 studio

117 775 162 807 et
187 766 486 818 benivolentia,
510 767 575 808 vel
601 781 745 808 amore
775 767 932 822 potiuS‚
965 767 1075 807 effici
1108 780 1195 806 non
1225 764 1375 820 possit.
1437 763 1546 819 Ego,
1560 774 1590 806 b.

117 824 197 864 etsi
219 834 263 864 et
285 824 375 879 ipse
397 824 739 879 itajudicabam,
761 834 804 864 et
827 824 980 864 fiebam
998 825 1147 864 crebro
1170 837 1194 863 a
1212 823 1316 862 meis
1338 835 1411 876 per
1432 820 1546 861 litte-

114 894 181 921 ras
212 882 392 933 certior3
425 890 566 921 tamen
596 882 831 921 maximam
859 881 1053 921 laetitiam
1081 880 1175 935 cepi
1203 893 1257 919 ex
1288 880 1371 918 tuis
1394 878 1545 918 litteris

114 936 168 977 de
191 951 264 992 spe
287 938 462 977 minime
483 938 614 978 dubia
629 947 673 978 et
689 938 813 993 plane
829 937 1052 993 explorata
1070 935 1275 992 triumphi
1297 936 1384 977 tui:
1410 948 1548 990 neque

111 1007 212 1034 vero
234 994 290 1034 ob
313 1008 404 1034 eam
428 1009 615 1045 causam,
638 1010 724 1050 quo
747 995 837 1050 ipse
861 994 1028 1035 facilius
1051 1006 1357 1048 consequerer:
1388 994 1430 1022 44
1445 1006 1547 1033 nam

110 1049 154 1090 id
191 1051 362 1105 quidem
393 1053 564 1106 ἔπικέςειον
585 1061 670 1093 est:
702 1053 789 1102 sed,
820 1051 1076 1102 mehercule,
1108 1050 1222 1106 quod
1253 1059 1326 1090 tua
1356 1049 1546 1104 dignitas

113 1118 242 1161 atque
264 1107 502 1163 amplitudo
527 1109 627 1148 mihi
654 1117 717 1148 est
740 1109 833 1163 ipsa
855 1122 952 1148 cara
975 1122 1048 1163 per
1071 1121 1127 1148 se.
1172 1107 1317 1153 Quare
1339 1106 1546 1162 quoniam

112 1164 252 1219 plures
278 1174 322 1204 tu
346 1165 492 1213 habes,
514 1179 643 1218 quam
665 1166 811 1214 ceteri,
833 1179 939 1219 quos
959 1165 1066 1204 scias
1088 1165 1129 1204 in
1148 1163 1260 1204 hanc
1276 1163 1546 1218 provinciam

109 1221 341 1276 proficisci,
364 1221 479 1275 quod
503 1230 543 1260 te
565 1221 723 1262 adeunt
745 1220 831 1261 fere
853 1234 1014 1271 omnes,
1047 1221 1079 1260 si
1104 1220 1204 1275 quid
1232 1220 1357 1261 velis:
1390 1220 1544 1274 gratis-

109 1278 264 1318 simum
300 1277 404 1317 mihi
437 1278 602 1328 feceris,
636 1278 670 1317 si
704 1277 754 1317 ad
789 1291 871 1328 me,
905 1277 1030 1317 simul
1065 1286 1193 1332 atque
1233 1276 1413 1331 adeptus
1446 1276 1543 1327 eris,

107 1335 223 1391 quod
253 1343 294 1374 et
326 1343 371 1374 tu
405 1334 601 1383 confidis,
631 1344 673 1374 et
703 1348 785 1389 ego
816 1344 936 1390 opto,
967 1333 1130 1374 litteras
1157 1333 1337 1374 miseris.
1399 1333 1542 1388 Longi

107 1390 295 1432 subsellii
319 1395 386 1443 (ut
417 1400 561 1432 noster
594 1390 826 1447 Pompeius
859 1391 1063 1447 appellat)
1088 1389 1303 1445 judicatio
1335 1398 1378 1430 et
1405 1405 1541 1441 mora,

107 1447 142 1487 si
173 1462 301 1502 quem
336 1447 414 1488 tibi
447 1448 548 1488 item
583 1462 713 1488 unum
745 1448 979 1488 alterumve
1009 1448 1123 1489 diem
1155 1446 1402 1488 abstulerit:
1436 1448 1541 1502 quid

104 1504 219 1545 enim
244 1513 384 1561 potest
406 1504 616 1559 amplius?
649 1514 722 1545 tua
743 1515 886 1544 tamen
909 1504 1097 1560 dignitas
1120 1518 1241 1544 suum
1265 1503 1408 1544 locum
1425 1505 1540 1545 obti-

105 1562 241 1602 nebit.
301 1561 400 1610 b'ed,
424 1562 456 1600 si
482 1575 548 1601 me
569 1561 729 1616 diligis,
751 1561 785 1601 si
809 1575 833 1601 a
855 1575 922 1601 me
944 1560 1065 1616 diligi
1090 1561 1167 1611 vis,
1195 1560 1245 1600 ad
1272 1574 1339 1600 me
1359 1561 1539 1613 litteras,

104 1626 153 1658 ut
185 1632 313 1674 quam
344 1632 529 1673 primurn
562 1618 713 1658 laetitia
743 1618 920 1667 afficiar,
953 1618 1130 1658 mittito.
1192 1616 1248 1656 Et
1270 1616 1411 1668 velim,
1443 1619 1538 1659 reli—

101 1689 235 1772 guum
266 1675 380 1729 quod
417 1687 481 1714 est
519 1674 715 1729 promissi
749 1689 798 1714 ac
832 1674 1018 1714 muneris
1049 1675 1126 1723 tui,
1169 1672 1273 1714 mihi
1306 1675 1538 1728 persolvas.

148 1745 217 1772 um
241 1730 375 1786 ipsam
399 1731 693 1786 cognitionem
721 1730 832 1785 juris
855 1732 1023 1785 augurii
1045 1730 1249 1784 consequi
1273 1731 1418 1785 cupio,
1446 1741 1538 1773 tum

102 1788 345 1829 mehercule
377 1788 458 1828 tuis
484 1787 789 1829 incredibiliter
812 1788 962 1828 studiis
988 1801 1091 1842 erga
1114 1801 1180 1826 me
1202 1789 1538 1843 muneribusque

98 1844 302 1886 delector.
365 1845 494 1891 Quod
528 1854 674 1886 autem
701 1859 726 1885 a
755 1858 822 1884 me
844 1846 927 1885 tale
948 1844 1153 1899 quiddam
1175 1843 1404 1896 desideras,
1435 1860 1536 1886 sane

100 1902 208 1942 mihi
230 1901 584 1942 considerandum
608 1912 686 1949 est,
709 1916 896 1956 quonam
921 1910 962 1942 te
991 1914 1233 1941 remunerer
1259 1901 1535 1956 potissimum

100 1972 281 2014 genere:
327 1973 424 1998 nam
449 1958 641 2014 profecto
666 1973 751 1998 non
775 1969 839 1999 est
860 1972 1018 2009 meum,
1047 1958 1121 2012 qui
1145 1958 1189 1997 in
1212 1958 1437 2000 scribendo
1466 1963 1535 2012 (ut

99 2015 208 2056 soles
231 2015 449 2064 admirari)
475 2025 639 2056 tantum
665 2015 886 2056 industriae
919 2028 1091 2071 ponam,
1119 2015 1404 2066 committere,
1430 2018 1471 2046 45
1485 2025 1534 2056 ut

98 2072 322 2128 negligens
357 2072 582 2113 scribendo
615 2071 746 2112 fuisse
770 2072 936 2113 videar:
972 2071 1209 2128 praesertim
1241 2086 1339 2112 cum
1372 2072 1414 2113 id
1445 2087 1534 2113 non

98 2129 229 2171 modo
253 2128 523 2185 negligentiS,
555 2129 626 2169 sed
650 2129 780 2169 etiam
802 2129 959 2183 ingrati
984 2127 1114 2169 animi
1145 2128 1306 2168 crimen
1339 2127 1533 2170 futurum

99 2185 169 2225 sit.
233 2185 388 2226 Verum
420 2185 511 2226 liaec
536 2186 789 2226 videbimus.
852 2185 977 2235 Illud,
1007 2185 1122 2239 quod
1153 2185 1380 2240 polliceris,
1405 2186 1532 2227 velim

97 2256 175 2298 pro
197 2251 268 2282 tua
293 2242 374 2283 fide
395 2243 718 2297 diligentiaque,
747 2251 790 2282 et
821 2256 898 2297 pro
931 2254 1090 2291 nostra,
1112 2256 1197 2281 non
1222 2242 1434 2292 instituta,
1457 2243 1532 2284 sed

90 2299 183 2354 jam
208 2299 441 2339 inveterata
464 2299 668 2348 amicitia,
690 2313 826 2349 cures,
849 2298 1026 2349 enitare,
1055 2309 1101 2339 ut
1124 2299 1382 2354 supplicatio
1404 2300 1530 2340 nobis

127 2370 223 2397 uam
269 2355 712 2405 honorificentissime,
763 2370 891 2411 quam
946 2356 1216 2411 primumque
1263 2357 1529 2397 decernatur.

94 2371 287 2453 {hunino
311 2413 442 2453 serius
467 2412 558 2452 misi
585 2412 758 2462 litteras,
790 2427 914 2467 quam
942 2413 1117 2453 vellem:
1150 2413 1192 2452 in
1216 2427 1301 2467 quo
1324 2428 1422 2453 cum
1445 2412 1530 2454 dif-

95 2468 260 2510 ficultas
284 2469 514 2525 navigandi
537 2468 618 2509 fuit
637 2469 800 2519 odiosa,
822 2470 862 2500 46
878 2480 965 2509 tum
988 2470 1029 2510 in
1052 2469 1191 2525 ipsum
1211 2470 1443 2510 discessum
1461 2483 1526 2509 se-

93 2537 220 2568 natus
250 2526 450 2568 incidisse
481 2525 608 2567 credo
640 2525 802 2568 litteras
834 2540 965 2567 meas.
1027 2527 1110 2567 sed
1132 2526 1177 2568 id
1199 2526 1282 2567 feci
1313 2526 1637 2577 adductuspw.

1535 2604 1567 2624 a·

131 2640 173 2669 44
205 2648 285 2670 nam
306 2639 343 2669 id
363 2649 393 2679 q.
417 2639 464 2670 ἔπ’.
491 2639 549 2678 εει]
577 2638 673 2670 Forte
691 2642 780 2670 esset.
825 2638 946 2669 delevit
960 2638 1163 2676 Gebhardus,
1186 2639 1272 2678 quod
1294 2648 1313 2668 a
1332 2638 1527 2676 quibusdam

94 2679 177 2711 Edd.
194 2691 242 2720 pr.
261 2684 413 2711 neutrum
428 2681 563 2711 habent.
825 2680 915 2711 libris
931 2682 1035 2719 abest,
1052 2682 1241 2721 absorptum
1257 2691 1276 2710 a
1291 2680 1378 2710 finali
1393 2680 1426 2709 in
1443 2684 1526 2712 tum.

129 2724 169 2752 45
180 2727 215 2752 ut
226 2724 392 2761 negligens
401 2724 577 2763 scribendo]
592 2722 718 2755 Excidit
729 2724 775 2761 in,
822 2722 962 2753 Utinam
973 2724 1160 2763 exemplum
1176 2722 1264 2752 aliud
1277 2721 1456 2759 attulisset,
1469 2723 1527 2753 ubi

94 2766 134 2793 ut
147 2772 243 2803 supra
261 2765 288 2801 1,
309 2767 355 2794 li.
822 2766 963 2795 incidere
976 2765 1046 2796 sine
1062 2766 1096 2795 in
1110 2764 1235 2796 dictum
1247 2767 1343 2796 esset.
1386 2763 1526 2807 Ineptioe

130 2804 171 2835 46
194 2809 265 2836 tum
279 2807 313 2836 in
325 2807 431 2846 ipsum
446 2807 523 2840 disc.
544 2807 706 2849 incidisse]
732 2807 776 2840 In
821 2807 896 2837 istae
910 2810 1000 2839 sunt.

150 2860 257 2890 vot.
278 2862 355 2891 111.
377 2863 418 2892 P.
438 2863 472 2892 1.
848 2861 874 2890 Β
