1860 3228
471 79 549 117 AD
573 79 631 118 M.
658 78 909 117 MARIUM
933 78 1009 116 ET
1035 77 1318 116 CETEROS.
1535 84 1609 123 167

176 195 244 223 ine
275 183 400 224 velim
435 183 488 224 de
520 183 684 225 ratione
725 181 882 224 Gallici
923 181 1021 224 belli
1060 182 1286 223 certiorem
1326 180 1474 222 facias.
1521 197 1650 238 egop
1671 198 1739 228 104.

173 239 290 280 euim
312 241 645 296 6¹ignavissim0
675 240 832 294 cuique
862 239 1097 280 maximam
1129 239 1257 280 fidem
1290 238 1442 279 habeo.
1504 238 1635 290 Sed,a

174 304 221 336 ut
243 296 296 337 ad
317 297 519 353 epistolas
543 309 635 338 tuas
657 297 842 346 redeam,
871 306 1013 337 cetera
1043 296 1172 338 belle:
1204 295 1307 336 illud
1330 296 1476 336 miror.
1507 297 1603 350 quis

172 352 281 393 solet
312 355 463 395 eodem
496 353 697 409 exemplo
727 353 865 409 plures
898 353 1014 404 dare,
1052 354 1126 408 qui
1158 367 1234 393 sua
1264 366 1391 393 manu
1425 352 1604 394 seiibit?

171 409 285 450 Nam
306 411 454 467 quod
445 425 487 451 in
491 409 804 474 palimpsesto,
828 410 955 451 laudo
968 410 1166 465 equidem
1191 409 1511 466 parsimoniam.
1531 410 1604 450 sed

171 466 316 518 miror,
355 467 457 523 quid
490 467 532 508 in
565 467 638 508 illa
669 466 865 508 chartula
895 466 1038 518 fucrit,
1069 467 1184 523 quod
1216 467 1357 508 delere
1386 464 1603 516 malueris,

168 523 371 587 62[quam
413 523 506 566 haec
549 525 778 578 scribere];
819 525 899 565 nisi
939 524 1051 565 forte
1090 534 1182 565 tuas
1219 522 1439 564 formulas.
1501 523 1604 563 Non

169 581 283 621 enim
319 589 422 636 puto
455 591 495 622 te
517 596 634 623 meas
656 580 859 637 epistolas
882 581 1037 632 delere,
1070 591 1117 622 ut
1149 595 1330 636 reponas
1363 590 1472 621 tuas.
1532 579 1604 621 An

168 636 252 678 hoc
273 637 506 693 significa8‚
541 638 647 679 nihil
679 639 799 680 fieri?
830 637 988 695 frigere
1020 641 1089 679 te?
1121 652 1173 678 ne
1204 637 1396 678 chartam
1428 637 1604 692 quidem

168 693 248 735 tibi
271 695 577 750 suppeditare?
606 695 706 738 Jam
739 696 820 736 ista
846 704 921 736 tua
941 694 1068 751 culpa
1096 708 1174 745 est,
1204 695 1276 750 qui
1303 694 1603 735 verecundiam

167 760 308 792 tecum
341 751 561 803 extuleris,
592 763 636 794 et
666 767 751 793 non
784 752 854 793 hic
885 752 1112 793 nobiscum
1144 751 1379 807 reliqueriS.
1441 749 1537 806 Ego
1561 761 1603 791 te

167 806 320 860 Balbo,
352 824 451 850 cum
483 809 534 851 ad
559 825 634 851 vos
667 809 976 865 proficiscetur,
1009 823 1127 850 more
1159 808 1359 849 Romano
1382 822 1602 849 commen-

164 863 293 906 dabo.
353 864 435 916 Tu,
458 867 491 907 si
515 866 784 908 intervallum
808 866 979 923 longius
1011 867 1092 907 erit
1123 880 1313 907 mearum
1347 865 1602 916 litterarum,

164 935 218 963 ne
241 923 296 964 sis
318 923 568 964 admir.atus
599 939 715 965 eram
737 924 852 964 enim
876 900 1104 965 abfuturus
1127 937 1271 964 mense
1289 921 1444 978 Aprili.
1507 921 1601 963 Has

164 978 326 1020 litteras
349 981 499 1035 scripsi
523 981 565 1021 in
592 980 843 1038 Pomptino,
874 996 973 1022 cum
1002 981 1055 1022 ad
1081 980 1221 1021 villam
1248 979 1431 1021 Men-ilii
1457 978 1602 1019 Phile-

163 1037 304 1077 monis
326 1037 628 1080 devertissem:
662 1053 716 1079 ex
747 1053 832 1094 qua
854 1038 949 1092 jam
977 1038 1195 1079 audieram
1225 1036 1445 1078 fremitum
1468 1035 1601 1077 clien-

164 1093 273 1134 tium
316 1108 523 1144 meorum,
565 1110 673 1151 quos
714 1095 888 1150 quidem
930 1106 976 1135 tu
1022 1095 1127 1136 mihi
1166 1094 1423 1136 conciliasti.
1485 1093 1601 1134 Nam

168 1149 340 1192 Ulubris
380 1151 555 1192 honoris
589 1153 670 1193 mei
706 1167 836 1193 causa
870 1152 956 1192 vim
993 1153 1230 1192 maximam
1267 1149 1600 1191 ranunculorum

164 1220 208 1248 se
229 1222 470 1249 commosse
492 1210 734 1249 constabat.
778 1208 895 1249 Cura
916 1216 963 1248 ut
987 1207 1141 1249 valeas.
1178 1221 1244 1248 v1.
1269 1206 1373 1248 Idus
1386 1206 1525 1262 April.
1549 1207 1602 1248 de

166 1263 420 1320 Pomptino.

217 1320 285 1376 Ep
289 1320 456 1362 istolam
489 1329 622 1369 tuam,
652 1335 780 1376 quam
812 1321 961 1377 accepi
993 1322 1047 1362 ab
1081 1320 1130 1362 L.
1153 1320 1376 1371 Arruntio,
1405 1320 1600 1361 conscidi

159 1378 450 1420 innocentem.
483 1377 591 1418 nihil
611 1380 725 1419 enim
750 1379 954 1429 habebat,
983 1379 1100 1434 quod
1121 1392 1209 1419 non
1231 1377 1330 1419 vel
1321 1392 1364 1418 in
1388 1378 1601 1418 concione

160 1445 276 1477 recte
298 1435 383 1484 letti
407 1445 565 1490 posset.
627 1435 710 1476 Sed
734 1446 777 1476 et
798 1435 1051 1477 Arruntius
1045 1436 1097 1466 63
1113 1436 1174 1476 ita
1199 1445 1242 1475 te
1266 1433 1492 1475 mandasse
1514 1435 1600 1475 aie-

157 1492 247 1543 bat,
280 1503 323 1533 et
355 1503 400 1532 tu
431 1492 732 1548 adscripseras.
793 1492 954 1533 Verum
985 1492 1088 1534 illud
1111 1501 1219 1533 esto.
1251 1491 1360 1532 nihil
1383 1501 1426 1531 te
1448 1491 1500 1532 ad
1533 1505 1602 1531 me

156 1559 308 1606 postea
329 1549 548 1605 scripsisse
573 1550 774 1600 demiror,
798 1550 1038 1605 praesertim
1063 1559 1152 1590 tam
1175 1548 1300 1591 novis
1322 1548 1465 1589 rebus.

669 1633 780 1670 ARG
786 1633 867 1670 UM
872 1633 1016 1670 ENTU
1018 1633 1064 1669 M
1068 1663 1075 1670 .
1618 1649 1668 1690 19

153 1687 316 1724 Antonio
329 1690 416 1734 post
435 1685 586 1720 Caesaris
603 1697 723 1727 necem
740 1686 898 1734 rem-pub.
919 1686 1100 1728 turbante,
1123 1686 1246 1722 Cicero
1271 1686 1463 1732 desperans
1488 1684 1595 1720 liber-

208 1743 332 1778 tatem,
359 1739 398 1773 in
428 1738 606 1773 Graeciam
625 1738 726 1774 abire
742 1739 942 1774 constituit.
998 1737 1041 1773 In
1061 1750 1131 1786 quo
1150 1739 1282 1774 itinere
1305 1737 1522 1785 Topicorum
1548 1737 1593 1772 li-

207 1791 310 1827 brum
336 1791 495 1838 scripsit,
524 1801 675 1837 eumque
707 1790 876 1826 Trebatio
895 1791 994 1825 misit
1012 1791 1056 1826 ab
1081 1789 1237 1837 Rhegio,
1255 1789 1317 1825 ubi
1335 1794 1371 1825 et
1389 1789 1443 1824 nce
1462 1790 1595 1825 litterae

205 1847 290 1879 sunt
308 1843 417 1885 datae,
437 1843 481 1878 de
497 1853 563 1877 usu
585 1847 620 1877 et
638 1843 942 1890 interpretatione
959 1841 1034 1888 ejus
1054 1842 1138 1878 libri
1155 1844 1332 1881 docentes.

551 1912 789 1956 CICERO
810 1912 1141 1966 TREBATIO,
1166 1914 1209 1955 S.
1606 1925 1639 1957 b.

154 1970 336 2033 VIDE,
357 1981 506 2036 quanti
528 1982 641 2038 apud
667 1996 734 2022 me
757 1982 839 2033 sis;
870 1982 950 2022 etsi
966 1981 1066 2036 jure
1090 1982 1132 2023 id
1154 1981 1344 2037 quidem.
1367 1995 1455 2021 non
1478 1982 1594 2022 enim

153 2050 196 2082 te
228 2053 375 2082 amore
407 2039 550 2079 vinco.
611 2039 920 2080 Verumtamen
955 2039 1069 2094 quod
1104 2039 1307 2095 praesenti
1342 2038 1423 2079 tibi
1460 2052 1595 2095 prope

149 2183 227 2206 cum
262 2173 364 2210 sete,
401 2173 726 2204 commendationem
753 2183 848 2204 suam
890 2173 992 2203 Joeus
1017 2174 1053 2203 in
1085 2172 1293 2209 Trebatium,
1324 2171 1495 2202 hominem
1523 2182 1594 2209 non

146 2220 244 2247 vocat
259 2216 453 2250 cautionem,
468 2220 504 2245 et
525 2216 654 2255 quidem
677 2217 848 2254 chiragra·
892 2216 1092 2246 militarem:
1138 2223 1284 2245 ceterum
1320 2214 1432 2244 subest
1467 2214 1593 2254 aliquid

145 2259 203 2301 phi
218 2257 282 2293 sui,
297 2258 374 2296 quia
386 2266 446 2287 sua
460 2267 562 2287 manu
576 2258 749 2298 epistolam
769 2259 849 2288 scri-
892 2259 975 2287 veri:
1017 2267 1093 2287 nam
1125 2257 1158 2287 id
1186 2265 1289 2296 genus
1318 2256 1492 2287 hominum
1523 2267 1592 2289 non

148 2306 276 2342 pserat:
293 2309 370 2330 cum
383 2300 418 2329 in
433 2300 733 2339 cautionibusjuris
745 2301 848 2330 etiam
892 2300 1015 2330 minuit
1029 2299 1214 2340 periculum
1231 2300 1288 2329 ἃς.

147 2344 204 2380 sit,
220 2351 292 2382 quae
306 2342 524 2382 chirographo
536 2343 586 2372 fit.
629 2342 717 2372 Tum
730 2342 847 2373 deinde
933 2342 975 2381 62
989 2352 1088 2382 quam
1103 2344 1169 2372 Izaec
1183 2340 1334 2380 scribere]
1360 2340 1514 2379 Languet
1527 2341 1591 2372 hoc

84 2388 89 2390 “
146 2385 233 2417 hanc
246 2385 434 2415 cautionem
444 2386 627 2422 groeculam
640 2390 755 2415 vocat:
779 2393 847 2416 non
889 2384 1115 2421 vehementer,
1143 2393 1203 2414 nec
1224 2383 1433 2413 commodum
1456 2392 1587 2413 sensum

145 2428 224 2467 quia
239 2426 378 2467 epistola
390 2436 495 2466 graece
509 2427 632 2467 scripta
646 2427 722 2463 fuit,
736 2432 774 2457 ut
790 2427 846 2458 Vi-
891 2426 1000 2456 habet.
1047 2426 1161 2466 Itaque
1183 2426 1314 2465 quidam
1338 2425 1488 2455 addidere
1506 2435 1566 2455 non
1580 2437 1590 2454 .-

147 2470 284 2505 etei-ius,
310 2469 483 2499 Manutius
510 2470 569 2499 &cu
596 2479 710 2509 cepere
721 2481 731 2498 2
767 2477 844 2500 nam
888 2469 975 2508 quod
989 2468 1107 2499 saltem
1121 2468 1263 2502 intelligi
1280 2473 1399 2507 potest.
1416 2477 1445 2497 v.
1462 2467 1587 2498 Victor.

143 2513 270 2552 tropice
286 2511 412 2541 dictum
428 2520 496 2541 esse
516 2510 626 2547 debet,
650 2512 725 2550 quia
742 2515 776 2542 et
792 2521 844 2542 ce-
888 2510 929 2541 ad
958 2511 990 2541 h.
1018 2511 1041 2542 1.
1079 2510 1142 2541 Sed
1169 2510 1278 2547 credo,
1304 2516 1392 2539 recte
1422 2509 1587 2548 Judicasse

143 2558 217 2584 tera
229 2555 276 2584 sic
291 2553 380 2583 dicta
392 2559 490 2584 sunt:
506 2553 562 2583 sed
575 2553 652 2592 quia
667 2553 745 2584 levis
760 2560 845 2591 erat,
888 2552 1101 2589 Lambinum,
1124 2558 1210 2592 post,
1227 2551 1429 2582 Gronovium
1444 2556 1478 2581 et
1493 2550 1586 2582 Gtae-

143 2600 178 2627 et
192 2596 328 2627 incertae
339 2595 432 2626 fidei:
454 2595 670 2636 (graeeafides
683 2601 765 2627 nota
775 2597 839 2634 est)
887 2596 989 2631 vium,
1001 2595 1086 2625 hanc
1096 2594 1347 2635 appendiculam
1359 2602 1426 2623 esse
1439 2603 1588 2629 resecan-

141 2637 230 2668 unde
241 2645 275 2669 et
286 2638 466 2678 opponitur
480 2637 632 2668 Romana
648 2648 741 2674 mox:
759 2638 844 2670 Bal-
888 2637 975 2668 dam.
1022 2636 1125 2668 Uncis
1140 2637 1270 2676 quidem
1288 2635 1416 2664 inclusi.

145 2680 224 2710 bote
235 2690 323 2710 more
343 2680 494 2711 Romano
508 2681 745 2711 commendabo.
789 2681 845 2711 Sic
931 2680 971 2710 63
993 2680 1044 2709 ita
1068 2684 1098 2709 te
1114 2678 1301 2716 mandasse]
1340 2677 1417 2707 Non
1437 2677 1585 2714 jussisse,

144 2721 311 2753 intellexit
324 2722 395 2753 haee
407 2723 509 2753 etiam
523 2723 640 2754 Burm.
656 2722 698 2754 ad
710 2723 845 2754 Petron.
890 2721 1054 2761 quomodo
1080 2721 1179 2759 vulgo
1209 2720 1369 2751 mandme
1393 2718 1508 2749 dicunt
1535 2700 1587 2750 vel

149 2773 180 2794 c.
193 2764 246 2793 46.
891 2764 1078 2804 accipiunt:
1112 2762 1181 2801 sed,
1208 2767 1246 2793 ut
1268 2760 1349 2792 mihi
1376 2760 1510 2800 diceret,
1534 2772 1587 2793 ro

185 2804 225 2836 61
248 2805 460 2854 ignavissimo
480 2815 508 2836 c.
519 2805 720 2848 max.fidem
730 2806 844 2846 habeo]
893 2815 996 2839 easse.

827 2863 861 2890 M
877 2855 905 2890 4
