1817 3196
251 104 302 139 52
629 97 806 137 EPIST.
834 97 1016 136 LIBER
1051 96 1310 136 TERTIUS

253 217 359 255 esse,
381 218 478 246 cum
503 211 677 260 propter
694 202 849 244 multas
871 202 1102 243 suavitates
1124 200 1303 257 ingenii,
1323 200 1470 252 officii,
1491 200 1691 242 humani-

255 262 355 303 tatis
379 271 490 312 tuae3
533 270 623 300 tum
647 260 763 314 quod
791 262 846 299 ex
872 260 954 300 tuis

988 258 1155 308 litteris,
1178 267 1221 297 et
1253 271 1306 297 ex
1337 257 1569 299 multorum
1603 273 1689 299 ser—

254 318 456 360 monibus
491 316 699 372 intelligo,
733 316 892 366 omnia,
922 330 1019 369 quae
1049 330 1075 355 a
1106 327 1173 354 me
1206 313 1400 368 profecta
1432 325 1531 356 sunt
1559 315 1600 355 in
1632 325 1690 366 te,

254 376 337 417 tibi
360 375 566 416 accidisse
587 374 843 429 gratissima.
906 371 1034 417 Quod
1057 384 1152 411 cum
1178 370 1238 410 ita
1259 371 1327 421 sit,
1351 372 1568 426 perficiam
1590 386 1689 428 pro-

257 432 389 482 fecto,
412 440 459 472 ut
488 431 605 486 longi
640 430 843 485 temporis
876 442 1062 478 usuram,
1084 441 1169 482 qua
1199 428 1426 479 caruimus,
1450 429 1692 469 intermissa

256 498 405 531 nostra
423 487 731 529 consuetudine
763 495 805 526 et
829 486 981 540 gratia,
1004 494 1046 525 et
1069 484 1309 525 3crebitate
1330 494 1372 525 et
1393 485 1692 541 magnitudine

256 547 498 588 officiorum
523 558 713 584 meorum
737 544 940 583 sarciam:

974 542 1101 596 idque
1123 554 1190 581 me
1211 542 1431 596 (quoniam
1459 553 1503 583 tu
1526 543 1587 583 ita
1609 542 1691 592 vis)

254 613 363 660 puto
387 617 472 643 non
493 601 633 642 invita
655 600 856 640 Minerva
876 613 966 639 esse
988 598 1226 638 facturum:
1249 613 1375 652 quam
1399 600 1570 653 quidem
1594 613 1693 655 egO,

257 661 290 701 si
316 660 426 701 forte
447 659 499 699 de
533 659 616 699 tuis
639 671 842 707 sumsero,
869 671 953 696 non

989 656 1123 696 solum
1150 654 1337 706 Pallada,
1360 656 1431 697 sed
1452 657 1580 698 etiam
1603 656 1695 712 Ap-

254 717 386 773 piada
420 715 669 757 nominabo.
732 714 864 763 Cilix,
903 713 1079 753 libertus
1110 722 1222 762 tuus,
1256 722 1381 752 antea
1411 713 1517 753 mihi
1551 713 1692 754 minus

258 774 343 815 fuit
361 784 513 814 notus:
546 772 616 811 sed
642 780 688 811 ut
709 770 815 810 mihi
836 770 1019 811 reddidit
1037 785 1062 810 a
1085 781 1125 809 te
1146 768 1322 819 litteras,
1347 769 1489 825 plenas
1511 780 1554 811 et
1575 784 1694 811 amo-

259 831 315 871 ris
337 842 380 871 et
402 829 550 878 officii,
566 827 744 869 mirifice
766 828 856 883 ipse
878 842 953 868 suo

147 909 179 942 p.
195 889 439 931 31.nitatem
462 886 697 931 litterarum
721 895 905 925 tuarum.

978 841 1172 868 sermone
1193 826 1443 867 subsecutus
1463 837 1526 868 est
1544 827 1696 868 huma-

964 883 1165 925 ,iucunda
1186 883 1291 926 milii
1320 884 1412 939 ejus
1435 885 1572 927 oratio
1595 883 1694 935 fuit,

214 952 244 972 a.
257 959 355 986 cum
379 944 430 984 de
452 943 596 984 animo
621 951 709 991 tuo,
728 942 780 983 de
801 942 1082 991 sermonibus,
1100 955 1207 995 quos
1228 940 1281 981 de
1303 955 1370 981 me
1391 940 1568 982 haberes
1589 955 1696 996 quo-

258 1002 377 1051 tidie,
401 1000 732 1045 miliirnarraret.
793 998 910 1044 Quid
934 1014 959 1052 q

967 998 1118 1039 uaeris?
1177 998 1319 1038 Biduo
1342 998 1480 1038 factus
1502 1008 1566 1039 est
1587 998 1695 1042 mihi

258 1058 506 1101 familiaris:
540 1057 600 1096 ita
624 1065 781 1106 tamen,
806 1064 852 1095 ut
876 1054 1086 1094 Phaniam
1110 1054 1230 1094 valde
1253 1054 1331 1094 sim
1354 1055 1694 1100 desideraturus:

257 1129 385 1171 quein
423 1129 519 1155 cum
554 1112 738 1153 Romam
773 1112 979 1162 remittes,
1001 1111 1115 1165 quod
1149 1115 1215 1162 (ut
1254 1113 1472 1166 putamus)
1503 1112 1696 1154 celeriter

257 1188 349 1214 eras
373 1172 578 1221 facturus,
601 1171 801 1210 omnibus
824 1170 861 1209 ei
884 1169 936 1209 de
963 1170 1103 1216 rebus,
1126 1182 1230 1222 quas
1261 1168 1347 1223 agi,
1369 1182 1473 1222 quas
1504 1170 1640 1210 curari
1671 1185 1697 1211 a

257 1244 328 1272 me
351 1229 479 1278 voles,
502 1227 704 1267 mandata
725 1227 797 1266 dcs
822 1225 962 1266 velim.

1018 1225 1064 1265 L.
1088 1225 1320 1275 Valerium,
1337 1226 1698 1278 jureconsustum,

257 1287 381 1328 valde
397 1286 474 1326 tibi
498 1285 779 1325 commendo:
801 1283 869 1323 sed
888 1283 946 1322 ita
959 1282 1103 1331 etiam,
1118 1282 1151 1321 si
1175 1295 1260 1321 non
1281 1291 1345 1321 est
1360 1282 1697 1337 jureconsultus,

259 1343 421 1385 NIelius
444 1342 558 1382 enim
582 1341 620 1381 ei
657 1355 806 1381 cavere
830 1339 941 1390 volo,

255 1401 478 1443 hominem
501 1398 652 1453 diligo.
674 1406 737 1438 est
760 1412 812 1437 ex
838 1397 942 1436 meis

971 1353 1099 1394 quam
1134 1339 1223 1394 ipse
1257 1338 1348 1378 aliis
1381 1339 1502 1380 solet.
1563 1340 1698 1382 Valde

965 1395 1211 1436 domesticis
1233 1405 1361 1450 atque
1386 1397 1548 1437 intimis
1571 1398 1698 1439 fami-

256 1458 450 1500 liaribus.
493 1456 670 1496 omnino
696 1454 771 1496 tibi
797 1453 888 1509 agit
911 1454 1068 1509 gratias
1091 1470 1099 1494 z
1143 1452 1215 1493 sed
1250 1452 1361 1492 idem
1395 1453 1559 1505 scribit,
1580 1469 1696 1496 meas

258 1515 422 1555 litteras
443 1513 683 1552 maximum
719 1511 830 1567 apud
856 1520 897 1550 te
929 1510 1094 1566 pondus
1132 1509 1367 1550 habituras.
1429 1509 1480 1551 Id
1511 1525 1609 1554 eum
1641 1525 1697 1553 ne

259 1572 394 1622 fallat,
417 1579 459 1612 te
477 1569 607 1610 etiam
630 1580 759 1624 atque
778 1567 907 1608 etiam
928 1581 1049 1623 rogo.
1110 1565 1228 1607 Vale.

214 1671 243 1705 10

783 1655 1186 1695 ARGUMENTUM.

262 1723 429 1762 Ciliciam
443 1724 672 1772 provinciam
697 1723 861 1763 sortitam,
880 1721 1042 1767 Appium
1067 1732 1109 1754 ex
1127 1732 1169 1755 ea
1188 1720 1410 1755 decessurum
1429 1725 1548 1768 rogat,
1575 1728 1617 1758 ut
1631 1724 1700 1761 sibi

487 1787 567 1811 eam
586 1786 694 1822 quam
714 1775 868 1809 maxime
886 1777 1011 1820 aptam
1030 1772 1319 1819 e.rplicatamque
1337 1773 1472 1809 tradat.
1525 1801 1529 1805 .

259 1841 394 1883 Μ.Τ.
411 1842 463 1884 C.
486 1839 864 1882 PROCONSUL
885 1837 1076 1879 APPIO
1098 1836 1398 1880 PULCHRO
1422 1836 1555 1880 lMP.
1579 1840 1623 1882 S.
1639 1841 1698 1885 D.

261 1897 407 1952 CUM
442 1918 486 1949 et
518 1918 669 1949 contra
706 1906 973 1948 voluntatem
1004 1920 1159 1955 meam,
1190 1914 1232 1946 et
1255 1916 1411 1960 praeter
1444 1907 1696 1962 opinionem

261 1968 502 2017 accidisset,
526 1975 572 2006 ut
594 1964 699 2005 mihi
714 1978 811 2004 cum
836 1963 1016 2018 imperio
1039 1963 1081 2003 in
1107 1962 1372 2018 provinciam
1388 1964 1602 2019 proficisci
1625 1980 1699 2007 ne-

260 2039 379 2067 cesse
408 2032 532 2074 esset,
553 2023 596 2063 in
619 2020 764 2062 multis
793 2032 837 2061 et
870 2020 996 2061 variis
1034 2020 1240 2060 molestiis
1271 2020 1698 2078 cogitationibusque

259 2083 383 2132 meis,
404 2081 500 2121 haec
533 2094 619 2120 una
640 2077 877 2119 consolatio
900 2078 1168 2127 occurrebat,
1191 2077 1306 2131 quod
1331 2092 1467 2132 neque
1490 2078 1568 2119 tibi
1591 2081 1700 2120 ami-

260 2140 367 2189 cior,
386 2152 513 2193 quam
534 2151 616 2193 ego
635 2150 743 2185 sum,
761 2135 986 2190 quisquam
1008 2143 1152 2189 posset
1175 2133 1401 2174 succedere
1418 2152 1428 2176 ;
1460 2149 1598 2190 neque
1617 2151 1700 2194 ego

261 2197 317 2237 ab
351 2195 436 2236 ullo
472 2193 739 2250 provinciam
776 2192 985 2247 accipere,
1019 2191 1089 2245 qui
1127 2190 1271 2232 mallet
1302 2205 1396 2232 eam
1428 2192 1535 2233 mihi
1569 2207 1700 2248 quam

259 2253 451 2294 maxime
484 2259 630 2307 aptam
651 2248 998 2304 explicatamque
1031 2247 1210 2288 tradere.
1271 2248 1438 2294 Quodsi
1463 2259 1507 2290 tu
1529 2264 1702 2306 quoque

259 2310 441 2352 eandem
473 2308 525 2350 de
548 2321 643 2348 mea
666 2306 884 2348 voluntate
914 2320 1016 2362 erga
1039 2313 1080 2346 te
1102 2318 1221 2362 spem
1243 2304 1390 2358 habes,
1412 2320 1462 2346 ea
1494 2314 1536 2347 te
1557 2307 1701 2369 profe-

257 2454 346 2486 unde
361 2458 394 2485 et
409 2464 484 2484 cum
498 2454 604 2491 igitur
618 2455 844 2493 permutatum
862 2454 956 2487 nota-

257 2499 365 2529 vimus
392 2497 425 2527 in
440 2495 653 2526 orationibus.
698 2494 888 2524 Gebhardus
908 2498 959 2524 ta-

257 2549 335 2570 men
361 2550 378 2570 e
408 2540 488 2570 Mss.
519 2537 644 2568 duobus
674 2536 778 2566 Palat.
811 2536 956 2575 praefert,

257 2582 315 2612 Sic
326 2586 371 2612 est
384 2595 392 2610 :
415 2582 472 2611 tibi
488 2590 523 2620 p.
542 2578 629 2618 quod
650 2582 683 2608 et
699 2578 819 2617 recepit
835 2578 957 2608 Graevi-

256 2633 307 2654 us.
352 2623 415 2654 Sed
430 2623 462 2653 id
476 2627 589 2652 tamen
613 2630 679 2650 non
697 2620 777 2650 bene
803 2622 957 2650 convenit

258 2665 477 2701 antecedenti,
504 2668 538 2694 et
565 2662 726 2701 sequenti,
755 2667 794 2691 ut
828 2662 957 2702 opinor.

257 2707 354 2737 Forte
371 2708 434 2737 fuit
456 2716 534 2745 ergo
550 2715 607 2745 per
633 2704 862 2744 compendium
879 2705 957 2734 scri-

256 2755 366 2789 ptum,
382 2760 447 2788 quo
463 2749 576 2780 Cicero
595 2748 629 2777 in
646 2746 705 2777 tali
721 2747 863 2776 transitu
879 2746 957 2777 alias

257 2797 375 2824 utitur.

300 2835 319 2863 3
342 2833 515 2863 crebritate
536 2837 566 2863 ee
582 2840 696 2871 magn.
713 2828 786 2871 qffi]
821 2829 955 2861 Celebri-

999 2456 1067 2481 tate
1081 2449 1223 2481 habuere
1240 2451 1318 2481 Mss.
1335 2451 1412 2491 duo,
1429 2462 1447 2482 a
1460 2451 1632 2483 Gebhardo
1647 2454 1699 2484 in-

998 2493 1113 2533 specti,
1129 2498 1175 2529 et,
1192 2502 1288 2532 quam
1302 2493 1356 2524 ille
1370 2494 1450 2524 dicit
1465 2494 1515 2524 ed.
1531 2495 1646 2534 prima.
1662 2505 1702 2526 ea

999 2540 1049 2565 est
1064 2535 1113 2565 ed.
1130 2535 1180 2567 δυ,
1198 2536 1281 2575 Spir.
1301 2535 1392 2570 1469.
1413 2537 1491 2566 item
1507 2536 1589 2566 Ven.
1609 2539 1700 2571 1471.

1000 2582 1118 2607 ceterae
1141 2576 1212 2607 edd.
1241 2580 1321 2608 vett.
1343 2579 1443 2608 etiarn
1459 2577 1554 2608 Rom.
1575 2578 1700 2609 habent

999 2620 1183 2654 crebritate,
1194 2619 1279 2658 quod
1291 2630 1401 2649 verum
1417 2625 1479 2657 est,
1490 2629 1550 2650 nec
1565 2621 1646 2651 bene
1661 2621 1701 2651 il·

999 2661 1055 2691 lud
1072 2671 1090 2691 a
1106 2662 1234 2691 Graevio
1250 2667 1418 2702 receptum
1434 2669 1494 2693 est.
1526 2661 1701 2693 Celebritas

1001 2713 1068 2733 non
1096 2704 1128 2733 in
1159 2703 1277 2733 talibus
1306 2704 1399 2734 rebus
1428 2704 1559 2742 dicitur,
1587 2703 1700 2742 quales

1000 2750 1078 2819 {lunt
1094 2745 1211 2784 officia,
1227 2745 1267 2777 ad
1281 2746 1525 2786 exprimendam
1546 2745 1700 2785 multitu}

1022 2797 1121 2818 mem.
