<?xml version="1.0" encoding="UTF-8"?>
<!DOCTYPE html PUBLIC "-//W3C//DTD XHTML 1.0 Transitional//EN"
    "http://www.w3.org/TR/xhtml1/DTD/xhtml1-transitional.dtd">
<html xmlns="http://www.w3.org/1999/xhtml" xml:lang="en" lang="en">
 <head>
  <title>
</title>
<meta http-equiv="Content-Type" content="text/html;charset=utf-8" />
  <meta name='ocr-system' content='tesseract 3.04.00' />
  <meta name='ocr-capabilities' content='ocr_page ocr_carea ocr_par ocr_line ocrx_word'/>
</head>
<body>
  <div class='ocr_page' id='page_1' title='image "./p1operaomnia03ciceuoft_0265.png"; bbox 0 0 1903 3218; ppageno 0'>
   <div class='ocr_carea' id='block_1_1' title="bbox 416 84 1595 127">
    <p class='ocr_par' dir='ltr' id='par_1_1' title="bbox 416 84 1595 127">
     <span class='ocr_line' id='line_1_1' title="bbox 416 84 1595 127; baseline -0.001 0"><span class='ocrx_word' id='word_1_1' title='bbox 416 88 496 127; x_wconf 92' lang='lat' dir='ltr'>AD</span> <span class='ocrx_word' id='word_1_2' title='bbox 522 87 611 126; x_wconf 89' lang='lat' dir='ltr'>CN.</span> <span class='ocrx_word' id='word_1_3' title='bbox 638 85 930 126; x_wconf 88' lang='lat' dir='ltr'>PLANCUM</span> <span class='ocrx_word' id='word_1_4' title='bbox 956 86 1032 124; x_wconf 88' lang='lat' dir='ltr'>ET</span> <span class='ocrx_word' id='word_1_5' title='bbox 1059 84 1337 126; x_wconf 86' lang='lat' dir='ltr'>CETEROS.</span> <span class='ocrx_word' id='word_1_6' title='bbox 1520 91 1595 127; x_wconf 78' lang='lat'>251</span> 
     </span>
    </p>
   </div>
   <div class='ocr_carea' id='block_1_2' title="bbox 169 184 1758 2127">
    <p class='ocr_par' dir='ltr' id='par_1_2' title="bbox 169 184 1758 2127">
     <span class='ocr_line' id='line_1_2' title="bbox 169 184 1642 247; baseline -0.001 -14"><span class='ocrx_word' id='word_1_7' title='bbox 169 200 212 232; x_wconf 92' lang='lat' dir='ltr'>et</span> <span class='ocrx_word' id='word_1_8' title='bbox 249 191 370 244; x_wconf 88' lang='lat' dir='ltr'>mihi,</span> <span class='ocrx_word' id='word_1_9' title='bbox 405 200 448 232; x_wconf 91' lang='lat' dir='ltr'>et</span> <span class='ocrx_word' id='word_1_10' title='bbox 486 184 732 247; x_wconf 47' lang='lat' dir='ltr'>re&#39;ipublicae</span> <span class='ocrx_word' id='word_1_11' title='bbox 777 190 875 231; x_wconf 90' lang='lat' dir='ltr'>tulit</span> <span class='ocrx_word' id='word_1_12' title='bbox 916 188 1118 231; x_wconf 86' lang='lat' dir='ltr'>fructum.</span> <span class='ocrx_word' id='word_1_13' title='bbox 1182 188 1381 244; x_wconf 86' lang='lat' dir='ltr'>Namque</span> <span class='ocrx_word' id='word_1_14' title='bbox 1420 190 1599 230; x_wconf 85' lang='lat' dir='ltr'>assiduis</span> <span class='ocrx_word' id='word_1_15' title='bbox 1610 200 1642 231; x_wconf 81' lang='lat' dir='ltr'>b.</span> 
     </span>
     <span class='ocr_line' id='line_1_3' title="bbox 171 247 1602 304; baseline -0.001 -15"><span class='ocrx_word' id='word_1_16' title='bbox 171 248 445 290; x_wconf 85' lang='lat' dir='ltr'>internuntiis</span> <span class='ocrx_word' id='word_1_17' title='bbox 468 263 564 290; x_wconf 89' lang='lat' dir='ltr'>cum</span> <span class='ocrx_word' id='word_1_18' title='bbox 599 247 763 303; x_wconf 88' lang='lat' dir='ltr'>Lepido</span> <span class='ocrx_word' id='word_1_19' title='bbox 791 248 876 304; x_wconf 86' lang='lat' dir='ltr'>egi,</span> <span class='ocrx_word' id='word_1_20' title='bbox 899 257 962 299; x_wconf 93' lang='lat' dir='ltr'>ut,</span> <span class='ocrx_word' id='word_1_21' title='bbox 984 247 1143 288; x_wconf 82' lang='lat' dir='ltr'>omissa</span> <span class='ocrx_word' id='word_1_22' title='bbox 1166 247 1283 287; x_wconf 87' lang='lat' dir='ltr'>omni</span> <span class='ocrx_word' id='word_1_23' title='bbox 1308 247 1602 297; x_wconf 84' lang='lat' dir='ltr'>contentione,</span> 
     </span>
     <span class='ocr_line' id='line_1_4' title="bbox 171 301 1604 360; baseline -0.003 -13"><span class='ocrx_word' id='word_1_24' title='bbox 171 305 530 360; x_wconf 84' lang='lat' dir='ltr'>reconciliataque</span> <span class='ocrx_word' id='word_1_25' title='bbox 571 304 790 345; x_wconf 86' lang='lat' dir='ltr'>voluntate</span> <span class='ocrx_word' id='word_1_26' title='bbox 834 313 993 355; x_wconf 88' lang='lat' dir='ltr'>nostra,</span> <span class='ocrx_word' id='word_1_27' title='bbox 1037 304 1256 343; x_wconf 84' lang='lat' dir='ltr'>communi</span> <span class='ocrx_word' id='word_1_28' title='bbox 1299 301 1480 343; x_wconf 87' lang='lat' dir='ltr'>consilio</span> <span class='ocrx_word' id='word_1_29' title='bbox 1524 304 1604 343; x_wconf 87' lang='lat' dir='ltr'>rei-</span> 
     </span>
     <span class='ocr_line' id='line_1_5' title="bbox 171 359 1604 418; baseline -0.003 -16"><span class='ocrx_word' id='word_1_30' title='bbox 171 363 357 418; x_wconf 87' lang='lat' dir='ltr'>publicae</span> <span class='ocrx_word' id='word_1_31' title='bbox 399 370 690 403; x_wconf 84' lang='lat' dir='ltr'>succurreret:</span> <span class='ocrx_word' id='word_1_32' title='bbox 724 376 782 412; x_wconf 85' lang='lat' dir='ltr'>se,</span> <span class='ocrx_word' id='word_1_33' title='bbox 819 360 991 412; x_wconf 87' lang='lat' dir='ltr'>liberos,</span> <span class='ocrx_word' id='word_1_34' title='bbox 1024 360 1259 414; x_wconf 83' lang='lat' dir='ltr'>urbemque</span> <span class='ocrx_word' id='word_1_35' title='bbox 1296 359 1444 414; x_wconf 81' lang='lat' dir='ltr'>pluriS,</span> <span class='ocrx_word' id='word_1_36' title='bbox 1476 374 1604 413; x_wconf 87' lang='lat' dir='ltr'>quam</span> 
     </span>
     <span class='ocr_line' id='line_1_6' title="bbox 170 416 1606 475; baseline -0.002 -15"><span class='ocrx_word' id='word_1_37' title='bbox 170 434 302 460; x_wconf 88' lang='lat' dir='ltr'>unum</span> <span class='ocrx_word' id='word_1_38' title='bbox 318 419 528 475; x_wconf 90' lang='lat' dir='ltr'>perditum</span> <span class='ocrx_word' id='word_1_39' title='bbox 543 418 847 474; x_wconf 87' lang='lat' dir='ltr'>abjectumque</span> <span class='ocrx_word' id='word_1_40' title='bbox 861 418 1084 468; x_wconf 85' lang='lat' dir='ltr'>latronem,</span> <span class='ocrx_word' id='word_1_41' title='bbox 1103 424 1270 473; x_wconf 85' lang='lat' dir='ltr'>putaret</span> <span class='ocrx_word' id='word_1_42' title='bbox 1286 433 1295 457; x_wconf 76' lang='lat' dir='ltr'><strong><em>z</em></strong></span> <span class='ocrx_word' id='word_1_43' title='bbox 1311 416 1606 470; x_wconf 86' lang='lat' dir='ltr'>obsequioque</span> 
     </span>
     <span class='ocr_line' id='line_1_7' title="bbox 170 472 1607 527; baseline -0.004 -10"><span class='ocrx_word' id='word_1_44' title='bbox 170 490 282 527; x_wconf 90' lang='lat' dir='ltr'>meo,</span> <span class='ocrx_word' id='word_1_45' title='bbox 305 478 338 517; x_wconf 86' lang='lat' dir='ltr'>si</span> <span class='ocrx_word' id='word_1_46' title='bbox 361 476 421 516; x_wconf 89' lang='lat' dir='ltr'>ita</span> <span class='ocrx_word' id='word_1_47' title='bbox 442 474 615 526; x_wconf 84' lang='lat' dir='ltr'>faceret,</span> <span class='ocrx_word' id='word_1_48' title='bbox 638 476 690 516; x_wconf 85' lang='lat' dir='ltr'>ad</span> <span class='ocrx_word' id='word_1_49' title='bbox 713 490 861 517; x_wconf 85' lang='lat' dir='ltr'>omnes</span> <span class='ocrx_word' id='word_1_50' title='bbox 886 490 949 516; x_wconf 87' lang='lat' dir='ltr'>res</span> <span class='ocrx_word' id='word_1_51' title='bbox 972 476 1233 516; x_wconf 80' lang='lat' dir='ltr'>abuteretur.</span> <span class='ocrx_word' id='word_1_52' title='bbox 1276 472 1502 513; x_wconf 76' lang='lat' dir='ltr'>49Profeci</span> <span class='ocrx_word' id='word_1_53' title='bbox 1525 473 1607 512; x_wconf 84' lang='lat' dir='ltr'>ita-</span> 
     </span>
     <span class='ocr_line' id='line_1_8' title="bbox 169 529 1608 588; baseline -0.003 -15"><span class='ocrx_word' id='word_1_54' title='bbox 169 547 253 588; x_wconf 91' lang='lat' dir='ltr'>que</span> <span class='ocrx_word' id='word_1_55' title='bbox 289 547 362 588; x_wconf 87' lang='lat' dir='ltr'>per</span> <span class='ocrx_word' id='word_1_56' title='bbox 395 531 666 573; x_wconf 85' lang='lat' dir='ltr'>Laterensem</span> <span class='ocrx_word' id='word_1_57' title='bbox 708 533 1032 573; x_wconf 88' lang='lat' dir='ltr'>internuntium.</span> <span class='ocrx_word' id='word_1_58' title='bbox 1072 530 1200 573; x_wconf 88' lang='lat' dir='ltr'>fidem</span> <span class='ocrx_word' id='word_1_59' title='bbox 1243 529 1350 571; x_wconf 87' lang='lat' dir='ltr'>mihi</span> <span class='ocrx_word' id='word_1_60' title='bbox 1389 529 1524 579; x_wconf 87' lang='lat' dir='ltr'>dedit,</span> <span class='ocrx_word' id='word_1_61' title='bbox 1565 543 1608 569; x_wconf 91' lang='lat' dir='ltr'>se</span> 
     </span>
     <span class='ocr_line' id='line_1_9' title="bbox 170 584 1608 646; baseline -0.003 -16"><span class='ocrx_word' id='word_1_62' title='bbox 170 589 425 638; x_wconf 87' lang='lat' dir='ltr'>Antonium,</span> <span class='ocrx_word' id='word_1_63' title='bbox 449 589 482 628; x_wconf 88' lang='lat' dir='ltr'>si</span> <span class='ocrx_word' id='word_1_64' title='bbox 518 589 744 644; x_wconf 86' lang='lat' dir='ltr'>prohibere</span> <span class='ocrx_word' id='word_1_65' title='bbox 779 591 999 646; x_wconf 84' lang='lat' dir='ltr'>provincia</span> <span class='ocrx_word' id='word_1_66' title='bbox 1031 602 1107 630; x_wconf 86' lang='lat' dir='ltr'>sua</span> <span class='ocrx_word' id='word_1_67' title='bbox 1139 603 1225 630; x_wconf 90' lang='lat' dir='ltr'>non</span> <span class='ocrx_word' id='word_1_68' title='bbox 1248 587 1474 643; x_wconf 81' lang='lat' dir='ltr'>potuisset,</span> <span class='ocrx_word' id='word_1_69' title='bbox 1499 584 1608 627; x_wconf 84' lang='lat' dir='ltr'>bello</span> 
     </span>
     <span class='ocr_line' id='line_1_10' title="bbox 174 643 1609 702; baseline -0.002 -16"><span class='ocrx_word' id='word_1_70' title='bbox 174 655 529 702; x_wconf 81' lang='lat' dir='ltr'>persecuturum:</span> <span class='ocrx_word' id='word_1_71' title='bbox 562 661 644 696; x_wconf 90' lang='lat' dir='ltr'>me,</span> <span class='ocrx_word' id='word_1_72' title='bbox 687 657 734 687; x_wconf 88' lang='lat' dir='ltr'>ut</span> <span class='ocrx_word' id='word_1_73' title='bbox 773 648 975 698; x_wconf 88' lang='lat' dir='ltr'>venirem,</span> <span class='ocrx_word' id='word_1_74' title='bbox 1013 647 1245 702; x_wconf 87' lang='lat' dir='ltr'>copiasque</span> <span class='ocrx_word' id='word_1_75' title='bbox 1283 643 1609 700; x_wconf 85' lang='lat' dir='ltr'>conjungerem,</span> 
     </span>
     <span class='ocr_line' id='line_1_11' title="bbox 171 699 1609 760; baseline -0.002 -17"><span class='ocrx_word' id='word_1_76' title='bbox 171 702 363 758; x_wconf 87' lang='lat' dir='ltr'>rogavit:</span> <span class='ocrx_word' id='word_1_77' title='bbox 396 716 533 759; x_wconf 90' lang='lat' dir='ltr'>eoque</span> <span class='ocrx_word' id='word_1_78' title='bbox 569 705 722 760; x_wconf 87' lang='lat' dir='ltr'>magis,</span> <span class='ocrx_word' id='word_1_79' title='bbox 749 704 863 759; x_wconf 90' lang='lat' dir='ltr'>quod</span> <span class='ocrx_word' id='word_1_80' title='bbox 897 715 941 746; x_wconf 84' lang='lat' dir='ltr'>et</span> <span class='ocrx_word' id='word_1_81' title='bbox 974 703 1191 744; x_wconf 89' lang='lat' dir='ltr'>Antonius</span> <span class='ocrx_word' id='word_1_82' title='bbox 1224 701 1278 742; x_wconf 91' lang='lat' dir='ltr'>ab</span> <span class='ocrx_word' id='word_1_83' title='bbox 1311 700 1504 756; x_wconf 87' lang='lat' dir='ltr'>equitatu</span> <span class='ocrx_word' id='word_1_84' title='bbox 1538 699 1609 741; x_wconf 90' lang='lat' dir='ltr'>fir-</span> 
     </span>
     <span class='ocr_line' id='line_1_12' title="bbox 170 757 1609 816; baseline -0.002 -16"><span class='ocrx_word' id='word_1_85' title='bbox 170 773 264 800; x_wconf 87' lang='lat' dir='ltr'>mus</span> <span class='ocrx_word' id='word_1_86' title='bbox 285 773 377 800; x_wconf 85' lang='lat' dir='ltr'>esse</span> <span class='ocrx_word' id='word_1_87' title='bbox 399 759 636 810; x_wconf 81' lang='lat' dir='ltr'>dicebatur,</span> <span class='ocrx_word' id='word_1_88' title='bbox 659 771 703 802; x_wconf 90' lang='lat' dir='ltr'>et</span> <span class='ocrx_word' id='word_1_89' title='bbox 727 760 914 816; x_wconf 85' lang='lat' dir='ltr'>Lepidus</span> <span class='ocrx_word' id='word_1_90' title='bbox 938 776 988 802; x_wconf 91' lang='lat' dir='ltr'>ne</span> <span class='ocrx_word' id='word_1_91' title='bbox 1011 761 1271 801; x_wconf 87' lang='lat' dir='ltr'>mediocrem</span> <span class='ocrx_word' id='word_1_92' title='bbox 1293 758 1466 813; x_wconf 86' lang='lat' dir='ltr'>quidem</span> <span class='ocrx_word' id='word_1_93' title='bbox 1489 757 1609 812; x_wconf 88' lang='lat' dir='ltr'>equi-</span> 
     </span>
     <span class='ocr_line' id='line_1_13' title="bbox 170 813 1609 874; baseline -0.002 -17"><span class='ocrx_word' id='word_1_94' title='bbox 170 825 306 857; x_wconf 82' lang='lat' dir='ltr'>tatum</span> <span class='ocrx_word' id='word_1_95' title='bbox 330 817 532 857; x_wconf 84' lang='lat' dir='ltr'>habebat.</span> <span class='ocrx_word' id='word_1_96' title='bbox 594 817 707 859; x_wconf 81' lang='lat' dir='ltr'>Nam</span> <span class='ocrx_word' id='word_1_97' title='bbox 731 819 858 859; x_wconf 88' lang='lat' dir='ltr'>etiam</span> <span class='ocrx_word' id='word_1_98' title='bbox 896 833 950 859; x_wconf 86' lang='lat' dir='ltr'>ex</span> <span class='ocrx_word' id='word_1_99' title='bbox 974 818 1192 874; x_wconf 83' lang='lat' dir='ltr'>paucitate</span> <span class='ocrx_word' id='word_1_100' title='bbox 1224 816 1332 872; x_wconf 87' lang='lat' dir='ltr'>ejus,</span> <span class='ocrx_word' id='word_1_101' title='bbox 1357 829 1441 855; x_wconf 86' lang='lat' dir='ltr'>non</span> <span class='ocrx_word' id='word_1_102' title='bbox 1464 813 1609 854; x_wconf 88' lang='lat' dir='ltr'>multis</span> 
     </span>
     <span class='ocr_line' id='line_1_14' title="bbox 173 871 1610 931; baseline -0.001 -18"><span class='ocrx_word' id='word_1_103' title='bbox 173 883 272 914; x_wconf 88' lang='lat' dir='ltr'>ante</span> <span class='ocrx_word' id='word_1_104' title='bbox 293 873 457 924; x_wconf 84' lang='lat' dir='ltr'>diebus,</span> <span class='ocrx_word' id='word_1_105' title='bbox 480 874 642 925; x_wconf 88' lang='lat' dir='ltr'>decem,</span> <span class='ocrx_word' id='word_1_106' title='bbox 665 875 737 930; x_wconf 88' lang='lat' dir='ltr'>qui</span> <span class='ocrx_word' id='word_1_107' title='bbox 761 875 914 931; x_wconf 86' lang='lat' dir='ltr'>optimi</span> <span class='ocrx_word' id='word_1_108' title='bbox 946 875 1129 925; x_wconf 88' lang='lat' dir='ltr'>fuerant,</span> <span class='ocrx_word' id='word_1_109' title='bbox 1152 874 1204 915; x_wconf 85' lang='lat' dir='ltr'>ad</span> <span class='ocrx_word' id='word_1_110' title='bbox 1235 887 1302 914; x_wconf 86' lang='lat' dir='ltr'>me</span> <span class='ocrx_word' id='word_1_111' title='bbox 1336 871 1610 913; x_wconf 82' lang='lat' dir='ltr'>transierunt.</span> 
     </span>
     <span class='ocr_line' id='line_1_15' title="bbox 174 930 1610 988; baseline -0.001 -17"><span class='ocrx_word' id='word_1_112' title='bbox 174 931 346 977; x_wconf 85' lang='lat' dir='ltr'>Quibus</span> <span class='ocrx_word' id='word_1_113' title='bbox 379 931 504 972; x_wconf 87' lang='lat' dir='ltr'>rebus</span> <span class='ocrx_word' id='word_1_114' title='bbox 537 945 618 988; x_wconf 87' lang='lat' dir='ltr'>ego</span> <span class='ocrx_word' id='word_1_115' title='bbox 652 932 854 987; x_wconf 84' lang='lat' dir='ltr'>cognitis,</span> <span class='ocrx_word' id='word_1_116' title='bbox 877 942 1103 973; x_wconf 83' lang='lat' dir='ltr'>cunctatus</span> <span class='ocrx_word' id='word_1_117' title='bbox 1138 946 1222 972; x_wconf 88' lang='lat' dir='ltr'>non</span> <span class='ocrx_word' id='word_1_118' title='bbox 1259 945 1379 981; x_wconf 80' lang='lat' dir='ltr'>sum3</span> <span class='ocrx_word' id='word_1_119' title='bbox 1413 930 1454 970; x_wconf 90' lang='lat' dir='ltr'>in</span> <span class='ocrx_word' id='word_1_120' title='bbox 1484 942 1610 970; x_wconf 89' lang='lat' dir='ltr'>cursu</span> 
     </span>
     <span class='ocr_line' id='line_1_16' title="bbox 174 984 1614 1044; baseline -0.002 -16"><span class='ocrx_word' id='word_1_121' title='bbox 174 989 386 1029; x_wconf 89' lang='lat' dir='ltr'>bonorum</span> <span class='ocrx_word' id='word_1_122' title='bbox 416 987 693 1029; x_wconf 88' lang='lat' dir='ltr'>consiliorum</span> <span class='ocrx_word' id='word_1_123' title='bbox 733 989 943 1044; x_wconf 85' lang='lat' dir='ltr'>Lepidum</span> <span class='ocrx_word' id='word_1_124' title='bbox 975 988 1266 1044; x_wconf 78' lang='lat' dir='ltr'>adjuvandum</span> <span class='ocrx_word' id='word_1_125' title='bbox 1302 987 1464 1043; x_wconf 87' lang='lat' dir='ltr'>putavi.</span> <span class='ocrx_word' id='word_1_126' title='bbox 1524 984 1614 1026; x_wconf 90' lang='lat' dir='ltr'>Ad-</span> 
     </span>
     <span class='ocr_line' id='line_1_17' title="bbox 175 1042 1614 1101; baseline -0.002 -17"><span class='ocrx_word' id='word_1_127' title='bbox 175 1053 326 1085; x_wconf 85' lang='lat' dir='ltr'>ventus</span> <span class='ocrx_word' id='word_1_128' title='bbox 349 1058 467 1085; x_wconf 86' lang='lat' dir='ltr'>meus</span> <span class='ocrx_word' id='word_1_129' title='bbox 489 1045 592 1100; x_wconf 91' lang='lat' dir='ltr'>quid</span> <span class='ocrx_word' id='word_1_130' title='bbox 617 1046 886 1101; x_wconf 86' lang='lat' dir='ltr'>profecturus</span> <span class='ocrx_word' id='word_1_131' title='bbox 908 1057 1034 1095; x_wconf 85' lang='lat' dir='ltr'>esset,</span> <span class='ocrx_word' id='word_1_132' title='bbox 1058 1046 1167 1087; x_wconf 83' lang='lat' dir='ltr'>vidi:</span> <span class='ocrx_word' id='word_1_133' title='bbox 1197 1045 1261 1086; x_wconf 82' lang='lat' dir='ltr'>vel</span> <span class='ocrx_word' id='word_1_134' title='bbox 1282 1043 1396 1099; x_wconf 89' lang='lat' dir='ltr'>quod</span> <span class='ocrx_word' id='word_1_135' title='bbox 1420 1042 1614 1098; x_wconf 89' lang='lat' dir='ltr'>equitatu</span> 
     </span>
     <span class='ocr_line' id='line_1_18' title="bbox 174 1100 1613 1159; baseline -0.001 -17"><span class='ocrx_word' id='word_1_136' title='bbox 174 1115 272 1143; x_wconf 87' lang='lat' dir='ltr'>meo</span> <span class='ocrx_word' id='word_1_137' title='bbox 306 1102 501 1157; x_wconf 87' lang='lat' dir='ltr'>persequi</span> <span class='ocrx_word' id='word_1_138' title='bbox 537 1111 666 1158; x_wconf 85' lang='lat' dir='ltr'>atque</span> <span class='ocrx_word' id='word_1_139' title='bbox 692 1103 935 1159; x_wconf 89' lang='lat' dir='ltr'>opprimere</span> <span class='ocrx_word' id='word_1_140' title='bbox 965 1103 1256 1158; x_wconf 88' lang='lat' dir='ltr'>50equitatum</span> <span class='ocrx_word' id='word_1_141' title='bbox 1290 1100 1383 1156; x_wconf 87' lang='lat' dir='ltr'>ejus</span> <span class='ocrx_word' id='word_1_142' title='bbox 1414 1113 1613 1156; x_wconf 86' lang='lat' dir='ltr'>possem;</span> 
     </span>
     <span class='ocr_line' id='line_1_19' title="bbox 175 1158 1615 1216; baseline -0.003 -16"><span class='ocrx_word' id='word_1_143' title='bbox 175 1158 242 1200; x_wconf 75' lang='lat' dir='ltr'>vel</span> <span class='ocrx_word' id='word_1_144' title='bbox 263 1159 377 1214; x_wconf 89' lang='lat' dir='ltr'>quod</span> <span class='ocrx_word' id='word_1_145' title='bbox 400 1160 615 1200; x_wconf 86' lang='lat' dir='ltr'>exercitus</span> <span class='ocrx_word' id='word_1_146' title='bbox 640 1160 790 1215; x_wconf 89' lang='lat' dir='ltr'>Lepidi</span> <span class='ocrx_word' id='word_1_147' title='bbox 813 1174 908 1201; x_wconf 84' lang='lat' dir='ltr'>eam</span> <span class='ocrx_word' id='word_1_148' title='bbox 933 1170 1110 1216; x_wconf 88' lang='lat' dir='ltr'>partem,</span> <span class='ocrx_word' id='word_1_149' title='bbox 1129 1174 1225 1214; x_wconf 87' lang='lat' dir='ltr'>quae</span> <span class='ocrx_word' id='word_1_150' title='bbox 1249 1168 1451 1213; x_wconf 85' lang='lat' dir='ltr'>corrupta</span> <span class='ocrx_word' id='word_1_151' title='bbox 1471 1167 1550 1206; x_wconf 88' lang='lat' dir='ltr'>est,</span> <span class='ocrx_word' id='word_1_152' title='bbox 1571 1166 1615 1196; x_wconf 87' lang='lat' dir='ltr'>et</span> 
     </span>
     <span class='ocr_line' id='line_1_20' title="bbox 175 1213 1619 1272; baseline -0.002 -16"><span class='ocrx_word' id='word_1_153' title='bbox 175 1216 231 1257; x_wconf 85' lang='lat' dir='ltr'>ab</span> <span class='ocrx_word' id='word_1_154' title='bbox 268 1215 489 1272; x_wconf 86' lang='lat' dir='ltr'>republica</span> <span class='ocrx_word' id='word_1_155' title='bbox 520 1216 717 1268; x_wconf 87' lang='lat' dir='ltr'>alienata,</span> <span class='ocrx_word' id='word_1_156' title='bbox 749 1225 793 1257; x_wconf 92' lang='lat' dir='ltr'>et</span> <span class='ocrx_word' id='word_1_157' title='bbox 824 1217 1053 1272; x_wconf 82' lang='lat' dir='ltr'>corrigere,</span> <span class='ocrx_word' id='word_1_158' title='bbox 1083 1226 1126 1256; x_wconf 86' lang='lat' dir='ltr'>et</span> <span class='ocrx_word' id='word_1_159' title='bbox 1159 1216 1358 1257; x_wconf 53' lang='lat' dir='ltr'>cobirceoe</span> <span class='ocrx_word' id='word_1_160' title='bbox 1389 1213 1619 1270; x_wconf 87' lang='lat' dir='ltr'>praesentia</span> 
     </span>
     <span class='ocr_line' id='line_1_21' title="bbox 177 1270 1616 1328; baseline -0.003 -14"><span class='ocrx_word' id='word_1_161' title='bbox 177 1273 260 1314; x_wconf 90' lang='lat' dir='ltr'>mei</span> <span class='ocrx_word' id='word_1_162' title='bbox 283 1274 498 1314; x_wconf 79' lang='lat' dir='ltr'>exercitus</span> <span class='ocrx_word' id='word_1_163' title='bbox 529 1287 713 1328; x_wconf 86' lang='lat' dir='ltr'>possem.</span> <span class='ocrx_word' id='word_1_164' title='bbox 775 1272 928 1328; x_wconf 86' lang='lat' dir='ltr'>Itaque</span> <span class='ocrx_word' id='word_1_165' title='bbox 961 1275 1004 1314; x_wconf 87' lang='lat' dir='ltr'>in</span> <span class='ocrx_word' id='word_1_166' title='bbox 1041 1273 1174 1323; x_wconf 86' lang='lat' dir='ltr'>Isara,</span> <span class='ocrx_word' id='word_1_167' title='bbox 1196 1271 1374 1313; x_wconf 89' lang='lat' dir='ltr'>flumine</span> <span class='ocrx_word' id='word_1_168' title='bbox 1408 1270 1616 1320; x_wconf 86' lang='lat' dir='ltr'>maximo,</span> 
     </span>
     <span class='ocr_line' id='line_1_22' title="bbox 176 1328 1618 1386; baseline -0.003 -16"><span class='ocrx_word' id='word_1_169' title='bbox 176 1330 291 1385; x_wconf 89' lang='lat' dir='ltr'>quod</span> <span class='ocrx_word' id='word_1_170' title='bbox 315 1330 356 1370; x_wconf 91' lang='lat' dir='ltr'>in</span> <span class='ocrx_word' id='word_1_171' title='bbox 381 1330 540 1371; x_wconf 86' lang='lat' dir='ltr'>finibus</span> <span class='ocrx_word' id='word_1_172' title='bbox 563 1338 629 1370; x_wconf 89' lang='lat' dir='ltr'>est</span> <span class='ocrx_word' id='word_1_173' title='bbox 649 1329 951 1386; x_wconf 84' lang='lat' dir='ltr'>Allobrogum,</span> <span class='ocrx_word' id='word_1_174' title='bbox 975 1339 1121 1386; x_wconf 85' lang='lat' dir='ltr'>ponte,</span> <span class='ocrx_word' id='word_1_175' title='bbox 1145 1344 1230 1370; x_wconf 91' lang='lat' dir='ltr'>uno</span> <span class='ocrx_word' id='word_1_176' title='bbox 1250 1329 1320 1370; x_wconf 85' lang='lat' dir='ltr'>die</span> <span class='ocrx_word' id='word_1_177' title='bbox 1343 1328 1474 1378; x_wconf 84' lang='lat' dir='ltr'>facto,</span> <span class='ocrx_word' id='word_1_178' title='bbox 1496 1340 1618 1367; x_wconf 89' lang='lat' dir='ltr'>exer-</span> 
     </span>
     <span class='ocr_line' id='line_1_23' title="bbox 174 1383 1618 1441; baseline -0.003 -13"><span class='ocrx_word' id='word_1_179' title='bbox 174 1388 310 1429; x_wconf 86' lang='lat' dir='ltr'>citum</span> <span class='ocrx_word' id='word_1_180' title='bbox 340 1401 379 1427; x_wconf 86' lang='lat' dir='ltr'>a.</span> <span class='ocrx_word' id='word_1_181' title='bbox 401 1387 443 1427; x_wconf 85' lang='lat' dir='ltr'>d.</span> <span class='ocrx_word' id='word_1_182' title='bbox 466 1398 665 1441; x_wconf 84' lang='lat' dir='ltr'>quartum</span> <span class='ocrx_word' id='word_1_183' title='bbox 702 1385 805 1427; x_wconf 89' lang='lat' dir='ltr'>Idus</span> <span class='ocrx_word' id='word_1_184' title='bbox 844 1387 954 1428; x_wconf 82' lang='lat' dir='ltr'>Maii</span> <span class='ocrx_word' id='word_1_185' title='bbox 993 1387 1180 1428; x_wconf 85' lang='lat' dir='ltr'>traduxi.</span> <span class='ocrx_word' id='word_1_186' title='bbox 1242 1385 1355 1427; x_wconf 89' lang='lat' dir='ltr'>Cum</span> <span class='ocrx_word' id='word_1_187' title='bbox 1379 1399 1479 1426; x_wconf 86' lang='lat' dir='ltr'>vero</span> <span class='ocrx_word' id='word_1_188' title='bbox 1511 1383 1618 1424; x_wconf 88' lang='lat' dir='ltr'>mihi</span> 
     </span>
     <span class='ocr_line' id='line_1_24' title="bbox 176 1441 1621 1500; baseline -0.003 -15"><span class='ocrx_word' id='word_1_189' title='bbox 176 1445 420 1485; x_wconf 86' lang='lat' dir='ltr'>nuntiatum</span> <span class='ocrx_word' id='word_1_190' title='bbox 445 1453 570 1493; x_wconf 89' lang='lat' dir='ltr'>esset,</span> <span class='ocrx_word' id='word_1_191' title='bbox 596 1445 644 1485; x_wconf 91' lang='lat' dir='ltr'>L.</span> <span class='ocrx_word' id='word_1_192' title='bbox 658 1443 907 1493; x_wconf 13' lang='lat' dir='ltr'>Antonium,</span> <span class='ocrx_word' id='word_1_193' title='bbox 923 1444 1193 1500; x_wconf 71' lang='lat' dir='ltr'>praemissum</span> <span class='ocrx_word' id='word_1_194' title='bbox 1215 1458 1314 1484; x_wconf 86' lang='lat' dir='ltr'>cum</span> <span class='ocrx_word' id='word_1_195' title='bbox 1335 1441 1553 1497; x_wconf 87' lang='lat' dir='ltr'>equitibus</span> <span class='ocrx_word' id='word_1_196' title='bbox 1575 1449 1621 1481; x_wconf 89' lang='lat' dir='ltr'>et</span> 
     </span>
     <span class='ocr_line' id='line_1_25' title="bbox 178 1498 1622 1554; baseline -0.003 -12"><span class='ocrx_word' id='word_1_197' title='bbox 178 1500 432 1542; x_wconf 83' lang='lat' dir='ltr'>cohortibus</span> <span class='ocrx_word' id='word_1_198' title='bbox 468 1501 519 1541; x_wconf 85' lang='lat' dir='ltr'>ad</span> <span class='ocrx_word' id='word_1_199' title='bbox 547 1500 708 1541; x_wconf 89' lang='lat' dir='ltr'>Forum</span> <span class='ocrx_word' id='word_1_200' title='bbox 735 1499 841 1542; x_wconf 89' lang='lat' dir='ltr'>Julii</span> <span class='ocrx_word' id='word_1_201' title='bbox 865 1501 1053 1542; x_wconf 87' lang='lat' dir='ltr'>venisse:</span> <span class='ocrx_word' id='word_1_202' title='bbox 1088 1501 1263 1542; x_wconf 82' lang='lat' dir='ltr'>fratrem</span> <span class='ocrx_word' id='word_1_203' title='bbox 1292 1514 1391 1541; x_wconf 90' lang='lat' dir='ltr'>cum</span> <span class='ocrx_word' id='word_1_204' title='bbox 1427 1498 1622 1554; x_wconf 88' lang='lat' dir='ltr'>equitum</span> 
     </span>
     <span class='ocr_line' id='line_1_26' title="bbox 179 1554 1620 1614; baseline -0.001 -16"><span class='ocrx_word' id='word_1_205' title='bbox 179 1567 384 1614; x_wconf 87' lang='lat' dir='ltr'>quattuor</span> <span class='ocrx_word' id='word_1_206' title='bbox 413 1557 618 1607; x_wconf 89' lang='lat' dir='ltr'>millibus,</span> <span class='ocrx_word' id='word_1_207' title='bbox 641 1566 690 1598; x_wconf 90' lang='lat' dir='ltr'>ut</span> <span class='ocrx_word' id='word_1_208' title='bbox 718 1568 960 1599; x_wconf 84' lang='lat' dir='ltr'>occurreret</span> <span class='ocrx_word' id='word_1_209' title='bbox 982 1559 1038 1608; x_wconf 84' lang='lat' dir='ltr'>ei,</span> <span class='ocrx_word' id='word_1_210' title='bbox 1059 1558 1156 1598; x_wconf 89' lang='lat' dir='ltr'>misi</span> <span class='ocrx_word' id='word_1_211' title='bbox 1180 1572 1218 1598; x_wconf 87' lang='lat' dir='ltr'>a.</span> <span class='ocrx_word' id='word_1_212' title='bbox 1241 1558 1283 1598; x_wconf 88' lang='lat' dir='ltr'>d.</span> <span class='ocrx_word' id='word_1_213' title='bbox 1307 1572 1331 1597; x_wconf 82' lang='lat' dir='ltr'><strong>v</strong></span> <span class='ocrx_word' id='word_1_214' title='bbox 1357 1555 1458 1597; x_wconf 86' lang='lat' dir='ltr'>Idus</span> <span class='ocrx_word' id='word_1_215' title='bbox 1483 1554 1620 1596; x_wconf 87' lang='lat' dir='ltr'>Maii:</span> 
     </span>
     <span class='ocr_line' id='line_1_27' title="bbox 179 1611 1624 1671; baseline -0.003 -15"><span class='ocrx_word' id='word_1_216' title='bbox 179 1615 272 1671; x_wconf 89' lang='lat' dir='ltr'>ipse</span> <span class='ocrx_word' id='word_1_217' title='bbox 305 1614 506 1655; x_wconf 80' lang='lat' dir='ltr'>maximis</span> <span class='ocrx_word' id='word_1_218' title='bbox 530 1614 754 1655; x_wconf 87' lang='lat' dir='ltr'>itineribus</span> <span class='ocrx_word' id='word_1_219' title='bbox 784 1629 882 1656; x_wconf 87' lang='lat' dir='ltr'>cum</span> <span class='ocrx_word' id='word_1_220' title='bbox 910 1623 1115 1670; x_wconf 89' lang='lat' dir='ltr'>quattuor</span> <span class='ocrx_word' id='word_1_221' title='bbox 1136 1614 1380 1670; x_wconf 84' lang='lat' dir='ltr'>legionibus</span> <span class='ocrx_word' id='word_1_222' title='bbox 1408 1611 1624 1668; x_wconf 80' lang='lat' dir='ltr'>expeditis</span> 
     </span>
     <span class='ocr_line' id='line_1_28' title="bbox 180 1667 1625 1726; baseline -0.003 -13"><span class='ocrx_word' id='word_1_223' title='bbox 180 1681 225 1713; x_wconf 86' lang='lat' dir='ltr'>et</span> <span class='ocrx_word' id='word_1_224' title='bbox 245 1671 408 1726; x_wconf 89' lang='lat' dir='ltr'>reliquo</span> <span class='ocrx_word' id='word_1_225' title='bbox 430 1671 624 1725; x_wconf 84' lang='lat' dir='ltr'>equitatu</span> <span class='ocrx_word' id='word_1_226' title='bbox 648 1672 896 1726; x_wconf 86' lang='lat' dir='ltr'>subsequar.</span> <span class='ocrx_word' id='word_1_227' title='bbox 921 1675 955 1703; x_wconf 78' lang='lat'>51</span> <span class='ocrx_word' id='word_1_228' title='bbox 971 1672 1016 1713; x_wconf 83' lang='lat' dir='ltr'>Si</span> <span class='ocrx_word' id='word_1_229' title='bbox 1040 1687 1117 1712; x_wconf 86' lang='lat' dir='ltr'>nos</span> <span class='ocrx_word' id='word_1_230' title='bbox 1140 1671 1366 1712; x_wconf 86' lang='lat' dir='ltr'>mediocris</span> <span class='ocrx_word' id='word_1_231' title='bbox 1386 1670 1515 1710; x_wconf 89' lang='lat' dir='ltr'>modo</span> <span class='ocrx_word' id='word_1_232' title='bbox 1539 1667 1625 1709; x_wconf 89' lang='lat' dir='ltr'>for-</span> 
     </span>
     <span class='ocr_line' id='line_1_29' title="bbox 183 1727 1623 1784; baseline -0.003 -15"><span class='ocrx_word' id='word_1_233' title='bbox 183 1738 289 1769; x_wconf 85' lang='lat' dir='ltr'>tuna</span> <span class='ocrx_word' id='word_1_234' title='bbox 309 1727 558 1783; x_wconf 84' lang='lat' dir='ltr'>reipublicae</span> <span class='ocrx_word' id='word_1_235' title='bbox 573 1727 812 1781; x_wconf 85' lang='lat' dir='ltr'>adjuverit:</span> <span class='ocrx_word' id='word_1_236' title='bbox 836 1739 879 1769; x_wconf 90' lang='lat' dir='ltr'>et</span> <span class='ocrx_word' id='word_1_237' title='bbox 901 1729 1092 1770; x_wconf 84' lang='lat' dir='ltr'>audaciae</span> <span class='ocrx_word' id='word_1_238' title='bbox 1111 1729 1390 1784; x_wconf 89' lang='lat' dir='ltr'>perditorum,</span> <span class='ocrx_word' id='word_1_239' title='bbox 1409 1736 1450 1767; x_wconf 89' lang='lat' dir='ltr'>et</span> <span class='ocrx_word' id='word_1_240' title='bbox 1466 1735 1623 1767; x_wconf 86' lang='lat' dir='ltr'>nostrae</span> 
     </span>
     <span class='ocr_line' id='line_1_30' title="bbox 179 1782 1758 1841; baseline -0.003 -15"><span class='ocrx_word' id='word_1_241' title='bbox 179 1785 480 1827; x_wconf 88' lang='lat' dir='ltr'>sollicitudinis</span> <span class='ocrx_word' id='word_1_242' title='bbox 514 1784 585 1826; x_wconf 90' lang='lat' dir='ltr'>hic</span> <span class='ocrx_word' id='word_1_243' title='bbox 616 1785 748 1826; x_wconf 84' lang='lat' dir='ltr'>finem</span> <span class='ocrx_word' id='word_1_244' title='bbox 778 1787 1053 1841; x_wconf 82' lang='lat' dir='ltr'>reperiemus.</span> <span class='ocrx_word' id='word_1_245' title='bbox 1115 1785 1284 1832; x_wconf 82' lang='lat' dir='ltr'>Quodsi</span> <span class='ocrx_word' id='word_1_246' title='bbox 1312 1785 1436 1834; x_wconf 89' lang='lat' dir='ltr'>latro,</span> <span class='ocrx_word' id='word_1_247' title='bbox 1458 1782 1758 1838; x_wconf 79' lang='lat' dir='ltr'>p1·aeco-P·¹53·</span> 
     </span>
     <span class='ocr_line' id='line_1_31' title="bbox 181 1832 1665 1898; baseline -0.003 -15"><span class='ocrx_word' id='word_1_248' title='bbox 181 1843 305 1898; x_wconf 80' lang='lat' dir='ltr'>gnito</span> <span class='ocrx_word' id='word_1_249' title='bbox 329 1852 476 1883; x_wconf 89' lang='lat' dir='ltr'>nostro</span> <span class='ocrx_word' id='word_1_250' title='bbox 498 1842 701 1893; x_wconf 72' lang='lat' dir='ltr'>adventu,</span> <span class='ocrx_word' id='word_1_251' title='bbox 724 1857 867 1884; x_wconf 87' lang='lat' dir='ltr'>rursus</span> <span class='ocrx_word' id='word_1_252' title='bbox 890 1843 932 1884; x_wconf 92' lang='lat' dir='ltr'>in</span> <span class='ocrx_word' id='word_1_253' title='bbox 956 1842 1128 1884; x_wconf 89' lang='lat' dir='ltr'>Italiam</span> <span class='ocrx_word' id='word_1_254' title='bbox 1150 1856 1194 1883; x_wconf 90' lang='lat' dir='ltr'>se</span> <span class='ocrx_word' id='word_1_255' title='bbox 1212 1843 1402 1898; x_wconf 88' lang='lat' dir='ltr'>recipere</span> <span class='ocrx_word' id='word_1_256' title='bbox 1423 1840 1624 1896; x_wconf 65' lang='lat' dir='ltr'>coeperit,</span> <span class='ocrx_word' id='word_1_257' title='bbox 1636 1832 1665 1853; x_wconf 90' lang='lat' dir='ltr'>a.</span> 
     </span>
     <span class='ocr_line' id='line_1_32' title="bbox 183 1897 1627 1950; baseline -0.002 -10"><span class='ocrx_word' id='word_1_258' title='bbox 183 1900 309 1941; x_wconf 83' lang='lat' dir='ltr'>Bruti</span> <span class='ocrx_word' id='word_1_259' title='bbox 342 1900 423 1940; x_wconf 88' lang='lat' dir='ltr'>erit</span> <span class='ocrx_word' id='word_1_260' title='bbox 455 1898 663 1950; x_wconf 88' lang='lat' dir='ltr'>officium,</span> <span class='ocrx_word' id='word_1_261' title='bbox 688 1914 912 1941; x_wconf 86' lang='lat' dir='ltr'>occurrere</span> <span class='ocrx_word' id='word_1_262' title='bbox 943 1901 1008 1942; x_wconf 88' lang='lat' dir='ltr'>ei:</span> <span class='ocrx_word' id='word_1_263' title='bbox 1041 1899 1112 1941; x_wconf 89' lang='lat' dir='ltr'>cui</span> <span class='ocrx_word' id='word_1_264' title='bbox 1146 1900 1236 1941; x_wconf 86' lang='lat' dir='ltr'>scio</span> <span class='ocrx_word' id='word_1_265' title='bbox 1271 1914 1350 1940; x_wconf 88' lang='lat' dir='ltr'>nec</span> <span class='ocrx_word' id='word_1_266' title='bbox 1383 1897 1627 1947; x_wconf 83' lang='lat' dir='ltr'>consilium,</span> 
     </span>
     <span class='ocr_line' id='line_1_33' title="bbox 185 1953 1628 2013; baseline -0.003 -15"><span class='ocrx_word' id='word_1_267' title='bbox 185 1971 264 1998; x_wconf 84' lang='lat' dir='ltr'>nec</span> <span class='ocrx_word' id='word_1_268' title='bbox 299 1957 490 1998; x_wconf 85' lang='lat' dir='ltr'>animum</span> <span class='ocrx_word' id='word_1_269' title='bbox 520 1956 785 1998; x_wconf 85' lang='lat' dir='ltr'>defuturum.</span> <span class='ocrx_word' id='word_1_270' title='bbox 845 1956 942 2013; x_wconf 87' lang='lat' dir='ltr'>Ego</span> <span class='ocrx_word' id='word_1_271' title='bbox 977 1969 1136 2008; x_wconf 86' lang='lat' dir='ltr'>tamen,</span> <span class='ocrx_word' id='word_1_272' title='bbox 1163 1957 1196 1997; x_wconf 88' lang='lat' dir='ltr'>si</span> <span class='ocrx_word' id='word_1_273' title='bbox 1228 1956 1271 1998; x_wconf 90' lang='lat' dir='ltr'>id</span> <span class='ocrx_word' id='word_1_274' title='bbox 1301 1954 1521 2008; x_wconf 75' lang='lat' dir='ltr'>acciderit,</span> <span class='ocrx_word' id='word_1_275' title='bbox 1543 1953 1628 1995; x_wconf 86' lang='lat' dir='ltr'>fra-</span> 
     </span>
     <span class='ocr_line' id='line_1_34' title="bbox 187 2013 1628 2070; baseline -0.002 -15"><span class='ocrx_word' id='word_1_276' title='bbox 187 2024 295 2055; x_wconf 87' lang='lat' dir='ltr'>trem</span> <span class='ocrx_word' id='word_1_277' title='bbox 327 2028 426 2055; x_wconf 89' lang='lat' dir='ltr'>cum</span> <span class='ocrx_word' id='word_1_278' title='bbox 460 2014 655 2068; x_wconf 86' lang='lat' dir='ltr'>equitatu</span> <span class='ocrx_word' id='word_1_279' title='bbox 689 2014 877 2065; x_wconf 88' lang='lat' dir='ltr'>mittam,</span> <span class='ocrx_word' id='word_1_280' title='bbox 898 2015 971 2069; x_wconf 90' lang='lat' dir='ltr'>qui</span> <span class='ocrx_word' id='word_1_281' title='bbox 1006 2022 1223 2070; x_wconf 86' lang='lat' dir='ltr'>sequatur,</span> <span class='ocrx_word' id='word_1_282' title='bbox 1246 2013 1416 2054; x_wconf 84' lang='lat' dir='ltr'>Italiam</span> <span class='ocrx_word' id='word_1_283' title='bbox 1443 2027 1467 2052; x_wconf 90' lang='lat' dir='ltr'>a</span> <span class='ocrx_word' id='word_1_284' title='bbox 1488 2020 1628 2053; x_wconf 84' lang='lat' dir='ltr'>vasta-</span> 
     </span>
     <span class='ocr_line' id='line_1_35' title="bbox 189 2070 1411 2127; baseline -0.002 -15"><span class='ocrx_word' id='word_1_285' title='bbox 189 2071 307 2113; x_wconf 88' lang='lat' dir='ltr'>tione</span> <span class='ocrx_word' id='word_1_286' title='bbox 326 2070 546 2112; x_wconf 85' lang='lat' dir='ltr'>defendat.</span> <span class='ocrx_word' id='word_1_287' title='bbox 605 2070 692 2112; x_wconf 89' lang='lat' dir='ltr'>Fac</span> <span class='ocrx_word' id='word_1_288' title='bbox 715 2071 870 2122; x_wconf 85' lang='lat' dir='ltr'>valeas,</span> <span class='ocrx_word' id='word_1_289' title='bbox 891 2086 1046 2127; x_wconf 90' lang='lat' dir='ltr'>meque</span> <span class='ocrx_word' id='word_1_290' title='bbox 1067 2081 1220 2112; x_wconf 90' lang='lat' dir='ltr'>mutuo</span> <span class='ocrx_word' id='word_1_291' title='bbox 1242 2070 1411 2127; x_wconf 80' lang='lat' dir='ltr'>diligas.</span> 
     </span>
    </p>
   </div>
   <div class='ocr_carea' id='block_1_3' title="bbox 704 2139 1697 2198">
    <p class='ocr_par' dir='ltr' id='par_1_3' title="bbox 704 2139 1697 2198">
     <span class='ocr_line' id='line_1_36' title="bbox 704 2139 1697 2198; baseline -0.002 -1"><span class='ocrx_word' id='word_1_292' title='bbox 704 2159 1111 2198; x_wconf 79' lang='lat' dir='ltr'><strong>ARGUMENTUM.</strong></span> <span class='ocrx_word' id='word_1_293' title='bbox 1647 2139 1697 2183; x_wconf 90' lang='lat'>16</span> 
     </span>
    </p>
   </div>
   <div class='ocr_carea' id='block_1_4' title="bbox 192 2217 1630 2274">
    <p class='ocr_par' dir='ltr' id='par_1_4' title="bbox 192 2217 1630 2274">
     <span class='ocr_line' id='line_1_37' title="bbox 192 2217 1630 2274; baseline -0.004 -14"><span class='ocrx_word' id='word_1_294' title='bbox 192 2217 432 2260; x_wconf 48' lang='lat' dir='ltr'>’Gra‘tissimas</span> <span class='ocrx_word' id='word_1_295' title='bbox 456 2225 599 2259; x_wconf 78' lang='lat' dir='ltr'>senatui</span> <span class='ocrx_word' id='word_1_296' title='bbox 615 2222 736 2273; x_wconf 75' lang='lat' dir='ltr'>fuisse</span> <span class='ocrx_word' id='word_1_297' title='bbox 764 2222 897 2260; x_wconf 80' lang='lat' dir='ltr'>Planci</span> <span class='ocrx_word' id='word_1_298' title='bbox 926 2225 1082 2266; x_wconf 80' lang='lat' dir='ltr'>litteras,</span> <span class='ocrx_word' id='word_1_299' title='bbox 1100 2222 1320 2274; x_wconf 81' lang='lat' dir='ltr'>factumque</span> <span class='ocrx_word' id='word_1_300' title='bbox 1346 2222 1416 2259; x_wconf 85' lang='lat' dir='ltr'>SC.</span> <span class='ocrx_word' id='word_1_301' title='bbox 1434 2218 1630 2269; x_wconf 74' lang='lat' dir='ltr'>significat,</span> 
     </span>
    </p>
   </div>
   <div class='ocr_carea' id='block_1_5' title="bbox 243 2273 1632 2376">
    <p class='ocr_par' dir='ltr' id='par_1_5' title="bbox 243 2273 1632 2376">
     <span class='ocr_line' id='line_1_38' title="bbox 243 2273 1632 2325; baseline -0.004 -13"><span class='ocrx_word' id='word_1_302' title='bbox 243 2280 280 2312; x_wconf 82' lang='lat' dir='ltr'>et</span> <span class='ocrx_word' id='word_1_303' title='bbox 300 2279 346 2310; x_wconf 81' lang='lat' dir='ltr'>&#39;ut</span> <span class='ocrx_word' id='word_1_304' title='bbox 364 2277 402 2310; x_wconf 78' lang='lat' dir='ltr'>in</span> <span class='ocrx_word' id='word_1_305' title='bbox 419 2275 546 2311; x_wconf 74' lang='lat' dir='ltr'>subitis</span> <span class='ocrx_word' id='word_1_306' title='bbox 562 2280 707 2312; x_wconf 75' lang='lat' dir='ltr'>senatus</span> <span class='ocrx_word' id='word_1_307' title='bbox 727 2277 917 2313; x_wconf 73' lang='lat' dir='ltr'>consilium</span> <span class='ocrx_word' id='word_1_308' title='bbox 943 2288 989 2313; x_wconf 77' lang='lat' dir='ltr'>ne</span> <span class='ocrx_word' id='word_1_309' title='bbox 1005 2280 1196 2325; x_wconf 78' lang='lat' dir='ltr'>exspectet,</span> <span class='ocrx_word' id='word_1_310' title='bbox 1214 2277 1276 2312; x_wconf 69' lang='lat' dir='ltr'>sed</span> <span class='ocrx_word' id='word_1_311' title='bbox 1293 2277 1370 2325; x_wconf 81' lang='lat' dir='ltr'>ipse</span> <span class='ocrx_word' id='word_1_312' title='bbox 1386 2287 1410 2311; x_wconf 87' lang='lat' dir='ltr'>a</span> <span class='ocrx_word' id='word_1_313' title='bbox 1426 2284 1500 2309; x_wconf 75' lang='lat' dir='ltr'>sese</span> <span class='ocrx_word' id='word_1_314' title='bbox 1518 2273 1632 2308; x_wconf 77' lang='lat' dir='ltr'>consi-</span> 
     </span>
     <span class='ocr_line' id='line_1_39' title="bbox 244 2328 716 2376; baseline 0.002 -13"><span class='ocrx_word' id='word_1_315' title='bbox 244 2328 334 2364; x_wconf 81' lang='lat' dir='ltr'>lium</span> <span class='ocrx_word' id='word_1_316' title='bbox 352 2329 488 2376; x_wconf 80' lang='lat' dir='ltr'>capiat,</span> <span class='ocrx_word' id='word_1_317' title='bbox 508 2332 636 2364; x_wconf 84' lang='lat' dir='ltr'>auctor</span> <span class='ocrx_word' id='word_1_318' title='bbox 654 2332 716 2364; x_wconf 80' lang='lat' dir='ltr'>est.</span> 
     </span>
    </p>
   </div>
   <div class='ocr_carea' id='block_1_6' title="bbox 192 2473 1636 2815">
    <p class='ocr_par' dir='ltr' id='par_1_6' title="bbox 192 2473 1634 2732">
     <span class='ocr_line' id='line_1_40' title="bbox 234 2473 1631 2518; baseline -0.006 -8"><span class='ocrx_word' id='word_1_319' title='bbox 234 2481 276 2513; x_wconf 82' lang='lat'>49</span> <span class='ocrx_word' id='word_1_320' title='bbox 300 2476 433 2518; x_wconf 72' lang='lat' dir='ltr'>Prqfeci</span> <span class='ocrx_word' id='word_1_321' title='bbox 458 2477 568 2517; x_wconf 82' lang='lat' dir='ltr'>itaque</span> <span class='ocrx_word' id='word_1_322' title='bbox 586 2478 636 2518; x_wconf 66' lang='lat' dir='ltr'>p]</span> <span class='ocrx_word' id='word_1_323' title='bbox 667 2477 785 2517; x_wconf 82' lang='lat' dir='ltr'>Itaque</span> <span class='ocrx_word' id='word_1_324' title='bbox 809 2477 891 2508; x_wconf 87' lang='lat' dir='ltr'>mihi</span> <span class='ocrx_word' id='word_1_325' title='bbox 934 2479 1010 2516; x_wconf 85' lang='lat' dir='ltr'>quia</span> <span class='ocrx_word' id='word_1_326' title='bbox 1025 2482 1059 2507; x_wconf 82' lang='lat' dir='ltr'>et</span> <span class='ocrx_word' id='word_1_327' title='bbox 1074 2476 1216 2508; x_wconf 75' lang='lat' dir='ltr'>alterum</span> <span class='ocrx_word' id='word_1_328' title='bbox 1233 2476 1417 2507; x_wconf 89' lang='lat' dir='ltr'>membrum</span> <span class='ocrx_word' id='word_1_329' title='bbox 1433 2474 1468 2504; x_wconf 91' lang='lat' dir='ltr'>in</span> <span class='ocrx_word' id='word_1_330' title='bbox 1482 2473 1545 2504; x_wconf 87' lang='lat' dir='ltr'>hoe</span> <span class='ocrx_word' id='word_1_331' title='bbox 1559 2482 1631 2503; x_wconf 84' lang='lat' dir='ltr'>ver·</span> 
     </span>
     <span class='ocr_line' id='line_1_41' title="bbox 192 2515 1634 2562; baseline -0.006 -10"><span class='ocrx_word' id='word_1_332' title='bbox 192 2520 382 2562; x_wconf 59' lang='lat' dir='ltr'>Suspectum</span> <span class='ocrx_word' id='word_1_333' title='bbox 411 2523 479 2550; x_wconf 79' lang='lat' dir='ltr'>est:</span> <span class='ocrx_word' id='word_1_334' title='bbox 505 2523 539 2550; x_wconf 87' lang='lat' dir='ltr'>et</span> <span class='ocrx_word' id='word_1_335' title='bbox 567 2520 643 2559; x_wconf 82' lang='lat' dir='ltr'>quia</span> <span class='ocrx_word' id='word_1_336' title='bbox 665 2522 778 2550; x_wconf 78' lang='lat' dir='ltr'>sensus</span> <span class='ocrx_word' id='word_1_337' title='bbox 803 2528 892 2549; x_wconf 86' lang='lat' dir='ltr'>corn-</span> <span class='ocrx_word' id='word_1_338' title='bbox 935 2519 977 2549; x_wconf 92' lang='lat' dir='ltr'>bo</span> <span class='ocrx_word' id='word_1_339' title='bbox 999 2519 1130 2550; x_wconf 83' lang='lat' dir='ltr'>desinit.</span> <span class='ocrx_word' id='word_1_340' title='bbox 1157 2519 1272 2551; x_wconf 85' lang='lat' dir='ltr'>malim</span> <span class='ocrx_word' id='word_1_341' title='bbox 1293 2523 1409 2548; x_wconf 85' lang='lat' dir='ltr'>tamen</span> <span class='ocrx_word' id='word_1_342' title='bbox 1433 2515 1574 2546; x_wconf 77' lang='lat' dir='ltr'>alterum</span> <span class='ocrx_word' id='word_1_343' title='bbox 1598 2515 1634 2545; x_wconf 89' lang='lat' dir='ltr'>in</span> 
     </span>
     <span class='ocr_line' id='line_1_42' title="bbox 195 2561 1315 2601; baseline -0.002 -8"><span class='ocrx_word' id='word_1_344' title='bbox 195 2563 310 2594; x_wconf 72' lang='lat' dir='ltr'>modus</span> <span class='ocrx_word' id='word_1_345' title='bbox 340 2572 406 2592; x_wconf 92' lang='lat' dir='ltr'>non</span> <span class='ocrx_word' id='word_1_346' title='bbox 433 2566 485 2592; x_wconf 83' lang='lat' dir='ltr'>est</span> <span class='ocrx_word' id='word_1_347' title='bbox 509 2563 543 2592; x_wconf 89' lang='lat' dir='ltr'>in</span> <span class='ocrx_word' id='word_1_348' title='bbox 572 2562 634 2593; x_wconf 87' lang='lat' dir='ltr'>hoc</span> <span class='ocrx_word' id='word_1_349' title='bbox 660 2566 832 2599; x_wconf 76' lang='lat' dir='ltr'>contextu,</span> <span class='ocrx_word' id='word_1_350' title='bbox 856 2567 891 2592; x_wconf 87' lang='lat' dir='ltr'>et</span> <span class='ocrx_word' id='word_1_351' title='bbox 933 2561 999 2592; x_wconf 83' lang='lat' dir='ltr'>fine</span> <span class='ocrx_word' id='word_1_352' title='bbox 1014 2570 1112 2601; x_wconf 89' lang='lat' dir='ltr'>quam</span> <span class='ocrx_word' id='word_1_353' title='bbox 1123 2561 1186 2592; x_wconf 86' lang='lat' dir='ltr'>hoc</span> <span class='ocrx_word' id='word_1_354' title='bbox 1202 2561 1315 2592; x_wconf 83' lang='lat' dir='ltr'>deleri.</span> 
     </span>
     <span class='ocr_line' id='line_1_43' title="bbox 196 2597 1630 2645; baseline -0.006 -10"><span class='ocrx_word' id='word_1_355' title='bbox 196 2603 277 2644; x_wconf 54' lang='lat' dir='ltr'>huia·</span> <span class='ocrx_word' id='word_1_356' title='bbox 295 2605 414 2636; x_wconf 82' lang='lat' dir='ltr'>durum</span> <span class='ocrx_word' id='word_1_357' title='bbox 438 2606 500 2641; x_wconf 80' lang='lat' dir='ltr'>es&#39;t,</span> <span class='ocrx_word' id='word_1_358' title='bbox 515 2606 591 2635; x_wconf 85' lang='lat' dir='ltr'>cum</span> <span class='ocrx_word' id='word_1_359' title='bbox 614 2604 726 2645; x_wconf 81' lang='lat' dir='ltr'>paullo</span> <span class='ocrx_word' id='word_1_360' title='bbox 749 2608 827 2634; x_wconf 80' lang='lat' dir='ltr'>ante</span> <span class='ocrx_word' id='word_1_361' title='bbox 848 2604 892 2633; x_wconf 87' lang='lat' dir='ltr'>sit</span> <span class='ocrx_word' id='word_1_362' title='bbox 972 2607 1005 2635; x_wconf 81' lang='lat'>51</span> <span class='ocrx_word' id='word_1_363' title='bbox 1028 2604 1064 2634; x_wconf 75' lang='lat' dir='ltr'>Si</span> <span class='ocrx_word' id='word_1_364' title='bbox 1077 2614 1134 2634; x_wconf 77' lang='lat' dir='ltr'>nos</span> <span class='ocrx_word' id='word_1_365' title='bbox 1145 2604 1312 2634; x_wconf 79' lang='lat' dir='ltr'>mediocris</span> <span class='ocrx_word' id='word_1_366' title='bbox 1327 2610 1369 2631; x_wconf 81' lang='lat' dir='ltr'>m.</span> <span class='ocrx_word' id='word_1_367' title='bbox 1373 2598 1520 2638; x_wconf 81' lang='lat' dir='ltr'>fortuna</span> <span class='ocrx_word' id='word_1_368' title='bbox 1535 2597 1630 2638; x_wconf 70' lang='lat' dir='ltr'>reip]</span> 
     </span>
     <span class='ocr_line' id='line_1_44' title="bbox 195 2640 1634 2689; baseline -0.004 -13"><span class='ocrx_word' id='word_1_369' title='bbox 195 2647 258 2684; x_wconf 61' lang='lat' dir='ltr'>ita,</span> <span class='ocrx_word' id='word_1_370' title='bbox 271 2647 357 2677; x_wconf 87' lang='lat' dir='ltr'>unde</span> <span class='ocrx_word' id='word_1_371' title='bbox 372 2646 552 2689; x_wconf 85' lang='lat' dir='ltr'>repetitum</span> <span class='ocrx_word' id='word_1_372' title='bbox 565 2648 667 2678; x_wconf 84' lang='lat' dir='ltr'>videri</span> <span class='ocrx_word' id='word_1_373' title='bbox 683 2647 802 2688; x_wconf 81' lang='lat' dir='ltr'>potest.</span> <span class='ocrx_word' id='word_1_374' title='bbox 818 2647 890 2678; x_wconf 81' lang='lat' dir='ltr'>An:</span> <span class='ocrx_word' id='word_1_375' title='bbox 936 2646 1022 2677; x_wconf 86' lang='lat' dir='ltr'>Mihi</span> <span class='ocrx_word' id='word_1_376' title='bbox 1039 2647 1206 2676; x_wconf 65' lang='lat' dir='ltr'>mediam-is</span> <span class='ocrx_word' id='word_1_377' title='bbox 1208 2644 1354 2684; x_wconf 81' lang='lat' dir='ltr'>fortuna</span> <span class='ocrx_word' id='word_1_378' title='bbox 1373 2642 1454 2681; x_wconf 73' lang='lat' dir='ltr'>reip.</span> <span class='ocrx_word' id='word_1_379' title='bbox 1471 2649 1536 2672; x_wconf 90' lang='lat' dir='ltr'>non</span> <span class='ocrx_word' id='word_1_380' title='bbox 1553 2640 1634 2671; x_wconf 84' lang='lat' dir='ltr'>satis</span> 
     </span>
     <span class='ocr_line' id='line_1_45' title="bbox 198 2683 1634 2732; baseline -0.008 -9"><span class='ocrx_word' id='word_1_381' title='bbox 198 2687 394 2729; x_wconf 69' lang='lat' dir='ltr'>Prqsecique</span> <span class='ocrx_word' id='word_1_382' title='bbox 401 2698 446 2732; x_wconf 78' lang='lat' dir='ltr'>pe</span> <span class='ocrx_word' id='word_1_383' title='bbox 476 2689 518 2719; x_wconf 89' lang='lat' dir='ltr'>L.</span> <span class='ocrx_word' id='word_1_384' title='bbox 534 2691 558 2720; x_wconf 86' lang='lat' dir='ltr'>i.</span> <span class='ocrx_word' id='word_1_385' title='bbox 935 2689 1055 2730; x_wconf 77' lang='lat' dir='ltr'>placet.</span> <span class='ocrx_word' id='word_1_386' title='bbox 1071 2689 1097 2718; x_wconf 86' lang='lat' dir='ltr'>si</span> <span class='ocrx_word' id='word_1_387' title='bbox 1114 2688 1318 2718; x_wconf 78' lang='lat' dir='ltr'>mediocriter</span> <span class='ocrx_word' id='word_1_388' title='bbox 1329 2688 1426 2720; x_wconf 81' lang='lat' dir='ltr'>esset,</span> <span class='ocrx_word' id='word_1_389' title='bbox 1441 2690 1508 2725; x_wconf 84' lang='lat' dir='ltr'>non</span> <span class='ocrx_word' id='word_1_390' title='bbox 1523 2683 1634 2714; x_wconf 80' lang='lat' dir='ltr'>haesis-</span> 
     </span>
    </p>

    <p class='ocr_par' dir='ltr' id='par_1_7' title="bbox 199 2725 1636 2815">
     <span class='ocr_line' id='line_1_46' title="bbox 243 2725 1636 2772; baseline -0.003 -12"><span class='ocrx_word' id='word_1_391' title='bbox 243 2733 284 2761; x_wconf 86' lang='lat'>50</span> <span class='ocrx_word' id='word_1_392' title='bbox 304 2728 484 2770; x_wconf 77' lang='lat' dir='ltr'>equitatum</span> <span class='ocrx_word' id='word_1_393' title='bbox 497 2731 568 2772; x_wconf 71' lang='lat' dir='ltr'>ans</span> <span class='ocrx_word' id='word_1_394' title='bbox 582 2730 723 2771; x_wconf 79' lang='lat' dir='ltr'>poss&#39;em]</span> <span class='ocrx_word' id='word_1_395' title='bbox 749 2731 812 2761; x_wconf 82' lang='lat' dir='ltr'>int.</span> <span class='ocrx_word' id='word_1_396' title='bbox 828 2730 895 2760; x_wconf 83' lang='lat' dir='ltr'>An-</span> <span class='ocrx_word' id='word_1_397' title='bbox 936 2741 1016 2761; x_wconf 84' lang='lat' dir='ltr'>sem.</span> <span class='ocrx_word' id='word_1_398' title='bbox 1038 2731 1117 2771; x_wconf 70' lang='lat' dir='ltr'>reip.</span> <span class='ocrx_word' id='word_1_399' title='bbox 1133 2731 1241 2760; x_wconf 78' lang='lat' dir='ltr'>forsan</span> <span class='ocrx_word' id='word_1_400' title='bbox 1263 2732 1314 2759; x_wconf 83' lang='lat' dir='ltr'>est</span> <span class='ocrx_word' id='word_1_401' title='bbox 1334 2736 1352 2757; x_wconf 85' lang='lat' dir='ltr'>e</span> <span class='ocrx_word' id='word_1_402' title='bbox 1374 2731 1454 2757; x_wconf 87' lang='lat' dir='ltr'>nota</span> <span class='ocrx_word' id='word_1_403' title='bbox 1476 2725 1636 2766; x_wconf 78' lang='lat' dir='ltr'>glossato-</span> 
     </span>
     <span class='ocr_line' id='line_1_47' title="bbox 199 2772 994 2815; baseline 0.001 -13"><span class='ocrx_word' id='word_1_404' title='bbox 199 2772 294 2803; x_wconf 75' lang='lat' dir='ltr'>tonii.</span> <span class='ocrx_word' id='word_1_405' title='bbox 314 2782 437 2813; x_wconf 78' lang='lat' dir='ltr'>possem</span> <span class='ocrx_word' id='word_1_406' title='bbox 459 2778 648 2815; x_wconf 84' lang='lat' dir='ltr'>suspectum</span> <span class='ocrx_word' id='word_1_407' title='bbox 677 2782 745 2805; x_wconf 83' lang='lat' dir='ltr'>esse</span> <span class='ocrx_word' id='word_1_408' title='bbox 775 2777 896 2813; x_wconf 84' lang='lat' dir='ltr'>potest,</span> <span class='ocrx_word' id='word_1_409' title='bbox 938 2774 994 2804; x_wconf 84' lang='lat' dir='ltr'>ris.</span> 
     </span>
    </p>
   </div>
  </div>
 </body>
</html>
