1865 3223
420 68 500 107 AD
526 70 568 107 C.
594 66 902 106 MEMMIUM
927 64 1002 102 ET
1028 65 1214 104 ALIOS.
1460 70 1537 110 867

114 169 352 226 officiisque
373 171 729 227 conjunctissimi,
753 183 921 210 movere
942 168 1140 208 debebat.
1196 168 1235 208 A
1259 177 1300 210 te
1317 168 1401 211 hoc
1423 170 1541 212 omni

115 228 392 270 contentione
415 240 528 284 peto,
551 230 625 277 sic,
649 236 695 268 ut
724 227 885 282 majore
909 239 1024 275 cura,
1048 227 1208 279 majore
1230 227 1358 267 animi
1383 226 1543 277 labore,

115 294 260 339 petere
282 299 366 326 non
393 286 577 341 possim:
610 293 656 324 ut
689 284 740 325 ad
777 298 841 334 ea,
863 297 959 337 quae
994 291 1067 322 tua
1100 290 1252 336 sponte
1282 284 1371 323 sine
1399 283 1542 338 cujus-

115 354 242 394 quam
276 341 646 383 commendatione
684 341 840 382 faceres
876 341 915 380 in
949 338 1165 379 hominem
1199 346 1378 389 tuntum,
1408 351 1452 380 et
1481 349 1544 381 ta-

116 395 215 448 lem,
237 398 545 448 calamitosum,
569 398 751 453 aliquem
786 396 965 438 afferant
997 395 1213 438 cumulum
1248 409 1352 435 meae
1377 397 1672 447 littcrae‚p·22⁸-

116 467 202 508 quo
252 456 480 497 studiosius
521 469 634 506 eum,
667 455 1009 511 quibuscumque
1052 453 1176 493 rebus
1221 452 1369 506 possis,
1404 451 1589 506 juves.a·

117 511 285 557 Quodsi
320 512 471 554 Romae
503 511 667 563 fuisses,
697 513 895 553 ¹00etiam
929 511 1108 551 salutem
1137 508 1191 549 A.
1216 508 1405 550 Caecinae
1439 523 1549 549 esse-

117 581 211 609 mus
233 573 300 622 (ut
328 569 475 624 opinio
504 583 599 609 mea
628 569 729 619 fert)
753 583 826 624 per
848 578 890 609 te
911 567 1146 609 consecuti.
1212 565 1278 606 De
1300 581 1384 621 qua
1406 575 1548 607 tamen

118 638 317 681 magnam
341 639 458 680 spem
481 625 702 677 habemus,
726 625 820 666 freti
846 624 1073 666 clementia
1093 623 1271 679 eollegae
1295 623 1373 664 tui.
1406 622 1550 673 Nunc,

118 696 251 736 quum
302 691 418 723 tuam
462 682 676 738 justitiam
719 691 904 733 secutus,
949 681 1210 722 tutissimum
1256 680 1336 721 sibi
1381 689 1550 735 portum

125 740 136 767 ¹
163 738 429 793 provinciam
465 742 588 780 istam
620 754 711 780 esse
744 740 897 780 duxit:
928 740 1057 780 etiam
1080 747 1209 792 atque
1230 737 1358 778 etiam
1382 747 1424 777 te
1446 751 1552 792 rogo

119 803 248 848 atque
279 810 370 847 oro,
393 806 439 838 ut
472 811 568 838 eum
598 806 641 838 et
664 798 736 838 '2111
765 796 938 851 reliquis
962 795 1115 836 veteris
1136 794 1443 851 negotiationis
1466 793 1553 834 col-

119 850 303 906 ligendis
331 853 474 908 juves,
496 864 538 894 et
571 854 722 895 ceteris
756 854 881 894 rebus
919 863 1038 909 tegas
1071 861 1200 907 atque
1233 862 1390 892 tueare.
1453 850 1552 892 Hoc

120 908 225 950 mibi
248 911 410 965 gratius
433 910 572 952 facere
594 911 700 952 nihil
724 920 861 966 potes.

632 982 1036 1021 ARGUMENTUM.
1566 970 1616 1014 67

466 1035 700 1072 Commendat
718 1038 927 1072 Andronem
945 1035 1214 1071 Laodicensem.

317 1100 384 1143 M.
407 1100 457 1142 T.
482 1102 533 1144 C.
571 1103 617 1144 P.
641 1101 948 1153 SERVILIO,
981 1099 1206 1143 PROPR.
1239 1099 1283 1141 S.
1308 1099 1365 1142 D.

126 1154 227 1209 EX
250 1169 472 1224 provincia
492 1185 586 1211 mea
609 1169 844 1219 Ciliciensi,
864 1170 932 1210 cui
956 1170 1036 1210 scis
1057 1176 1137 1224 τςεῖς
1159 1172 1321 1215 διοικήσεις
1344 1168 1557 1210 Asiaticas

125 1225 354 1266 attributas
381 1226 524 1277 fuisse,
549 1227 662 1268 nullo
696 1241 787 1267 sum
824 1226 1074 1267 familiarius
1104 1241 1217 1276 usus,
1239 1240 1367 1280 quam
1389 1225 1558 1266 Andro-

127 1296 194 1333 ne,
216 1281 462 1323 Artemonis
498 1283 600 1335 filio,
626 1283 905 1324 Laodicensi:
937 1297 1121 1337 eumque
1150 1283 1282 1323 habui
1317 1283 1358 1322 in
1383 1297 1433 1323 ea
1453 1283 1558 1323 civi-

127 1347 214 1378 tate
235 1353 333 1379 cum
354 1339 584 1395 hospitem,
606 1349 698 1380 tum
721 1339 995 1380 vehementer
1016 1341 1068 1380 ad
1096 1354 1202 1380 meae
1225 1340 1326 1380 vitae
1348 1340 1558 1380 rationem

125 1403 170 1435 et
201 1396 555 1437 consuetudinem
587 1396 975 1438 accommodatum.
1039 1397 1180 1443 Quem
1217 1396 1390 1450 quidem
1423 1395 1559 1437 multo

121 1451 254 1492 ‘etiam
278 1452 409 1508 pluris
432 1463 595 1509 postea,
616 1467 741 1508 quam
767 1453 943 1504 decessi,
966 1452 1105 1494 facere
1124 1455 1257 1508 coepi,
1279 1453 1393 1508 quod
1415 1453 1559 1494 multis

127 1509 253 1549 rebus
285 1519 487 1565 expertus
521 1525 614 1550 sum
651 1518 821 1566 gratum
856 1510 1073 1551 hominem
1109 1511 1278 1565 meique
1310 1524 1559 1551 memorem.

129 1564 282 1620 Itaque
303 1580 400 1606 euin
438 1566 590 1608 Romae
622 1567 903 1608 libentissime
928 1567 1027 1607 vidi.
1089 1567 1191 1609 Non
1215 1577 1254 1607 te
1286 1567 1399 1607 enim
1430 1566 1559 1623 fugit,

127 1622 200 1677 qui
234 1621 428 1678 plurimis
458 1624 500 1665 in
535 1624 616 1664 ista
645 1625 867 1678 provincia
902 1625 1087 1679 benigne
1108 1624 1264 1674 fecisti,
1286 1639 1413 1679 quam
1437 1624 1559 1665 multi

129 1680 241 1735 grati
280 1679 557 1736 reperiantur.
618 1680 730 1722 Haee
768 1691 992 1737 propterea
1027 1682 1192 1737 scripsi,
1222 1693 1271 1722 ut
1304 1691 1346 1722 et
1381 1695 1447 1721 me
1473 1696 1560 1722 non

130 1735 222 1776 sine
242 1750 371 1777 causa
390 1737 582 1778 laborare
606 1737 880 1793 intelligereS,
902 1747 946 1778 et
967 1747 1013 1778 tu
1037 1738 1127 1793 ipse
1150 1752 1244 1778 eum
1274 1738 1453 1794 dignum
1485 1738 1561 1779 ho-

128 1792 259 1848 spitio
283 1803 357 1834 tuo
372 1793 605 1849 judicares.
665 1794 833 1836 Feceris
856 1795 988 1850 igitur
1009 1795 1115 1835 mihi
1138 1795 1444 1850 gratissimum,
1466 1795 1499 1836 si
1522 1795 1561 1835 ei

130 1849 370 1901 declararis,
392 1851 540 1906 quanti
564 1866 632 1892 me
659 1850 817 1893 facias:
850 1851 893 1892 id
926 1861 1005 1902 est,
1030 1852 1064 1892 si
1097 1852 1306 1908 receperis
1328 1865 1425 1892 eum
1446 1853 1488 1892 in
1512 1852 1562 1893 fi-

127 1906 226 1948 dem
249 1915 383 1958 tuam,
404 1917 447 1948 et
467 1908 810 1963 quibuscumque
831 1909 956 1949 rebus
980 1909 1156 1949 honeste
1183 1924 1232 1949 ac
1255 1909 1345 1949 sine
1366 1909 1563 1950 molestia

131 1971 206 2004 tua
227 1965 247 1994 3
262 1965 435 2020 poteris,
456 1965 684 2020 adjuveriS.
718 1966 818 2007 Hoc
839 1966 946 2006 mihi
968 1966 1048 2006 erit
1071 1965 1343 2007 vehementer
1365 1976 1533 2022 gratum
1551 1982 1560 2007 z

131 2020 259 2076 idque
281 2030 329 2061 ut
349 2021 496 2073 facias,
519 2032 561 2063 te
581 2023 711 2063 etiam
734 2032 862 2077 atque
882 2023 1012 2062 etiam
1035 2037 1156 2078 rogo.

641 2095 1045 2133 ARGUMENTUM.
1575 2075 1628 2116 68

151 2145 317 2183 Laetatur
322 2145 434 2197 felici
450 2149 694 2196 navigationis
712 2160 839 2185 cursu:
867 2153 907 2184 ut
927 2150 970 2184 <le
984 2150 1179 2196 provinciae
1195 2152 1295 2184 statu
1311 2149 1458 2191 scribat,
1473 2159 1537 2196 pe-

291 2202 360 2237 tit:
391 2199 510 2248 officia
527 2213 593 2236 sua
607 2202 805 2249 promittit.
860 2201 998 2236 Caesare
1016 2212 1067 2236 111
1087 2206 1121 2236 et
1139 2201 1278 2249 Lepido
1298 2212 1405 2236 coss.

262 2265 330 2308 M.
352 2265 403 2308 T.
427 2266 479 2310 C.
513 2267 563 2308 P.
586 2266 878 2308 SERVILIO
911 2266 1224 2319 ISAURICO‚
1258 2266 1439 2309 PROC.
1577 2279 1607 2309 b.

615 2323 936 2375 COLLEGAE,
968 2324 1012 2365 S.
1036 2323 1093 2365 D.

137 2379 377 2433 GRATAE
401 2392 504 2433 mihi
532 2393 802 2434 vehementer
822 2404 907 2433 tuae
931 2393 1082 2434 litterae
1107 2392 1302 2444 fuerunt3
1333 2407 1384 2432 ex
1409 2391 1565 2446 quibus
1596 2439 1601 2442 Ι

135 2449 320 2505 cognovi
352 2464 499 2491 cursus
530 2451 854 2506 navigationum
888 2459 1075 2490 tuarum.
1134 2449 1419 2505 Significabas
1453 2448 1567 2488 enim

186 2564 244 2592 100
268 2564 369 2593 etiam
398 2562 553 2602 salutem]
585 2563 631 2594 Ut
661 2563 701 2594 ab
729 2563 830 2594 exilio
917 2566 936 2594 2
957 2565 993 2594 in
1008 2562 1154 2603 reliquis]
1180 2563 1231 2593 Sic
1247 2572 1321 2591 cum
1338 2561 1465 2591 Graevio
1480 2559 1565 2590 edidi

141 2610 364 2635 revocaretur:
399 2605 484 2645 quod
514 2610 587 2645 post
617 2607 831 2645 impetratum
877 2615 934 2645 pro
949 2607 1107 2646 reliquiiS,
1120 2605 1205 2643 quod
1220 2608 1254 2633 et
1269 2604 1349 2634 Mss.
1361 2603 1492 2642 quidam
1508 2602 1565 2632 ha-

140 2650 204 2682 est,
220 2651 258 2676 ut
268 2656 309 2676 ex
322 2647 469 2687 epistolis
482 2657 581 2688 supra
600 2648 642 2678 ad
665 2648 832 2678 Caecinam
875 2648 954 2678 beut
969 2654 1003 2678 et
1017 2648 1181 2678 consentit
1203 2656 1254 2686 ep.
1268 2644 1326 2681 v1,
1343 2649 1373 2676 8.
1387 2645 1442 2674 ubi
1459 2643 1499 2674 de
1513 2654 1564 2674 ea-

141 2692 246 2727 patet.
290 2688 368 2719 Post
390 2690 556 2720 Ciceronis
578 2690 706 2730 collega
727 2690 833 2721 Servi·
875 2689 949 2720 dem
965 2701 999 2721 re
1013 2691 1059 2720 sic
1072 2694 1134 2720 est.

143 2730 206 2760 lius
230 2734 294 2767 est,
317 2731 399 2761 item
421 2733 570 2770 Caesaris,
593 2733 650 2763 sed
671 2734 706 2763 in
732 2742 835 2773 augu-
921 2735 945 2769 3,
958 2733 1092 2772 poteris,
1110 2727 1292 2769 adjuveris]
1318 2728 1396 2760 Non
1418 2728 1501 2758 bene
1515 2736 1566 2757 so-

143 2776 229 2803 ram.
875 2779 946 2804 nat.
963 2774 1094 2815 proprie
1108 2777 1221 2803 tamen
1237 2770 1367 2803 deberet
1384 2780 1452 2802 esse
1470 2771 1563 2810 potu*-

187 2815 199 2843 1
217 2815 425 2854 provinciam
440 2815 551 2854 istam]
571 2815 728 2847 Siciliam.
875 2817 950 2846 eris.
