1865 3223
259 878 306 914 12

272 1705 305 1733 b.

311 122 391 158 ‘306
622 118 802 157 EPIST.
830 117 1016 157 LIBER
1042 118 1444 158 DUODEOIMUS

317 222 502 274 dier,unt
520 238 618 279 quae
641 222 795 265 Romae
819 230 1082 288 gererentur,
1101 223 1315 265 exercitus
1335 221 1442 263 mihi
1465 221 1753 267 tradiderunt:

310 280 484 346 *ipsique
513 295 680 322 mecum
708 295 793 321 una
828 280 1062 321 fortissimo
1096 281 1239 322 animo
1274 278 1580 335 rempublicam
1616 277 1751 319 admi·

317 338 514 379 nistr.ant
565 337 674 378 Item
698 336 928 400 legionem,
951 352 1076 392 quam
1103 338 1161 384 Q.
1180 337 1381 379 Caecilius
1406 335 1562 377 Bassus
1584 335 1750 386 habuit,

317 394 369 435 ad
395 408 460 435 me
484 395 647 435 venisse
669 393 793 435 scito.
855 394 1158 448 Quattuorque
1189 393 1393 450 legiones,
1416 407 1520 448 quas
1541 391 1596 433 A.
1618 391 1751 433 Allie-

319 464 398 491 nus
434 466 487 492 ex
523 451 719 506 AEgypto
758 450 924 499 eduxit,
963 450 1139 491 traditas
1178 427 1254 491 ab0
1269 465 1320 492 eo
1361 450 1466 491 mibi
1502 463 1594 490 esse
1626 449 1751 490 scito.

321 508 449 549 Nunc
483 517 523 547 te
556 507 856 548 cohortatione
890 521 975 546 uon
1013 516 1117 562 puto
1152 506 1358 564 indigere,
1381 516 1426 547 ut
1455 521 1532 547 nos
1555 506 1751 546 absentes

319 578 492 619 remque
526 564 758 619 publicam,
781 573 988 618 quantum
1024 573 1088 604 est
1122 563 1163 603 in
1200 572 1255 613 te,
1245 540 1493 605 defendas
1554 562 1674 604 Scire
1710 572 1751 602 te

319 621 430 671 volo,
450 620 572 661 firma
594 620 793 676 praesidii
811 621 932 660 vobis
955 633 1025 659 sen
1031 621 1206 675 atuique
1228 634 1313 661 non
1335 620 1494 672 deesse,
1517 629 1564 660 ut
1586 619 1752 675 optima

317 692 391 733 spe
412 686 454 718 et
476 677 667 717 maximo
691 677 834 717 animo
867 677 1175 732 rempublicam
1207 676 1425 718 defendas.
1486 676 1670 732 Reliqua
1691 688 1753 716 te-

316 749 414 775 cum
438 743 538 791 aget
563 734 610 774 L.
634 733 846 782 CarteiuS,
869 733 1090 774 familiaris
1113 748 1248 775 meus.
1299 733 1418 774 Vale.
1476 733 1591 774 Data
1614 732 1753 774 Nonis

315 768 506 841 Martiis,
528 805 581 830 ex
605 790 755 830 castris
777 789 1013 830 Taricheis.

832 877 1234 916 ARGUMENTUM.

316 942 490 979 Laudato
510 942 690 979 Ciceronis
710 943 966 984 benevolentia,
988 944 1214 980 commendat
1239 954 1343 979 suam
1370 942 1587 990 dignitatem
1604 952 1755 989 suosque

368 996 472 1032 duces
491 999 525 1031 ει·
543 995 677 1031 milites
691 1010 704 1031 .·
733 996 771 1030 in
792 995 961 1032 Ciliciam
979 1000 1106 1032 contra
1123 995 1358 1037 Dolabellam
1378 995 1560 1045 proficisci
1576 995 1616 1029 in
1634 994 1755 1030 animo

311 1093 314 1096 .
365 1059 439 1084 esse
454 1046 650 1096 significat.

383 1112 633 1155 CASSIUS
667 1111 928 1155 PROCOS.
960 1113 1004 1155 S.
1029 1113 1087 1156 D.
1120 1113 1188 1156 M.
1212 1111 1518 1156 CICERONI
1550 1111 1685 1160 SUO.

319 1170 382 1224 Sl
422 1181 549 1233 vales,
584 1182 692 1222 bene
726 1191 815 1223 est:
847 1196 930 1237 ego
963 1182 1138 1237 quidem
1171 1182 1306 1223 valeo.
1369 1182 1474 1238 Legi
1512 1192 1606 1223 tuas
1641 1181 1756 1223 litte-

319 1253 400 1290 ras,
439 1239 482 1280 in
519 1239 675 1294 quibus
718 1238 948 1279 mirificum
992 1249 1111 1280 tuum
1152 1254 1254 1296 erga
1295 1253 1364 1280 me
1405 1253 1594 1280 amorem
1637 1252 1756 1280 reco-

319 1297 467 1353 gnovi.
531 1295 755 1336 Videbaris
789 1296 903 1336 enim
939 1310 1023 1336 non
1059 1273 1372 1338 solum⁰f1vere
1405 1297 1544 1347 nobis,
1567 1295 1609 1336 id
1638 1294 1754 1351 quod

320 1362 364 1394 et
385 1353 520 1394 nostri
541 1363 585 1392 et
607 1351 854 1407 reipublicae
877 1367 1005 1393 causa
1026 1367 1193 1408 semper
1215 1352 1380 1404 f=ecisti3
1411 1353 1483 1394 sed
1505 1353 1637 1394 etiam
1659 1366 1755 1408 gra-

320 1425 414 1451 vem
451 1423 595 1451 curam
628 1409 878 1464 suscepisse,
903 1409 1260 1474 vehementerque
1287 1424 1378 1451 esse
1405 1410 1457 1451 de
1491 1409 1615 1451 nobis
1642 1409 1756 1450 solli-

318 1467 444 1507 citus.
507 1465 674 1521 Itaque,
699 1466 814 1520 quod
849 1475 890 1506 te
920 1481 1106 1521 primum
1135 1468 1383 1508 existimare
1413 1467 1633 1522 putabam,
1662 1480 1755 1516 n08‚

318 1537 521 1579 oppressa
557 1522 790 1578 republica,
812 1522 1030 1577 quiescere
1064 1538 1149 1564 nou
1185 1538 1336 1579 posse:
1369 1523 1538 1574 deinde,
1559 1537 1658 1563 cum
1687 1537 1758 1564 su-

318 1581 528 1636 spicalere
560 1594 636 1620 nos
668 1579 822 1629 moliri,
844 1580 960 1635 quod
1001 1589 1042 1621 te
1076 1579 1305 1621 sollicitum
1337 1594 1428 1621 esse
1458 1589 1502 1620 et
1536 1579 1590 1620 de
1620 1579 1755 1620 salute

319 1647 465 1679 nostra
485 1645 529 1677 et
549 1636 602 1677 de
625 1650 763 1677 rerum
797 1646 954 1678 eventu
985 1639 1220 1693 putabam:
1253 1636 1379 1678 simul
1401 1651 1450 1677 ac
1473 1636 1663 1693 legiones
1684 1651 1755 1678 ac-

318 1695 429 1750 cepi,
451 1709 556 1749 quas
579 1692 632 1734 A.
656 1692 850 1734 Allienus
871 1694 1080 1736 eduxerat
1108 1708 1163 1735 ex
1187 1694 1398 1759 AEgypto,
1421 1694 1570 1749 scripsi
1607 1693 1659 1734 ad
1695 1702 1752 1744 te,

319 1751 646 1805 tabellariosque
675 1749 917 1806 complures
950 1751 1135 1793 Romam
1169 1752 1281 1792 misi.
1340 1751 1502 1806 Scripsi
1535 1749 1665 1791 etiam
1701 1750 1756 1791 ad

318 1817 512 1851 senatum
536 1808 712 1858 litteras,
734 1821 840 1862 quas
862 1807 980 1849 reddi
1005 1808 1119 1849 vetui
1142 1809 1274 1864 prius,
1295 1822 1424 1864 quam
1453 1808 1532 1849 tibi
1562 1807 1754 1848 lecitatae

317 1874 483 1906 essent:
515 1866 555 1896 23
569 1864 603 1904 si
626 1863 737 1905 forte
760 1865 842 1905 mei
864 1866 1161 1921 obtemperate
1182 1865 1287 1906 mihi
1313 1865 1538 1906 voluerint.
1585 1863 1754 1911 Quodsi

317 1922 471 1964 litterae
496 1922 670 1992 perlatae
705 1935 792 1962 non
821 1932 935 1973 sunt,
958 1937 1042 1964 non
1075 1922 1244 1971 dubito,
1265 1923 1368 1987 quin
1402 1919 1642 1972 Dolabella,
1663 1920 1754 1976 qui,

318 1979 480 2021 nefarie
499 1977 717 2019 Trebonio
739 1979 899 2030 occiso,
923 1978 1070 2021 Asiam
1100 1980 1347 2043 occupavit,
1369 1978 1613 2020 tabellarios
1636 1991 1754 2019 meos

318 2035 713 2100 04deprehenderit,
734 2034 982 2092 litterasque
1004 2037 1292 2093 interceperit.
1340 2034 1569 2078 Exercitus
1591 2048 1755 2086 omnes,

319 2094 391 2148 qui
415 2108 458 2133 'n
482 2093 608 2148 Syria
631 2092 763 2143 fuere,
785 2102 926 2134 teneo.
985 2096 1026 2125 2⁵
1042 2094 1190 2135 Habui
1221 2092 1453 2157 paullulum
1481 2106 1629 2143 morae,
1650 2091 1752 2133 dum

319 2151 530 2205 promissa
567 2149 777 2190 militibus
816 2150 1028 2205 persolvo.
1090 2151 1218 2192 Nunc
1252 2165 1345 2206 Jarn
1385 2164 1479 2191 sum
1511 2148 1755 2213 expeditus.

319 2206 358 2248 A
383 2216 424 2247 te
446 2215 562 2262 pet0,
585 2216 632 2247 ut
652 2206 910 2263 dignitatem
940 2222 1078 2249 meam
1110 2207 1456 2250 commendatam
1479 2206 1558 2248 tibi
1579 2206 1754 2257 habeas,

319 2264 351 2304 si
387 2277 454 2304 me
488 2240 726 2318 intelligiS,
738 2263 902 2305 nullum
935 2279 1073 2321 neque
1111 2265 1364 2329 periculum,
1396 2277 1535 2319 neque
1563 2262 1752 2304 laborem

321 2321 469 2375 patriae
492 2319 752 2375 denegasse:
784 2321 818 2362 si
841 2330 992 2363 eontra
1014 2322 1403 2379 importunissimos
1433 2321 1617 2362 latrones
1638 2333 1756 2360 arma

317 2377 411 2433 cepi
453 2386 494 2418 te
528 2376 728 2418 hortante
764 2386 809 2419 et
843 2389 1046 2420 auctore.
1079 2380 1113 2421 si
1151 2393 1238 2420 non
1277 2378 1415 2420 solum
1450 2378 1666 2419 exercitus
1699 2376 1753 2417 ad

359 2519 399 2549 23
421 2517 449 2546 si
466 2514 503 2556 J.
535 2517 598 2547 mei
628 2516 689 2547 obt.
720 2517 801 2547 wiltz
837 2517 1011 2558 zoluen‘nt]
1058 2518 1144 2550 vict.
1160 2520 1205 2550 sic
1227 2519 1290 2550 Ms.
1309 2516 1430 2549 Medic.
1445 2516 1510 2547 Gu.
1530 2518 1557 2546 l.
1573 2517 1605 2547 2.
1622 2521 1657 2547 et
1671 2515 1749 2554 alii-;

318 2559 447 2598 Nempe
470 2559 572 2590 Cassii
595 2557 722 2588 familia
738 2568 805 2588 non
827 2561 906 2590 satis
928 2560 1015 2590 tave·
1057 2561 1144 2600 quod
1168 2572 1216 2592 res
1240 2561 1408 2601 postulat:
1431 2568 1521 2589 nunc
1536 2568 1609 2588 sum
1624 2559 1753 2598 expedi·

319 2602 376 2632 bat
401 2601 564 2637 Ciceroni,
591 2605 725 2640 propter
747 2603 1014 2639 conjunctionem
1058 2607 1120 2633 tus.
1143 2604 1197 2634 alii
1223 2602 1418 2634 recentiores
1440 2601 1549 2638 habeo,
1574 2605 1612 2630 ut
1633 2606 1669 2631 et
1689 2609 1753 2633 scr.

319 2653 395 2673 cum
418 2643 565 2673 Antonio
588 2647 622 2672 et
644 2641 789 2683 Lepido.
818 2643 857 2673 de
878 2654 941 2683 qua
963 2653 1016 2673 su-
1059 2644 1204 2684 quidam,
1220 2645 1255 2675 in
1277 2644 1327 2674 his
1351 2653 1452 2674 meuS.
1474 2652 1549 2674 nem
1611 2643 1755 2682 persolvo

320 2695 390 2726 pra.
1059 2696 1127 2717 non
1152 2686 1412 2726 concoquebant‚
1439 2685 1600 2725 quodie
1626 2684 1756 2716 videtur

360 2729 400 2758 24
415 2725 675 2767 deprehenderit]
695 2725 873 2766 Eleganter
887 2736 945 2766 pro
960 2736 1019 2767 op·
1059 2734 1145 2759 stare
1160 2738 1270 2769 posse.
1294 2729 1320 2758 si
1338 2728 1410 2767 quis
1427 2727 1521 2758 malit
1535 2728 1615 2758 dum
1629 2727 1756 2773 perso!

321 2771 475 2809 presserit
487 2774 522 2800 et
535 2769 676 2809 ceperit:
696 2772 735 2799 ut
745 2769 836 2799 navis
848 2768 1020 2809 deprendi·
1060 2771 1106 2808 vi,
1122 2781 1189 2801 non
1211 2779 1402 2811 repugnem.
1421 2779 1496 2800 mox
1518 2770 1553 2800 in
1574 2778 1664 2800 nunc
1675 2778 1755 2810 jam

319 2816 378 2842 tur
393 2820 412 2841 a
425 2816 636 2852 tempestate.
653 2821 682 2841 v.
700 2811 793 2842 Clav.
809 2810 842 2840 in
858 2810 893 2841 h.
911 2820 941 2841 v.
1061 2823 1088 2844 s.
1106 2822 1179 2854 exp.
1194 2824 1213 2844 a
1227 2813 1292 2845 Ms.
1309 2822 1383 2844 meo
1397 2810 1585 2853 abestjam.

366 2855 406 2884 25
430 2853 546 2885 Habui
563 2863 600 2893 p.
616 2853 728 2893 mora]
755 2853 807 2885 Sic
829 2852 902 2884 edd.
921 2862 970 2893 pr.
986 2858 1021 2906 et
