1860 3228
375 82 453 120 AD
478 81 534 119 M.
551 80 801 119 MARIUM
826 80 902 117 ET
928 78 1210 117 CETEROS.
1441 87 1513 121 159

86 200 261 228 numero
284 196 328 228 tu
357 195 472 228 certe
504 180 670 234 fuisses,
697 183 778 224 nisi
814 192 854 224 te
883 182 1226 223 extrusissemus.
1289 182 1371 223 Sed
1395 183 1515 238 plura

86 244 320 285 scribemus
341 242 458 284 alias.
505 241 585 292 Tu,
606 241 679 295 qui
702 239 854 281 ceteris
876 253 1026 280 cavere
1048 238 1253 289 didicisti,
1277 239 1318 279 in
1343 239 1513 281 Britan-

86 300 160 341 nia
191 314 243 342 ne
271 301 326 342 ab
347 298 567 340 essedariis
593 297 834 352 decipiaris,
864 306 1043 337 caveto:
1075 304 1133 346 et,
1155 296 1380 350 32quando
1417 296 1513 337 Me-

87 356 209 398 deam
231 371 356 413 agere
377 355 508 411 coepi,
530 354 633 395 illud
656 367 822 410 semper
849 361 1079 402 mement0‚
1102 352 1220 408 “Qui
1240 352 1322 406 ipse
1351 352 1430 393 sihi
1449 368 1513 395 sa-

87 417 114 436 “
129 414 248 468 piens
259 393 442 469 prodesse
463 426 542 452 non
560 411 663 466 quit,
687 409 957 466 nequidquam
974 409 1095 465 sapit.
1100 409 1122 425 '’
1153 410 1268 450 Cura
1291 418 1338 450 ut
1360 409 1513 451 valeas.

597 494 999 532 ARGUMENTUM.
1529 496 1551 534 7

125 559 294 596 Studium
309 570 410 595 suum
430 559 468 594 in
487 559 766 594 commendando
783 557 978 606 significat,
998 561 1116 592 monet
1133 561 1174 593 ut
1194 557 1327 593 Caesari
1345 569 1492 605 operam

490 611 562 652 det,
582 611 627 646 ab
645 622 755 658 eoque
773 613 948 657 exspectet
969 610 1101 644 omnia.

511 670 744 713 CICERO
775 668 1103 712 TREBATIO.

93 727 232 782 EGO
266 748 307 781 te
333 739 633 781 commendare
666 753 751 780 non
789 738 975 779 desisto:
1019 737 1106 788 scd,
1140 737 1244 793 quid
1280 738 1517 794 proficiam,

89 813 144 840 ex
178 807 220 838 te
246 797 354 838 scire
375 797 519 852 cupio
580 797 710 852 Spem
743 796 977 836 maximam
1014 795 1152 836 habeo
1186 795 1229 836 in
1269 795 1432 838 Balbo:
1465 797 1517 837 ad

88 869 216 911 quem
238 854 291 896 de
311 864 352 895 te
369 854 697 910 diligentissime
723 861 766 894 et
794 852 1030 916 saepissime
1050 853 1205 893 scribo.
1268 851 1378 894 Illud
1404 852 1519 895 soleo

88 912 249 962 mirari,
272 926 356 952 non
379 925 444 952 me
468 911 594 952 toties
618 910 811 966 accipere
828 919 921 951 tuas
936 909 1112 961 litteras,
1126 919 1293 965 quoties
1313 911 1520 957 aQuinto

91 969 197 1010 mihi
219 944 349 1009 fiatre
381 968 626 1009 afferantur.
688 967 738 1008 In
776 967 1002 1008 Britannia
1033 967 1141 1007 nihil
1173 981 1264 1008 esse
1297 968 1424 1009 audio
1447 982 1520 1008 ne-

90 1040 173 1081 que
194 1025 300 1077 auri,
321 1039 459 1081 neque
480 1025 661 1082 argenti.
706 1024 755 1065 [d
776 1026 809 1065 si
833 1025 892 1065 ita
913 1034 990 1074 est,
1014 1024 1208 1065 essedum
1231 1023 1403 1080 aliquod
1427 1039 1523 1065 sua-

90 1084 171 1124 deo
190 1083 349 1138 capias,
380 1092 424 1123 et
455 1083 507 1123 ad
541 1097 617 1123 nos
646 1096 774 1137 quam
808 1082 993 1146 primum
1015 1096 1218 1123 recurras.
1281 1081 1356 1123 Sin
1378 1090 1523 1123 autem

93 1141 183 1181 sine
226 1139 450 1181 Britannia
486 1149 626 1180 tamen
661 1140 842 1193 assequi,
872 1138 987 1193 quod
1023 1139 1232 1189 volumus,
1270 1153 1523 1202 possumus3

94 1197 264 1253 perfice,
287 1207 334 1237 ut
355 1197 409 1237 sis
433 1197 476 1236 in
496 1195 776 1236 familiaribus
811 1195 1009 1236 Caesaris
1040 1194 1221 1235 multum
1244 1205 1286 1235 te
1306 1210 1346 1236 in
1367 1210 1418 1237 eo
1436 1196 1524 1237 fra-

93 1264 157 1294 ter
178 1254 403 1308 adjuvabit
425 1267 558 1302 meus,
579 1252 759 1292 multum
785 1250 970 1292 Balbus:
1004 1251 1091 1302 sed,
1123 1251 1230 1292 mihi
1263 1252 1403 1303 mede,
1425 1262 1523 1294 tuus

94 1310 230 1366 pudor
268 1319 311 1350 et
345 1309 464 1350 labor
497 1308 741 1373 plurimum.
814 1307 1122 1364 Imperatorem
1163 1308 1523 1374 liberalissimum,

91 1376 262 1408 aetatem
304 1366 730 1422 opportunissimam,
767 1365 1186 1406 commendationem
1223 1375 1339 1407 certe
1377 1367 1525 1423 singu-

89 1423 220 1465 larem
257 1423 412 1465 habes:
456 1434 500 1463 ut
526 1423 606 1464 tibi
643 1436 775 1463 unum
805 1422 1044 1463 timendum
1068 1423 1138 1475 sit,
1161 1437 1213 1463 ne
1236 1423 1327 1479 ipse
1349 1424 1428 1465 tibi
1451 1425 1525 1466 de-

92 1481 223 1522 fuisse
245 1481 429 1521 videare.

606 1536 1011 1574 ARGUMENTUM.
1541 1540 1566 1579 8

95 1601 154 1637 Ex
174 1601 322 1637 Caesaris
342 1600 473 1636 litteris
502 1604 537 1635 et
558 1611 624 1635 sua
641 1601 870 1648 responsione
886 1604 1018 1636 narrat
1028 1614 1041 1640 ;
1071 1604 1106 1634 et
1124 1601 1282 1635 modeste
1298 1600 1529 1648 reprehendit

409 1652 627 1692 Trebatium,
650 1653 746 1700 quod
764 1653 987 1688 tribunatum
1004 1654 1232 1688 recusaverit.

517 1712 752 1754 CICERO
775 1712 1104 1754 TREBATio.
1540 1698 1572 1731 b·

97 1771 384 1824 SCRIPSIT
413 1780 465 1822 ad
505 1795 572 1821 me
606 1780 753 1822 Caesar
786 1780 1121 1837 perhumaniter,
1148 1779 1339 1822 nondum
1371 1789 1413 1821 te
1446 1777 1528 1822 sibi

97 1840 200 1881 satis
221 1853 312 1880 esse
333 1838 586 1879 familiarem
609 1847 784 1894 propter
806 1838 1114 1902 occupationes
1136 1852 1247 1890 suas,
1269 1840 1309 1869 33
1325 1838 1394 1879 sed
1411 1847 1529 1880 certo

97 1894 204 1938 fore.
265 1895 348 1937 Cui
369 1895 542 1951 quidem
574 1910 656 1952 ego
694 1910 906 1952 rescripffl,
935 1910 1062 1950 quam
1086 1895 1194 1936 mihi
1227 1905 1397 1951 gratum
1420 1905 1532 1937 esset

98 1952 306 2005 futurum,
327 1953 361 1994 si
384 1967 512 2008 quam
535 1952 798 2008 plurimum
790 1967 831 1993 in
861 1962 902 1993 te
924 1952 1069 2003 studii,
1092 1953 1240 2003 officii,
1262 1952 1531 1994 liberalitatis

98 2024 185 2053 suae
207 2009 474 2052 contulisset.
533 2010 616 2051 Sed
637 2023 691 2051 ex
715 2010 796 2050 tuis
817 2008 970 2051 litteris
998 2010 1190 2065 cognovi
1214 2024 1532 2066 praeproperam

98 2066 418 2110 festinationem
454 2077 595 2109 tuam:
628 2076 672 2107 et
704 2066 830 2108 simul
855 2081 947 2108 sum
970 2067 1219 2118 admiratus,
1241 2081 1318 2108 cur
1339 2068 1533 2108 tribuna-

100 2133 168 2166 tus
190 2125 431 2175 commoda,
453 2125 598 2166 demto
621 2124 860 2179 praesertim
878 2124 1022 2165 labore
1039 2123 1221 2175 militias,
1237 2124 1532 2166 contemseris.

101 2182 268 2229 Querar
288 2196 386 2223 cum
409 2182 594 2222 Vaceira
615 2190 658 2221 et
681 2181 891 2222 Manilio:
915 2196 1011 2221 nam
1037 2180 1240 2222 Cornelio
1261 2181 1370 2222 nihil
1395 2182 1532 2223 audeo

100 2239 257 2290 dicere,
278 2238 401 2294 cujus
424 2249 468 2279 tu
495 2238 682 2293 periculo
705 2237 858 2279 stultus
885 2252 943 2288 es,
976 2253 1109 2294 quum
1144 2248 1185 2279 te
1217 2238 1272 2279 ab
1301 2253 1352 2280 eo
1385 2253 1533 2295 sapere

104 2296 304 2338 didicisse
344 2295 570 2352 profiteris.
633 2295 751 2342 Quin
784 2305 829 2336 tu
872 2309 997 2350 urges
1023 2296 1149 2336 istam
1184 2297 1454 2338 occasionem
1489 2306 1532 2337 et

105 2353 368 2404 facultatem,
391 2367 475 2408 qua
496 2352 646 2393 melior
667 2366 901 2407 numquam
925 2352 1184 2408 reperietur?
1217 2353 1347 2399 Quod
1381 2354 1531 2395 scribis

103 2411 156 2452 de
176 2410 249 2452 illo
273 2409 818 2473 Ρτεοίειηο]υ1εεφηευῖῑο;
850 2423 932 2465 ego
963 2421 1004 2449 te
1037 2410 1075 2450 ei
1111 2424 1197 2451 non
1233 2410 1382 2452 desino
1414 2425 1534 2451 com-

103 2468 318 2509 mendare
333 2467 482 2508 scribit
498 2467 611 2508 enim
630 2467 721 2523 ipse
741 2466 863 2518 mihi,
885 2476 924 2506 te
946 2467 1027 2508 sibi
1051 2467 1210 2523 gratias
1227 2481 1352 2523 affere
1365 2468 1534 2509 debere

106 2518 173 2566 De
195 2538 245 2566 eo
267 2525 369 2580 quid
393 2525 462 2576 sit,
485 2538 600 2573 cuia,
623 2535 671 2565 ut
691 2524 839 2565 seiam.
883 2522 977 2580 Ego
998 2534 1158 2566 vestras
1178 2524 1340 2566 litteras
1363 2524 1515 2565 Britan

104 2582 219 2623 nicas
241 2591 463 2638 exspecto·
523 2580 644 2623 Vale.

110 2719 113 2722 Δ
144 2697 184 2726 32
204 2695 334 2735 quando
348 2694 396 2725 M.
411 2705 511 2733 agere
528 2694 624 2735 eoepi]
649 2696 702 2726 Sic
717 2695 798 2726 Mss.
841 2695 996 2726 milibus?

105 2706 224 2768 eteddq
227 2743 307 2768 vett.
321 2738 516 2767 recentiores
529 2737 677 2776 quaedam
686 2747 800 2776 quum.
884 2740 924 2768 33
948 2738 1005 2768 sed
1016 2735 1201 2776 certofore]
1241 2736 1293 2767 Sic
1317 2736 1441 2768 correxi
1467 2735 1539 2767 vui⁴

109 2776 171 2808 Hie
194 2785 227 2809 et
243 2779 389 2810 Graevius
404 2779 533 2819 quando
558 2789 616 2818 Jro
628 2789 728 2819 quum
744 2779 799 2810 de-
841 2785 956 2819 gatum
972 2785 1070 2815 cerie,
1087 2788 1123 2809 ur.
1139 2779 1227 2810 alibi.

105 2818 164 2850 dit.
210 2822 277 2852 Cur
293 2830 369 2861 ergo
387 2831 453 2852 non
481 2826 515 2852 et
539 2821 629 2857 alibi,
655 2821 732 2852 locis
758 2823 798 2852 si-
