1903 3218
320 109 396 145 208
721 108 898 147 EPIST.
926 108 1108 148 LIBER
1134 111 1333 149 NONUS

323 223 489 266 sperare
521 210 690 262 debere,
721 213 755 253 si
789 221 830 254 te
853 213 1045 265 viderim,
1077 225 1120 256 et
1149 229 1213 265 ea,
1243 229 1339 270 quae
1373 218 1581 268 premant,
1611 217 1655 251 et
1675 223 1739 258 ea,

321 281 419 322 quae
443 267 730 324 impendeant,
753 284 821 311 me
844 269 968 312 facile
987 272 1276 312 transiturum.
1337 270 1631 316 Quamobrem
1653 266 1742 306 sive

322 324 367 365 in
397 323 654 376 Tusculano,
685 326 773 367 sive
805 327 847 368 in
880 327 1076 369 Cumano
1107 329 1159 369 ad
1192 338 1233 368 te
1264 327 1462 384 placebit,
1497 327 1585 366 sive
1604 322 1741 379 (quod

322 381 499 422 minime
529 382 675 433 velim)
710 382 886 425 Romae:
918 384 1151 426 dummodo
1181 384 1307 425 simul
1338 385 1482 433 simus,
1520 381 1741 438 perficiam

321 437 533 492 profecto,
568 442 648 480 4ut
690 439 732 479 id
774 440 942 495 utrique
983 450 1174 482 nostrum
1217 440 1610 482 commodissimum
1651 448 1741 478 esse

321 494 596 550 dijudicetur.

278 579 306 614 2
832 583 1233 621 ARGUMENTUM.

319 645 480 682 Retentae
497 646 657 693 epistola?
674 658 815 682 causam
836 648 1004 694 exponit:
1025 648 1152 683 deinde
1167 648 1306 686 suadet,
1326 652 1365 682 ut
1383 648 1470 683 vitet
1488 647 1607 683 oculos
1626 646 1739 681 homi·

368 710 466 740 num,
493 699 588 745 quod
613 699 686 744 ipse
703 697 854 745 faciam
885 700 995 734 donec
1011 700 1215 745 gratulatio
1233 698 1420 747 Africanae
1444 701 1602 735 victoriae
1621 697 1737 746 defer-

367 755 511 786 vescat:
540 754 574 784 et
591 762 691 785 suum
703 748 876 794 juvandae
893 751 981 797 reip.
1003 751 1215 786 desiderium
1236 751 1408 787 declarat.

270 829 290 859 b
747 814 980 857 CICERO
1014 816 1315 858 VARRONI.

316 870 624 924 CANINIUS
647 890 744 922 tuus
767 882 894 933 idem,
921 892 964 923 et
988 883 1099 924 idem
1124 894 1280 934 noster,
1302 898 1400 925 cum
1422 882 1474 924 ad
1499 896 1566 923 me
1589 896 1735 938 perve-

312 940 422 995 speri
447 941 645 989 venisset,
667 948 710 979 et
732 953 774 979 se
797 939 1002 994 postridie
1024 955 1147 981 mane
1168 941 1221 982 ad
1246 950 1286 982 te
1310 942 1466 981 iturum
1489 953 1580 980 esse
1601 938 1735 979 dixis-

311 1006 399 1038 set:
432 997 523 1038 dixi
545 997 599 1047 ei,
622 1011 688 1036 me
710 996 907 1036 daturum
931 995 1090 1052 aliquid
1115 1012 1263 1049 mane3
1296 1006 1342 1038 ut
1364 1006 1540 1053 peteret,
1569 995 1733 1051 rogavi.

312 1052 560 1110 Conscripsi
583 1052 806 1108 epistolam
832 1063 986 1095 noctu:
1021 1068 1098 1094 nec
1119 1053 1188 1095 ille
1210 1055 1259 1095 ad
1292 1069 1359 1095 me
1382 1053 1519 1094 rediit.
1551 1053 1735 1093 oblitum

310 1110 485 1151 credidi.
546 1109 750 1150 Attamen
781 1123 873 1149 eam
907 1109 1040 1165 ipsam
1074 1110 1153 1151 tibi
1178 1111 1403 1167 epistolam
1428 1110 1636 1150 misissem
1660 1122 1733 1164 pet

309 1181 442 1217 meos,
464 1166 544 1207 nisi
568 1167 779 1207 audissem
802 1180 855 1207 ex
885 1167 1051 1218 eodem,
1076 1168 1280 1222 postridie
1303 1178 1343 1208 te
1364 1181 1488 1208 mane
1517 1181 1540 1207 e
1567 1165 1732 1207 Tuscu-

307 1222 405 1264 lano
428 1224 660 1264 exiturum.
720 1223 781 1264 At
812 1223 890 1263 tibi
922 1234 1110 1280 repente,
1142 1225 1287 1280 paucis
1317 1234 1416 1280 post
1443 1223 1608 1274 diebus,
1634 1236 1733 1263 cum

308 1281 485 1321 minime
506 1289 816 1336 exspectarem,
842 1280 958 1320 venit
979 1280 1031 1321 ad
1054 1295 1121 1322 me
1144 1282 1351 1323 Caninius
1379 1294 1527 1322 mane:
1560 1278 1732 1336 profici-

308 1337 368 1378 sci
391 1337 443 1378 ad
468 1347 507 1377 te
529 1337 673 1378 statim
695 1337 823 1378 dixit.
883 1335 974 1377 Etsi
999 1347 1088 1378 erat
1113 1342 1207 1384 ἕωλος
1231 1338 1301 1379 illa
1328 1337 1522 1393 epistola,
1556 1349 1731 1392 praeser-

307 1394 387 1434 tim
410 1393 539 1434 tantis
562 1403 711 1449 postea
731 1393 853 1434 novis
876 1393 1001 1434 rebus
1023 1393 1174 1445 allatis,
1205 1405 1346 1436 tamen
1377 1395 1513 1450 perire
1535 1393 1731 1434 lucubra-

307 1450 470 1491 tionem
492 1464 630 1490 meam
653 1450 786 1501 nolui,
817 1459 859 1490 et
887 1463 981 1489 eam
1009 1451 1146 1505 ipsam
1174 1451 1359 1492 Caninio
1382 1451 1504 1492 dedi:
1535 1450 1609 1491 sed
1631 1463 1727 1490 cum

306 1519 372 1557 eo,
404 1517 450 1547 ut
482 1521 580 1547 cum
610 1507 785 1547 homine
814 1506 958 1556 docto,
990 1517 1033 1547 et
1063 1508 1125 1548 tui
1157 1508 1465 1557 amantissimo,
1494 1507 1660 1547 locutus
1681 1520 1731 1546 ea

306 1577 415 1614 sum,
453 1577 549 1618 quae
591 1563 814 1618 pertulisse
852 1562 970 1603 illum
1008 1563 1060 1604 ad
1098 1573 1139 1605 te
1173 1565 1391 1605 existimo.
1449 1562 1547 1604 Tibi
1587 1571 1732 1604 autem

305 1620 419 1660 idem
441 1620 609 1661 consilii
632 1621 702 1672 do,
723 1620 839 1676 quod
867 1619 1171 1676 mihimetipsi:
1205 1631 1252 1662 ut
1274 1621 1456 1662 vitemus
1478 1619 1625 1661 oculos
1654 1619 1733 1660 ho·

306 1677 486 1729 minum,
521 1678 586 1716 5si
618 1678 785 1733 linguas
815 1677 955 1717 minus
982 1676 1106 1718 facile
1136 1679 1362 1734 possimus.
1424 1677 1510 1724 Qui
1532 1677 1647 1718 enim
1671 1676 1733 1718 vi-

304 1734 441 1774 ctoria
463 1748 506 1774 se
533 1733 733 1785 efferunt,
765 1734 884 1789 quasi
912 1734 1047 1774 victos
1079 1750 1154 1776 nos
1183 1736 1416 1776 intuentur.
1478 1734 1565 1780 Qui
1587 1742 1732 1774 autem

304 1790 442 1831 victos
465 1799 632 1831 nostros
662 1790 838 1831 moleste
868 1790 1024 1841 ferunt,
1057 1806 1134 1833 nos
1163 1792 1309 1833 dolent
1331 1793 1487 1832 vivere.
1548 1791 1729 1837 Quaeres

303 1845 498 1899 fortasse,
531 1861 620 1898 cur,
651 1862 747 1888 cum
782 1847 875 1888 haec
906 1847 950 1888 in
983 1848 1086 1889 urbe
1116 1850 1214 1900 sint,
1243 1864 1328 1890 non
1351 1848 1503 1898 absim,
1526 1847 1729 1902 quemad·

304 1905 481 1945 modum
512 1913 572 1945 tu.
633 1903 697 1944 Tu
725 1905 838 1945 enim
869 1906 972 1959 ipse,
1003 1906 1076 1959 qui
1108 1916 1151 1946 et
1180 1921 1262 1954 me,
1293 1916 1336 1946 et
1366 1906 1469 1946 alios
1501 1905 1729 1960 prudentia

302 1960 454 2012 vincis,
476 1961 636 2012 omnia,
658 1961 800 2012 credo,
823 1961 983 2012 vidisti,
1004 1961 1111 2003 nihil
1133 1973 1175 2004 te
1195 1963 1372 2004 omnino
1391 1961 1556 2002 fefellit.
1616 1961 1726 2007 Quis

300 2027 366 2058 est
405 2028 492 2058 tam
524 2018 715 2074 lynceus,
747 2020 818 2073 qui
859 2018 987 2058 tantis
1018 2020 1205 2061 tenebris
1236 2020 1343 2060 nihil
1375 2018 1593 2060 offendat?
1624 2032 1724 2059 nus-

299 2088 427 2129 quam
452 2075 642 2116 incurrat
661 2077 674 2117 ?
704 2075 769 2116 Ac
792 2074 895 2116 mihi
921 2075 1090 2130 quidem
1105 2077 1195 2132 jam
1217 2077 1381 2132 pridem
1401 2076 1518 2117 venit
1540 2077 1582 2116 in
1605 2089 1725 2116 men·-

300 2139 402 2182 tem,
427 2132 582 2174 bellum
604 2146 708 2183 esse,
736 2132 845 2187 aliqu
856 2147 879 2171 a
903 2133 1035 2184 exire,
1058 2144 1106 2175 ut
1126 2149 1190 2185 ea,
1213 2136 1233 2164 6
1249 2149 1344 2189 quae
1366 2134 1604 2189 agebantur
1635 2132 1723 2182 hic,

298 2202 481 2244 quaeque
518 2189 784 2241 dicebantur,
819 2203 898 2230 nec
931 2190 1132 2243 viderem,
1160 2205 1240 2233 nee
1272 2190 1477 2231 audirem.
1537 2189 1620 2232 Sed
1652 2203 1723 2230 ca·

337 2304 358 2332 4
369 2306 408 2331 ut
422 2302 561 2332 id-—esse
571 2300 784 2342 dijudicetur]
810 2304 862 2333 Sic
876 2302 969 2334 eliel?
981 2325 989 2340 ‚
1032 2316 1060 2336 e.
1075 2306 1238 2341 videatur,
1253 2303 1461 2343 dijudicetur.
1497 2304 1594 2336 Dixit
1606 2303 1686 2343 quid
1694 2314 1723 2334 c.

295 2343 385 2373 velut
398 2343 436 2374 de
449 2345 636 2385 conjectura
648 2345 790 2374 virorum
805 2346 841 2373 <Em
859 2345 989 2382 tonarii,

294 2384 471 2416 Victorius.
514 2387 557 2416 At
586 2386 630 2415 sic
657 2387 757 2425 reperi
780 2390 849 2427 jaza
879 2387 910 2417 in
938 2388 987 2418 erl.

294 2427 431 2459 Mediol.
446 2434 481 2458 et
494 2428 540 2458 sic
558 2427 656 2457 habet
669 2429 770 2458 etiam
786 2430 848 2459 Gu.
870 2432 894 2459 l.
911 2430 971 2459 ΓνΙς,

293 2470 349 2500 alii
363 2476 398 2500 et
411 2470 483 2501 edd.
500 2470 596 2510 prim.
613 2469 662 2500 vel
684 2471 854 2507 videbitur,
878 2474 918 2500 :4³1
958 2473 983 2501 i-

291 2512 400 2550 detur,
417 2511 468 2542 vel
480 2513 642 2548 videatur,
657 2516 694 2541 ut
710 2512 771 2542 Gi..
791 2516 821 2543 ¹2.
839 2514 887 2543 vel
922 2515 925 2519 ’
941 2515 985 2543 υἱ-

291 2554 398 2584 detur.
420 2554 544 2585 Omnes
557 2554 609 2584 hae
623 2553 779 2584 lectiones
793 2560 871 2585 sunt
885 2557 981 2586 vitio-

291 2605 346 2626 sae.
383 2596 414 2627 Si
441 2597 554 2627 Cicero
576 2595 730 2626 voluisset
755 2597 871 2631 dicere,
899 2597 984 2634 ‘mod

290 2643 430 2677 putatur
444 2648 512 2669 esse
527 2639 561 2668 in
575 2637 714 2668 lectione
732 2639 874 2671 vntum-v,
890 2640 985 2669 dixis-

291 2685 343 2710 set
369 2683 566 2720 reperiatur,
595 2689 662 2710 non
692 2679 823 2720 ιΙξῘτιάὶ-πκ
834 2687 900 2712 tur.
946 2681 984 2712 In

290 2721 356 2752 Ms.
380 2733 453 2754 meo
467 2722 531 2753 fuit
544 2732 564 2752 a
579 2732 679 2753 manu
693 2724 797 2762 prima
810 2724 865 2753 υἷι]
884 2724 981 2754 Ιιῖἰιν.

292 2763 412 2795 Manus
435 2775 497 2796 sec.
517 2765 607 2802 fecit,
624 2768 674 2801 ut,
695 2766 729 2794 ι’«ί
740 2766 982 2805 quoa-widelae*-

289 2810 358 2843 ίαν,
381 2806 592 2848 dejudicetur.
635 2807 774 2838 Videtur
801 2806 881 2838 mihi
905 2809 983 2838 scri-

289 2847 446 2886 bendum,
458 2855 508 2887 ut,
521 2849 601 2890 quid
607 2849 736 2892 utrique
745 2853 892 2881 nostrum
901 2859 934 2881 co
939 2860 981 2882 m.

1032 2358 1062 2378 e.
1084 2348 1234 2377 videatur
1249 2358 1266 2377 e
1280 2347 1421 2377 formula
1433 2345 1643 2386 judiciorum,
1665 2355 1724 2385 pro

1031 2391 1111 2429 quid
1123 2400 1153 2420 cc
1160 2399 1236 2419 mm.
1248 2390 1302 2419 sit.

1075 2435 1092 2461 5
1113 2434 1140 2462 si
1154 2432 1286 2469 linguas
1301 2432 1407 2460 minus
1411 2428 1520 2469 facile
1527 2429 1628 2469 poss]
1655 2429 1720 2460 Fa-

1025 2475 1085 2504 vile
1111 2473 1191 2503 mihi
1214 2472 1367 2502 vitiosum
1383 2471 1522 2508 videtur,
1545 2470 1577 2501 id
1601 2481 1641 2502 ue
1663 2476 1723 2502 aut

1027 2515 1217 2551 delendum,
1240 2519 1298 2544 aut
1313 2513 1539 2552 corrigendum
1560 2482 1723 2553 effugerer

1027 2567 1103 2588 nam
1115 2564 1148 2588 et
1164 2557 1268 2586 vitare
1282 2557 1414 2594 linguas
1428 2554 1461 2584 h.
1475 2555 1498 2584 l.
1514 2564 1581 2585 non
1601 2565 1718 2586 conve-

1027 2601 1086 2629 nit.
1110 2600 1172 2629 Gu.
1194 2602 1413 2638 Lpossumus,
1428 2597 1553 2627 vitiose.

1069 2642 1088 2671 6
1114 2650 1185 2680 qua:
1210 2640 1394 2678 agebantur
1416 2640 1448 2669 Ιι.
1471 2649 1501 2679 q.
1528 2639 1719 2670 dicebantur

1028 2682 1101 2722 &c.]
1127 2683 1240 2714 Cicero
1264 2691 1330 2712 non
1353 2681 1486 2711 nolebat
1510 2691 1567 2710 ἵ.»
1592 2681 1718 2717 andire,

1026 2733 1085 2755 nec
1101 2724 1207 2755 videre
1222 2733 1295 2762 quae
1319 2724 1478 2763 agebantu
1497 2734 1499 2737 ¹
1515 2733 1550 2753 :ze
1568 2724 1718 2754 diceban-

1025 2772 1100 2804 tur-3
1125 2776 1200 2796 nam
1216 2776 1254 2796 ea
1268 2765 1418 2796 audiebat
1434 2773 1466 2795 σῖ
1481 2765 1609 2796 videbat
1620 2770 1692 2795 tum
1707 2777 1715 2794 :

1024 2808 1079 2839 sed
1094 2817 1167 2848 quae
1181 2812 1361 2847 agerentur
1374 2817 1412 2837 ac
1428 2807 1625 2844 dicerentur,
1641 2816 1716 2838 cum

1025 2850 1169 2881 abesset:
1193 2860 1231 2882 ac
1245 2850 1291 2881 sic
1306 2848 1533 2890 corrigendum
1548 2854 1642 2890 puto.
