<?xml version="1.0" encoding="UTF-8"?>
<!DOCTYPE html PUBLIC "-//W3C//DTD XHTML 1.0 Transitional//EN"
    "http://www.w3.org/TR/xhtml1/DTD/xhtml1-transitional.dtd">
<html xmlns="http://www.w3.org/1999/xhtml" xml:lang="en" lang="en">
 <head>
  <title>
</title>
<meta http-equiv="Content-Type" content="text/html;charset=utf-8" />
  <meta name='ocr-system' content='tesseract 3.04.00' />
  <meta name='ocr-capabilities' content='ocr_page ocr_carea ocr_par ocr_line ocrx_word'/>
</head>
<body>
  <div class='ocr_page' id='page_1' title='image "./p1operaomnia03ciceuoft_0435.png"; bbox 0 0 1865 3223; ppageno 0'>
   <div class='ocr_carea' id='block_1_1' title="bbox 608 112 1529 152">
    <p class='ocr_par' dir='ltr' id='par_1_1' title="bbox 608 112 1529 152">
     <span class='ocr_line' id='line_1_1' title="bbox 608 112 1529 152; baseline -0.004 0"><span class='ocrx_word' id='word_1_1' title='bbox 608 112 692 152; x_wconf 78' lang='lat' dir='ltr'><strong>AD</strong></span> <span class='ocrx_word' id='word_1_2' title='bbox 716 113 1031 152; x_wconf 83' lang='lat' dir='ltr'><strong>TIRONEM.</strong></span> <span class='ocrx_word' id='word_1_3' title='bbox 1456 113 1529 149; x_wconf 72' lang='lat'><strong>42¹1</strong></span> 
     </span>
    </p>
   </div>
   <div class='ocr_carea' id='block_1_2' title="bbox 102 213 1535 328">
    <p class='ocr_par' dir='ltr' id='par_1_2' title="bbox 102 213 1535 328">
     <span class='ocr_line' id='line_1_2' title="bbox 102 213 1535 272; baseline -0.002 -16"><span class='ocrx_word' id='word_1_4' title='bbox 102 214 319 267; x_wconf 74' lang='lat' dir='ltr'><strong>miseram.</strong></span> <span class='ocrx_word' id='word_1_5' title='bbox 379 215 508 268; x_wconf 73' lang='lat' dir='ltr'><strong>Cura,</strong></span> <span class='ocrx_word' id='word_1_6' title='bbox 531 213 570 258; x_wconf 35' lang='lat' dir='ltr'><strong>*si</strong></span> <span class='ocrx_word' id='word_1_7' title='bbox 600 230 672 257; x_wconf 86' lang='lat' dir='ltr'><strong>-me</strong></span> <span class='ocrx_word' id='word_1_8' title='bbox 706 216 866 272; x_wconf 80' lang='lat' dir='ltr'><strong>diligis,</strong></span> <span class='ocrx_word' id='word_1_9' title='bbox 901 225 947 257; x_wconf 86' lang='lat' dir='ltr'><strong>ut</strong></span> <span class='ocrx_word' id='word_1_10' title='bbox 972 215 1134 258; x_wconf 83' lang='lat' dir='ltr'><strong>valeas:</strong></span> <span class='ocrx_word' id='word_1_11' title='bbox 1163 223 1220 267; x_wconf 79' lang='lat' dir='ltr'><strong>et,</strong></span> <span class='ocrx_word' id='word_1_12' title='bbox 1243 229 1338 257; x_wconf 89' lang='lat' dir='ltr'><strong>cum</strong></span> <span class='ocrx_word' id='word_1_13' title='bbox 1363 224 1404 255; x_wconf 86' lang='lat' dir='ltr'><strong>te</strong></span> <span class='ocrx_word' id='word_1_14' title='bbox 1427 215 1535 255; x_wconf 88' lang='lat' dir='ltr'><strong>bene</strong></span> 
     </span>
     <span class='ocr_line' id='line_1_3' title="bbox 107 271 1316 328; baseline -0.001 -15"><span class='ocrx_word' id='word_1_15' title='bbox 107 271 386 324; x_wconf 81' lang='lat' dir='ltr'><strong>confirmaris,</strong></span> <span class='ocrx_word' id='word_1_16' title='bbox 408 274 460 314; x_wconf 86' lang='lat' dir='ltr'><strong>ad</strong></span> <span class='ocrx_word' id='word_1_17' title='bbox 482 287 559 315; x_wconf 86' lang='lat' dir='ltr'><strong>nos</strong></span> <span class='ocrx_word' id='word_1_18' title='bbox 584 273 740 314; x_wconf 88' lang='lat' dir='ltr'><strong>venias.</strong></span> <span class='ocrx_word' id='word_1_19' title='bbox 805 273 920 314; x_wconf 78' lang='lat' dir='ltr'><strong>Vale.</strong></span> <span class='ocrx_word' id='word_1_20' title='bbox 982 287 1029 314; x_wconf 81' lang='grc' dir='ltr'><strong>ιν</strong></span> <span class='ocrx_word' id='word_1_21' title='bbox 1056 273 1156 314; x_wconf 73' lang='lat' dir='ltr'><strong>[dus</strong></span> <span class='ocrx_word' id='word_1_22' title='bbox 1179 273 1316 328; x_wconf 87' lang='lat' dir='ltr'><strong>April.</strong></span> 
     </span>
    </p>
   </div>
   <div class='ocr_carea' id='block_1_3' title="bbox 615 356 1601 400">
    <p class='ocr_par' dir='ltr' id='par_1_3' title="bbox 615 356 1601 400">
     <span class='ocr_line' id='line_1_4' title="bbox 615 356 1601 400; baseline -0.001 -1"><span class='ocrx_word' id='word_1_23' title='bbox 615 363 1015 400; x_wconf 86' lang='lat' dir='ltr'><strong>ARGUMENTUM.</strong></span> <span class='ocrx_word' id='word_1_24' title='bbox 1551 356 1601 392; x_wconf 81' lang='lat'><strong>14</strong></span> 
     </span>
    </p>
   </div>
   <div class='ocr_carea' id='block_1_4' title="bbox 129 421 1517 520">
    <p class='ocr_par' dir='ltr' id='par_1_4' title="bbox 129 421 1517 520">
     <span class='ocr_line' id='line_1_5' title="bbox 129 421 1517 474; baseline -0.005 -12"><span class='ocrx_word' id='word_1_25' title='bbox 129 421 421 462; x_wconf 60' lang='lat' dir='ltr'><em>Sollicitudinem</em></span> <span class='ocrx_word' id='word_1_26' title='bbox 437 437 552 468; x_wconf 74' lang='lat' dir='ltr'><strong>suam,</strong></span> <span class='ocrx_word' id='word_1_27' title='bbox 572 430 770 474; x_wconf 75' lang='lat' dir='ltr'><strong>&lt;egrotante</strong></span> <span class='ocrx_word' id='word_1_28' title='bbox 793 426 934 468; x_wconf 83' lang='lat' dir='ltr'><strong>Tirone,</strong></span> <span class='ocrx_word' id='word_1_29' title='bbox 953 425 1148 474; x_wconf 62' lang='lat' dir='ltr'><strong>significat,</strong></span> <span class='ocrx_word' id='word_1_30' title='bbox 1168 429 1201 459; x_wconf 81' lang='lat' dir='ltr'><strong>et</strong></span> <span class='ocrx_word' id='word_1_31' title='bbox 1220 423 1460 460; x_wconf 78' lang='lat' dir='ltr'><strong>valetudinem</strong></span> <span class='ocrx_word' id='word_1_32' title='bbox 1478 424 1517 456; x_wconf 71' lang='lat' dir='ltr'><strong>ut</strong></span> 
     </span>
     <span class='ocr_line' id='line_1_6' title="bbox 671 478 982 520; baseline 0.003 -7"><span class='ocrx_word' id='word_1_33' title='bbox 671 483 784 520; x_wconf 78' lang='lat' dir='ltr'><strong>curet,</strong></span> <span class='ocrx_word' id='word_1_34' title='bbox 805 478 982 514; x_wconf 78' lang='lat' dir='ltr'><em>hortatur.</em></span> 
     </span>
    </p>
   </div>
   <div class='ocr_carea' id='block_1_5' title="bbox 470 542 1168 585">
    <p class='ocr_par' dir='ltr' id='par_1_5' title="bbox 470 542 1168 585">
     <span class='ocr_line' id='line_1_7' title="bbox 470 542 1168 585; baseline -0.003 0"><span class='ocrx_word' id='word_1_35' title='bbox 470 543 536 585; x_wconf 93' lang='lat' dir='ltr'><strong>M.</strong></span> <span class='ocrx_word' id='word_1_36' title='bbox 555 543 606 585; x_wconf 87' lang='lat' dir='ltr'><strong>T.</strong></span> <span class='ocrx_word' id='word_1_37' title='bbox 630 544 682 585; x_wconf 86' lang='lat' dir='ltr'><strong>C.</strong></span> <span class='ocrx_word' id='word_1_38' title='bbox 712 543 935 585; x_wconf 80' lang='lat' dir='ltr'>TIRONI</span> <span class='ocrx_word' id='word_1_39' title='bbox 968 544 1011 585; x_wconf 89' lang='lat' dir='ltr'><strong>S.</strong></span> <span class='ocrx_word' id='word_1_40' title='bbox 1037 544 1086 584; x_wconf 92' lang='lat' dir='ltr'><strong>P.</strong></span> <span class='ocrx_word' id='word_1_41' title='bbox 1112 542 1168 583; x_wconf 92' lang='lat' dir='ltr'><strong>D.</strong></span> 
     </span>
    </p>
   </div>
   <div class='ocr_carea' id='block_1_6' title="bbox 105 598 1605 1499">
    <p class='ocr_par' dir='ltr' id='par_1_6' title="bbox 105 598 1605 1499">
     <span class='ocr_line' id='line_1_8' title="bbox 109 598 1535 668; baseline -0.004 -18"><span class='ocrx_word' id='word_1_42' title='bbox 109 598 443 652; x_wconf 79' lang='lat' dir='ltr'><strong>ANDRICUS</strong></span> <span class='ocrx_word' id='word_1_43' title='bbox 477 613 683 668; x_wconf 82' lang='lat' dir='ltr'>postridie</span> <span class='ocrx_word' id='word_1_44' title='bbox 716 612 766 652; x_wconf 83' lang='lat' dir='ltr'><strong>ad</strong></span> <span class='ocrx_word' id='word_1_45' title='bbox 801 626 868 652; x_wconf 87' lang='lat' dir='ltr'><strong>me</strong></span> <span class='ocrx_word' id='word_1_46' title='bbox 904 612 1032 662; x_wconf 84' lang='lat' dir='ltr'><strong>venit,</strong></span> <span class='ocrx_word' id='word_1_47' title='bbox 1064 624 1191 666; x_wconf 85' lang='lat' dir='ltr'><strong>quam</strong></span> <span class='ocrx_word' id='word_1_48' title='bbox 1225 614 1535 663; x_wconf 78' lang='lat' dir='ltr'><strong>exspectaram.</strong></span> 
     </span>
     <span class='ocr_line' id='line_1_9' title="bbox 110 662 1537 724; baseline -0.004 -18"><span class='ocrx_word' id='word_1_49' title='bbox 110 664 263 720; x_wconf 81' lang='lat' dir='ltr'><strong>Itaque</strong></span> <span class='ocrx_word' id='word_1_50' title='bbox 287 668 413 708; x_wconf 84' lang='lat' dir='ltr'><strong>habui</strong></span> <span class='ocrx_word' id='word_1_51' title='bbox 435 680 604 710; x_wconf 79' lang='lat' dir='ltr'><strong>noctem</strong></span> <span class='ocrx_word' id='word_1_52' title='bbox 630 669 795 724; x_wconf 79' lang='lat' dir='ltr'>plenam</span> <span class='ocrx_word' id='word_1_53' title='bbox 827 669 991 709; x_wconf 85' lang='lat' dir='ltr'><strong>timoris</strong></span> <span class='ocrx_word' id='word_1_54' title='bbox 1013 683 1061 708; x_wconf 83' lang='lat' dir='ltr'><strong>ac</strong></span> <span class='ocrx_word' id='word_1_55' title='bbox 1087 666 1282 708; x_wconf 60' lang='lat' dir='ltr'><strong>miseriae.</strong></span> <span class='ocrx_word' id='word_1_56' title='bbox 1342 663 1446 704; x_wconf 87' lang='lat' dir='ltr'><strong>Tuis</strong></span> <span class='ocrx_word' id='word_1_57' title='bbox 1470 662 1537 701; x_wconf 82' lang='lat' dir='ltr'><strong>lit-</strong></span> 
     </span>
     <span class='ocr_line' id='line_1_10' title="bbox 109 719 1538 781; baseline -0.003 -19"><span class='ocrx_word' id='word_1_58' title='bbox 109 723 209 762; x_wconf 82' lang='lat' dir='ltr'><strong>teris</strong></span> <span class='ocrx_word' id='word_1_59' title='bbox 234 723 367 765; x_wconf 86' lang='lat' dir='ltr'><strong>nihilo</strong></span> <span class='ocrx_word' id='word_1_60' title='bbox 391 740 482 766; x_wconf 84' lang='lat' dir='ltr'><strong>Sum</strong></span> <span class='ocrx_word' id='word_1_61' title='bbox 507 726 644 766; x_wconf 66' lang='lat' dir='ltr'><strong>filetus</strong></span> <span class='ocrx_word' id='word_1_62' title='bbox 666 727 836 775; x_wconf 78' lang='lat' dir='ltr'>certior,</span> <span class='ocrx_word' id='word_1_63' title='bbox 864 725 1080 781; x_wconf 84' lang='lat' dir='ltr'><strong>quomodo</strong></span> <span class='ocrx_word' id='word_1_64' title='bbox 1104 734 1144 763; x_wconf 90' lang='lat' dir='ltr'><strong>te</strong></span> <span class='ocrx_word' id='word_1_65' title='bbox 1159 723 1358 763; x_wconf 81' lang='lat' dir='ltr'><strong>haberes:</strong></span> <span class='ocrx_word' id='word_1_66' title='bbox 1383 719 1452 759; x_wconf 82' lang='lat' dir='ltr'><strong>sed</strong></span> <span class='ocrx_word' id='word_1_67' title='bbox 1476 728 1538 758; x_wconf 80' lang='lat' dir='ltr'><strong>ta-</strong></span> 
     </span>
     <span class='ocr_line' id='line_1_11' title="bbox 110 775 1539 839; baseline -0.003 -21"><span class='ocrx_word' id='word_1_68' title='bbox 110 792 209 819; x_wconf 83' lang='lat' dir='ltr'><strong>men</strong></span> <span class='ocrx_word' id='word_1_69' title='bbox 225 794 315 820; x_wconf 84' lang='lat' dir='ltr'><strong>suni</strong></span> <span class='ocrx_word' id='word_1_70' title='bbox 333 794 558 823; x_wconf 81' lang='lat' dir='ltr'><strong>recreatus.</strong></span> <span class='ocrx_word' id='word_1_71' title='bbox 587 782 681 839; x_wconf 84' lang='lat' dir='ltr'><strong>Ego</strong></span> <span class='ocrx_word' id='word_1_72' title='bbox 699 782 813 822; x_wconf 88' lang='lat' dir='ltr'><strong>omni</strong></span> <span class='ocrx_word' id='word_1_73' title='bbox 837 782 1134 830; x_wconf 77' lang='lat' dir='ltr'>delectatione,</span> <span class='ocrx_word' id='word_1_74' title='bbox 1154 779 1388 831; x_wconf 75' lang='lat' dir='ltr'><strong>litterisque</strong></span> <span class='ocrx_word' id='word_1_75' title='bbox 1402 775 1539 816; x_wconf 84' lang='lat' dir='ltr'><strong>omni-</strong></span> 
     </span>
     <span class='ocr_line' id='line_1_12' title="bbox 108 834 1539 894; baseline -0.003 -18"><span class='ocrx_word' id='word_1_76' title='bbox 108 834 188 876; x_wconf 90' lang='lat' dir='ltr'><strong>bus</strong></span> <span class='ocrx_word' id='word_1_77' title='bbox 207 851 353 889; x_wconf 81' lang='lat' dir='ltr'><strong>careo3</strong></span> <span class='ocrx_word' id='word_1_78' title='bbox 385 854 489 893; x_wconf 82' lang='lat' dir='ltr'><strong>quas</strong></span> <span class='ocrx_word' id='word_1_79' title='bbox 511 849 623 889; x_wconf 87' lang='lat' dir='ltr'><strong>ante,</strong></span> <span class='ocrx_word' id='word_1_80' title='bbox 656 854 783 894; x_wconf 87' lang='lat' dir='ltr'><strong>quam</strong></span> <span class='ocrx_word' id='word_1_81' title='bbox 819 848 859 878; x_wconf 85' lang='lat' dir='ltr'><strong>te</strong></span> <span class='ocrx_word' id='word_1_82' title='bbox 891 839 1050 888; x_wconf 85' lang='lat' dir='ltr'><strong>videro,</strong></span> <span class='ocrx_word' id='word_1_83' title='bbox 1081 838 1291 891; x_wconf 83' lang='lat' dir='ltr'><strong>attingere</strong></span> <span class='ocrx_word' id='word_1_84' title='bbox 1325 848 1409 874; x_wconf 92' lang='lat' dir='ltr'><strong>non</strong></span> <span class='ocrx_word' id='word_1_85' title='bbox 1441 846 1539 888; x_wconf 82' lang='lat' dir='ltr'><strong>pos-</strong></span> 
     </span>
     <span class='ocr_line' id='line_1_13' title="bbox 106 891 1537 951; baseline -0.003 -19"><span class='ocrx_word' id='word_1_86' title='bbox 106 906 217 933; x_wconf 81' lang='lat' dir='ltr'><strong>sum.</strong></span> <span class='ocrx_word' id='word_1_87' title='bbox 278 894 454 935; x_wconf 87' lang='lat' dir='ltr'><strong>Medico</strong></span> <span class='ocrx_word' id='word_1_88' title='bbox 477 897 698 947; x_wconf 74' lang='lat' dir='ltr'>mercedis,</span> <span class='ocrx_word' id='word_1_89' title='bbox 723 905 930 950; x_wconf 84' lang='lat' dir='ltr'><strong>quantum</strong></span> <span class='ocrx_word' id='word_1_90' title='bbox 963 905 1124 951; x_wconf 81' lang='lat' dir='ltr'><strong>poscet,</strong></span> <span class='ocrx_word' id='word_1_91' title='bbox 1157 891 1537 949; x_wconf 77' lang='lat' dir='ltr'><strong>proinittijubeto.</strong></span> 
     </span>
     <span class='ocr_line' id='line_1_14' title="bbox 107 945 1538 1006; baseline -0.003 -17"><span class='ocrx_word' id='word_1_92' title='bbox 107 948 150 989; x_wconf 88' lang='lat' dir='ltr'><strong>id</strong></span> <span class='ocrx_word' id='word_1_93' title='bbox 183 951 332 1006; x_wconf 75' lang='lat' dir='ltr'><strong>scripsi</strong></span> <span class='ocrx_word' id='word_1_94' title='bbox 355 952 461 992; x_wconf 64' lang='lat' dir='ltr'><strong>elad</strong></span> <span class='ocrx_word' id='word_1_95' title='bbox 501 953 734 994; x_wconf 83' lang='lat' dir='ltr'>Ummium.</span> <span class='ocrx_word' id='word_1_96' title='bbox 792 952 935 993; x_wconf 82' lang='lat' dir='ltr'><strong>Audio</strong></span> <span class='ocrx_word' id='word_1_97' title='bbox 957 962 996 992; x_wconf 89' lang='lat' dir='ltr'><strong>tc</strong></span> <span class='ocrx_word' id='word_1_98' title='bbox 1019 952 1162 992; x_wconf 79' lang='lat' dir='ltr'><strong>animo</strong></span> <span class='ocrx_word' id='word_1_99' title='bbox 1185 949 1301 1004; x_wconf 77' lang='lat' dir='ltr'><strong>angi,</strong></span> <span class='ocrx_word' id='word_1_100' title='bbox 1329 958 1371 988; x_wconf 90' lang='lat' dir='ltr'><strong>et</strong></span> <span class='ocrx_word' id='word_1_101' title='bbox 1405 945 1538 986; x_wconf 80' lang='lat' dir='ltr'><strong>niedi-</strong></span> 
     </span>
     <span class='ocr_line' id='line_1_15' title="bbox 105 1005 1538 1061; baseline -0.002 -16"><span class='ocrx_word' id='word_1_102' title='bbox 105 1019 204 1046; x_wconf 88' lang='lat' dir='ltr'><strong>cum</strong></span> <span class='ocrx_word' id='word_1_103' title='bbox 239 1007 393 1057; x_wconf 80' lang='lat' dir='ltr'><strong>dicere,</strong></span> <span class='ocrx_word' id='word_1_104' title='bbox 428 1023 481 1050; x_wconf 84' lang='lat' dir='ltr'><strong>ex</strong></span> <span class='ocrx_word' id='word_1_105' title='bbox 519 1025 568 1050; x_wconf 88' lang='lat' dir='ltr'><strong>eo</strong></span> <span class='ocrx_word' id='word_1_106' title='bbox 608 1019 648 1050; x_wconf 88' lang='lat' dir='ltr'><strong>te</strong></span> <span class='ocrx_word' id='word_1_107' title='bbox 682 1010 886 1049; x_wconf 82' lang='lat' dir='ltr'><strong>laborare.</strong></span> <span class='ocrx_word' id='word_1_108' title='bbox 948 1009 992 1049; x_wconf 71' lang='lat' dir='ltr'><strong>Si</strong></span> <span class='ocrx_word' id='word_1_109' title='bbox 1027 1022 1094 1048; x_wconf 88' lang='lat' dir='ltr'><strong>me</strong></span> <span class='ocrx_word' id='word_1_110' title='bbox 1128 1007 1285 1061; x_wconf 74' lang='lat' dir='ltr'><strong>diligis,</strong></span> <span class='ocrx_word' id='word_1_111' title='bbox 1307 1005 1452 1045; x_wconf 81' lang='lat' dir='ltr'><strong>excita</strong></span> <span class='ocrx_word' id='word_1_112' title='bbox 1483 1016 1538 1042; x_wconf 76' lang='lat' dir='ltr'><strong>ex</strong></span> 
     </span>
     <span class='ocr_line' id='line_1_16' title="bbox 106 1058 1538 1120; baseline -0.002 -19"><span class='ocrx_word' id='word_1_113' title='bbox 106 1075 258 1103; x_wconf 79' lang='lat' dir='ltr'><strong>somno</strong></span> <span class='ocrx_word' id='word_1_114' title='bbox 280 1066 427 1105; x_wconf 60' lang='lat' dir='ltr'><strong>2‘u&#39;tuas</strong></span> <span class='ocrx_word' id='word_1_115' title='bbox 449 1066 608 1106; x_wconf 76' lang='lat' dir='ltr'><strong>litteras</strong></span> <span class='ocrx_word' id='word_1_116' title='bbox 634 1067 1043 1120; x_wconf 72' lang='lat' dir='ltr'><strong>humanitatemque,</strong></span> <span class='ocrx_word' id='word_1_117' title='bbox 1075 1073 1249 1119; x_wconf 84' lang='lat' dir='ltr'><strong>propter</strong></span> <span class='ocrx_word' id='word_1_118' title='bbox 1277 1076 1405 1117; x_wconf 84' lang='lat' dir='ltr'><strong>quam</strong></span> <span class='ocrx_word' id='word_1_119' title='bbox 1434 1058 1538 1099; x_wconf 85' lang='lat' dir='ltr'><strong>mihi</strong></span> 
     </span>
     <span class='ocr_line' id='line_1_17' title="bbox 105 1121 1539 1178; baseline -0.003 -19"><span class='ocrx_word' id='word_1_120' title='bbox 105 1132 150 1159; x_wconf 87' lang='lat' dir='ltr'><strong>es</strong></span> <span class='ocrx_word' id='word_1_121' title='bbox 172 1121 429 1161; x_wconf 79' lang='lat' dir='ltr'><strong>carissimus.</strong></span> <span class='ocrx_word' id='word_1_122' title='bbox 454 1137 565 1164; x_wconf 88' lang='lat' dir='ltr'><strong>nunc</strong></span> <span class='ocrx_word' id='word_1_123' title='bbox 588 1138 695 1178; x_wconf 87' lang='lat' dir='ltr'><strong>opus</strong></span> <span class='ocrx_word' id='word_1_124' title='bbox 729 1133 792 1163; x_wconf 87' lang='lat' dir='ltr'><strong>est</strong></span> <span class='ocrx_word' id='word_1_125' title='bbox 825 1132 866 1162; x_wconf 87' lang='lat' dir='ltr'><strong>te</strong></span> <span class='ocrx_word' id='word_1_126' title='bbox 898 1124 1040 1162; x_wconf 85' lang='lat' dir='ltr'><strong>animo</strong></span> <span class='ocrx_word' id='word_1_127' title='bbox 1066 1122 1217 1169; x_wconf 76' lang='lat' dir='ltr'><strong>valere,</strong></span> <span class='ocrx_word' id='word_1_128' title='bbox 1239 1121 1277 1149; x_wconf 71' lang='lat'><strong>‘23</strong></span> <span class='ocrx_word' id='word_1_129' title='bbox 1295 1128 1339 1159; x_wconf 85' lang='lat' dir='ltr'><strong>ut</strong></span> <span class='ocrx_word' id='word_1_130' title='bbox 1360 1129 1539 1171; x_wconf 85' lang='lat' dir='ltr'><strong>corpore</strong></span> 
     </span>
     <span class='ocr_line' id='line_1_18' title="bbox 107 1174 1539 1232; baseline -0.002 -17"><span class='ocrx_word' id='word_1_131' title='bbox 107 1176 258 1232; x_wconf 85' lang='lat' dir='ltr'><strong>possis.</strong></span> <span class='ocrx_word' id='word_1_132' title='bbox 320 1176 369 1218; x_wconf 81' lang='lat' dir='ltr'><strong>Id</strong></span> <span class='ocrx_word' id='word_1_133' title='bbox 393 1192 491 1219; x_wconf 85' lang='lat' dir='ltr'><strong>cum</strong></span> <span class='ocrx_word' id='word_1_134' title='bbox 517 1189 604 1230; x_wconf 81' lang='lat' dir='ltr'><strong>tua,</strong></span> <span class='ocrx_word' id='word_1_135' title='bbox 625 1191 715 1219; x_wconf 77' lang='lat' dir='ltr'><strong>tuin</strong></span> <span class='ocrx_word' id='word_1_136' title='bbox 740 1193 833 1219; x_wconf 77' lang='lat' dir='ltr'><strong>mea</strong></span> <span class='ocrx_word' id='word_1_137' title='bbox 855 1193 983 1219; x_wconf 80' lang='lat' dir='ltr'><strong>causa</strong></span> <span class='ocrx_word' id='word_1_138' title='bbox 1007 1178 1151 1227; x_wconf 75' lang='lat' dir='ltr'><strong>facias,</strong></span> <span class='ocrx_word' id='word_1_139' title='bbox 1170 1192 1193 1217; x_wconf 83' lang='lat' dir='ltr'>a</span> <span class='ocrx_word' id='word_1_140' title='bbox 1216 1186 1256 1215; x_wconf 88' lang='lat' dir='ltr'><strong>te</strong></span> <span class='ocrx_word' id='word_1_141' title='bbox 1282 1184 1395 1230; x_wconf 87' lang='lat' dir='ltr'><strong>peto.</strong></span> <span class='ocrx_word' id='word_1_142' title='bbox 1429 1174 1539 1213; x_wconf 75' lang='lat' dir='ltr'>Aca-</span> 
     </span>
     <span class='ocr_line' id='line_1_19' title="bbox 108 1232 1540 1289; baseline -0.003 -17"><span class='ocrx_word' id='word_1_143' title='bbox 108 1243 220 1273; x_wconf 87' lang='lat' dir='ltr'>stum</span> <span class='ocrx_word' id='word_1_144' title='bbox 243 1235 393 1283; x_wconf 85' lang='lat' dir='ltr'><strong>retine‚</strong></span> <span class='ocrx_word' id='word_1_145' title='bbox 421 1249 506 1289; x_wconf 89' lang='lat' dir='ltr'><strong>quo</strong></span> <span class='ocrx_word' id='word_1_146' title='bbox 529 1236 795 1276; x_wconf 83' lang='lat' dir='ltr'><strong>commodius</strong></span> <span class='ocrx_word' id='word_1_147' title='bbox 826 1236 905 1276; x_wconf 86' lang='lat' dir='ltr'><strong>tibi</strong></span> <span class='ocrx_word' id='word_1_148' title='bbox 931 1235 1207 1275; x_wconf 82' lang='lat' dir='ltr'><strong>ministretur.</strong></span> <span class='ocrx_word' id='word_1_149' title='bbox 1266 1235 1306 1262; x_wconf 77' lang='lat'><strong>2⁴</strong></span> <span class='ocrx_word' id='word_1_150' title='bbox 1322 1232 1540 1271; x_wconf 79' lang='lat' dir='ltr'><strong>Conserva</strong></span> 
     </span>
     <span class='ocr_line' id='line_1_20' title="bbox 107 1291 1539 1347; baseline -0.002 -19"><span class='ocrx_word' id='word_1_151' title='bbox 107 1298 149 1329; x_wconf 87' lang='lat' dir='ltr'><strong>te</strong></span> <span class='ocrx_word' id='word_1_152' title='bbox 178 1291 312 1332; x_wconf 85' lang='lat' dir='ltr'><strong>mihi:</strong></span> <span class='ocrx_word' id='word_1_153' title='bbox 344 1292 433 1331; x_wconf 85' lang='lat' dir='ltr'><strong>dies</strong></span> <span class='ocrx_word' id='word_1_154' title='bbox 468 1294 773 1347; x_wconf 83' lang='lat' dir='ltr'><strong>promissorum</strong></span> <span class='ocrx_word' id='word_1_155' title='bbox 809 1292 952 1332; x_wconf 83' lang='lat' dir='ltr'><strong>adest:</strong></span> <span class='ocrx_word' id='word_1_156' title='bbox 985 1305 1111 1346; x_wconf 83' lang='lat' dir='ltr'><strong>quem</strong></span> <span class='ocrx_word' id='word_1_157' title='bbox 1150 1291 1278 1330; x_wconf 78' lang='lat' dir='ltr'><strong>etiam</strong></span> <span class='ocrx_word' id='word_1_158' title='bbox 1308 1300 1539 1343; x_wconf 72' lang='lat' dir='ltr'><strong>rcpraesen-</strong></span> 
     </span>
     <span class='ocr_line' id='line_1_21' title="bbox 107 1343 1539 1403; baseline -0.002 -17"><span class='ocrx_word' id='word_1_159' title='bbox 107 1346 225 1397; x_wconf 85' lang='lat' dir='ltr'>tabo,</span> <span class='ocrx_word' id='word_1_160' title='bbox 268 1348 300 1387; x_wconf 89' lang='lat' dir='ltr'><strong>si</strong></span> <span class='ocrx_word' id='word_1_161' title='bbox 343 1348 579 1390; x_wconf 83' lang='lat' dir='ltr'><strong>adveneris,</strong></span> <span class='ocrx_word' id='word_1_162' title='bbox 641 1348 784 1390; x_wconf 85' lang='lat' dir='ltr'><strong>Etiam</strong></span> <span class='ocrx_word' id='word_1_163' title='bbox 828 1359 956 1403; x_wconf 83' lang='lat' dir='ltr'><strong>atque</strong></span> <span class='ocrx_word' id='word_1_164' title='bbox 998 1349 1127 1388; x_wconf 77' lang='lat' dir='ltr'><strong>etiam</strong></span> <span class='ocrx_word' id='word_1_165' title='bbox 1170 1345 1277 1387; x_wconf 77' lang='lat' dir='ltr'><strong>vale.</strong></span> <span class='ocrx_word' id='word_1_166' title='bbox 1353 1360 1398 1386; x_wconf 91' lang='lat' dir='ltr'><strong>1v</strong></span> <span class='ocrx_word' id='word_1_167' title='bbox 1436 1343 1539 1384; x_wconf 80' lang='lat' dir='ltr'><strong>Idus</strong></span> 
     </span>
     <span class='ocr_line' id='line_1_22' title="bbox 108 1401 297 1445; baseline 0.011 -2"><span class='ocrx_word' id='word_1_168' title='bbox 108 1401 214 1444; x_wconf 80' lang='lat' dir='ltr'><strong>hora</strong></span> <span class='ocrx_word' id='word_1_169' title='bbox 235 1417 297 1445; x_wconf 79' lang='lat' dir='ltr'><strong>vi.</strong></span> 
     </span>
     <span class='ocr_line' id='line_1_23' title="bbox 620 1456 1605 1499; baseline -0.006 0"><span class='ocrx_word' id='word_1_170' title='bbox 620 1461 1023 1499; x_wconf 81' lang='lat' dir='ltr'><strong>ARGUMENTUM.</strong></span> <span class='ocrx_word' id='word_1_171' title='bbox 1558 1456 1605 1493; x_wconf 81' lang='lat'><strong>15</strong></span> 
     </span>
    </p>
   </div>
   <div class='ocr_carea' id='block_1_7' title="bbox 106 1522 1541 1715">
    <p class='ocr_par' dir='ltr' id='par_1_7' title="bbox 106 1522 1541 1715">
     <span class='ocr_line' id='line_1_24' title="bbox 285 1522 1360 1571; baseline -0.003 -11"><span class='ocrx_word' id='word_1_172' title='bbox 285 1524 399 1560; x_wconf 80' lang='lat' dir='ltr'><strong>Suam</strong></span> <span class='ocrx_word' id='word_1_173' title='bbox 418 1525 462 1561; x_wconf 80' lang='lat' dir='ltr'><strong>de</strong></span> <span class='ocrx_word' id='word_1_174' title='bbox 484 1525 626 1560; x_wconf 79' lang='lat' dir='ltr'><strong>Tironis</strong></span> <span class='ocrx_word' id='word_1_175' title='bbox 644 1526 851 1561; x_wconf 78' lang='lat' dir='ltr'><strong>valetudine</strong></span> <span class='ocrx_word' id='word_1_176' title='bbox 867 1525 1148 1560; x_wconf 69' lang='lat' dir='ltr'><strong>sollicitudinem</strong></span> <span class='ocrx_word' id='word_1_177' title='bbox 1166 1522 1360 1571; x_wconf 79' lang='lat' dir='ltr'><strong>significat.</strong></span> 
     </span>
     <span class='ocr_line' id='line_1_25' title="bbox 467 1590 1177 1632; baseline -0.001 0"><span class='ocrx_word' id='word_1_178' title='bbox 467 1590 534 1632; x_wconf 88' lang='lat' dir='ltr'><strong>M.</strong></span> <span class='ocrx_word' id='word_1_179' title='bbox 557 1590 608 1632; x_wconf 90' lang='lat' dir='ltr'><strong>T.</strong></span> <span class='ocrx_word' id='word_1_180' title='bbox 633 1591 686 1632; x_wconf 87' lang='lat' dir='ltr'><strong>C.</strong></span> <span class='ocrx_word' id='word_1_181' title='bbox 718 1591 940 1632; x_wconf 83' lang='lat' dir='ltr'><strong>TIRONI</strong></span> <span class='ocrx_word' id='word_1_182' title='bbox 974 1592 1018 1632; x_wconf 86' lang='lat' dir='ltr'><strong>S.</strong></span> <span class='ocrx_word' id='word_1_183' title='bbox 1044 1591 1094 1632; x_wconf 87' lang='lat' dir='ltr'><strong>P.</strong></span> <span class='ocrx_word' id='word_1_184' title='bbox 1120 1590 1177 1631; x_wconf 89' lang='lat' dir='ltr'><strong>D.</strong></span> 
     </span>
     <span class='ocr_line' id='line_1_26' title="bbox 106 1646 1541 1715; baseline -0.002 -15"><span class='ocrx_word' id='word_1_185' title='bbox 106 1646 390 1700; x_wconf 88' lang='lat' dir='ltr'><strong>AEGYPTA</strong></span> <span class='ocrx_word' id='word_1_186' title='bbox 412 1659 465 1699; x_wconf 87' lang='lat' dir='ltr'><strong>ad</strong></span> <span class='ocrx_word' id='word_1_187' title='bbox 490 1673 557 1700; x_wconf 87' lang='lat' dir='ltr'><strong>me</strong></span> <span class='ocrx_word' id='word_1_188' title='bbox 580 1659 696 1699; x_wconf 88' lang='lat' dir='ltr'><strong>venit</strong></span> <span class='ocrx_word' id='word_1_189' title='bbox 719 1659 855 1715; x_wconf 84' lang='lat' dir='ltr'><strong>pridie</strong></span> <span class='ocrx_word' id='word_1_190' title='bbox 880 1659 979 1700; x_wconf 87' lang='lat' dir='ltr'><strong>Idus</strong></span> <span class='ocrx_word' id='word_1_191' title='bbox 1003 1657 1187 1714; x_wconf 80' lang='lat' dir='ltr'><strong>Apriles,</strong></span> <span class='ocrx_word' id='word_1_192' title='bbox 1250 1654 1292 1695; x_wconf 90' lang='lat' dir='ltr'><strong>Is</strong></span> <span class='ocrx_word' id='word_1_193' title='bbox 1325 1654 1403 1696; x_wconf 85' lang='lat' dir='ltr'><strong>etsi</strong></span> <span class='ocrx_word' id='word_1_194' title='bbox 1435 1653 1541 1697; x_wconf 81' lang='lat' dir='ltr'><strong>mihi</strong></span> 
     </span>
    </p>
   </div>
   <div class='ocr_carea' id='block_1_8' title="bbox 102 1712 1618 2340">
    <p class='ocr_par' dir='ltr' id='par_1_8' title="bbox 102 1712 1618 2340">
     <span class='ocr_line' id='line_1_27' title="bbox 106 1712 1541 1771; baseline -0.005 -14"><span class='ocrx_word' id='word_1_195' title='bbox 106 1716 339 1765; x_wconf 83' lang='lat' dir='ltr'><strong>nuntiavit,</strong></span> <span class='ocrx_word' id='word_1_196' title='bbox 375 1725 416 1756; x_wconf 85' lang='lat' dir='ltr'><strong>te</strong></span> <span class='ocrx_word' id='word_1_197' title='bbox 451 1716 576 1771; x_wconf 86' lang='lat' dir='ltr'><strong>plane</strong></span> <span class='ocrx_word' id='word_1_198' title='bbox 614 1716 722 1756; x_wconf 88' lang='lat' dir='ltr'><strong>febri</strong></span> <span class='ocrx_word' id='word_1_199' title='bbox 760 1730 917 1767; x_wconf 84' lang='lat' dir='ltr'><strong>carere,</strong></span> <span class='ocrx_word' id='word_1_200' title='bbox 948 1726 991 1756; x_wconf 86' lang='lat' dir='ltr'><strong>et</strong></span> <span class='ocrx_word' id='word_1_201' title='bbox 1027 1712 1134 1756; x_wconf 83' lang='lat' dir='ltr'><strong>belle</strong></span> <span class='ocrx_word' id='word_1_202' title='bbox 1171 1713 1349 1753; x_wconf 82' lang='lat' dir='ltr'><strong>habere:</strong></span> <span class='ocrx_word' id='word_1_203' title='bbox 1383 1721 1541 1762; x_wconf 86' lang='lat' dir='ltr'><strong>tamen,</strong></span> 
     </span>
     <span class='ocr_line' id='line_1_28' title="bbox 105 1767 1542 1828; baseline -0.004 -16"><span class='ocrx_word' id='word_1_204' title='bbox 105 1772 223 1826; x_wconf 92' lang='lat' dir='ltr'><strong>quod</strong></span> <span class='ocrx_word' id='word_1_205' title='bbox 246 1772 420 1828; x_wconf 84' lang='lat' dir='ltr'><strong>negavit</strong></span> <span class='ocrx_word' id='word_1_206' title='bbox 444 1783 484 1812; x_wconf 87' lang='lat' dir='ltr'><strong>te</strong></span> <span class='ocrx_word' id='word_1_207' title='bbox 510 1772 698 1828; x_wconf 80' lang='lat' dir='ltr'><strong>potuisse</strong></span> <span class='ocrx_word' id='word_1_208' title='bbox 723 1773 774 1813; x_wconf 86' lang='lat' dir='ltr'><strong>ad</strong></span> <span class='ocrx_word' id='word_1_209' title='bbox 806 1787 873 1813; x_wconf 90' lang='lat' dir='ltr'><strong>me</strong></span> <span class='ocrx_word' id='word_1_210' title='bbox 895 1773 1094 1822; x_wconf 86' lang='lat' dir='ltr'><strong>scribere,</strong></span> <span class='ocrx_word' id='word_1_211' title='bbox 1125 1784 1270 1811; x_wconf 82' lang='lat' dir='ltr'><strong>euram</strong></span> <span class='ocrx_word' id='word_1_212' title='bbox 1301 1767 1405 1808; x_wconf 84' lang='lat' dir='ltr'><strong>mihi</strong></span> <span class='ocrx_word' id='word_1_213' title='bbox 1428 1777 1542 1808; x_wconf 86' lang='lat' dir='ltr'><strong>attu-</strong></span> 
     </span>
     <span class='ocr_line' id='line_1_29' title="bbox 106 1824 1541 1885; baseline -0.004 -16"><span class='ocrx_word' id='word_1_214' title='bbox 106 1828 172 1880; x_wconf 86' lang='lat' dir='ltr'><strong>lit,</strong></span> <span class='ocrx_word' id='word_1_215' title='bbox 205 1839 248 1869; x_wconf 90' lang='lat' dir='ltr'><strong>et</strong></span> <span class='ocrx_word' id='word_1_216' title='bbox 282 1843 333 1869; x_wconf 88' lang='lat' dir='ltr'><strong>eo</strong></span> <span class='ocrx_word' id='word_1_217' title='bbox 367 1830 519 1885; x_wconf 83' lang='lat' dir='ltr'><strong>magis,</strong></span> <span class='ocrx_word' id='word_1_218' title='bbox 562 1829 677 1884; x_wconf 90' lang='lat' dir='ltr'><strong>quod</strong></span> <span class='ocrx_word' id='word_1_219' title='bbox 719 1828 913 1880; x_wconf 85' lang='lat' dir='ltr'><strong>Hermia,</strong></span> <span class='ocrx_word' id='word_1_220' title='bbox 950 1843 1078 1883; x_wconf 88' lang='lat' dir='ltr'><strong>quem</strong></span> <span class='ocrx_word' id='word_1_221' title='bbox 1111 1826 1261 1868; x_wconf 90' lang='lat' dir='ltr'><strong>eodem</strong></span> <span class='ocrx_word' id='word_1_222' title='bbox 1295 1825 1364 1865; x_wconf 87' lang='lat' dir='ltr'><strong>die</strong></span> <span class='ocrx_word' id='word_1_223' title='bbox 1399 1824 1541 1864; x_wconf 82' lang='lat' dir='ltr'><strong>venire</strong></span> 
     </span>
     <span class='ocr_line' id='line_1_30' title="bbox 106 1881 1540 1942; baseline -0.005 -15"><span class='ocrx_word' id='word_1_224' title='bbox 106 1895 370 1942; x_wconf 83' lang='lat' dir='ltr'><strong>oportuerat,</strong></span> <span class='ocrx_word' id='word_1_225' title='bbox 409 1900 493 1926; x_wconf 92' lang='lat' dir='ltr'><strong>non</strong></span> <span class='ocrx_word' id='word_1_226' title='bbox 527 1895 713 1926; x_wconf 86' lang='lat' dir='ltr'><strong>venerat.</strong></span> <span class='ocrx_word' id='word_1_227' title='bbox 764 1885 1012 1927; x_wconf 86' lang='lat' dir='ltr'><strong>Incredibili</strong></span> <span class='ocrx_word' id='word_1_228' title='bbox 1048 1899 1140 1925; x_wconf 90' lang='lat' dir='ltr'><strong>sum</strong></span> <span class='ocrx_word' id='word_1_229' title='bbox 1167 1881 1455 1923; x_wconf 87' lang='lat' dir='ltr'><strong>sollicitudine</strong></span> <span class='ocrx_word' id='word_1_230' title='bbox 1487 1881 1540 1921; x_wconf 92' lang='lat' dir='ltr'><strong>de</strong></span> 
     </span>
     <span class='ocr_line' id='line_1_31' title="bbox 102 1937 1538 1997; baseline -0.003 -15"><span class='ocrx_word' id='word_1_231' title='bbox 102 1950 177 1984; x_wconf 86' lang='lat' dir='ltr'><strong>tua</strong></span> <span class='ocrx_word' id='word_1_232' title='bbox 209 1942 467 1984; x_wconf 86' lang='lat' dir='ltr'><strong>valitudine:</strong></span> <span class='ocrx_word' id='word_1_233' title='bbox 499 1957 584 1997; x_wconf 86' lang='lat' dir='ltr'><strong>qua</strong></span> <span class='ocrx_word' id='word_1_234' title='bbox 607 1943 639 1982; x_wconf 91' lang='lat' dir='ltr'><strong>si</strong></span> <span class='ocrx_word' id='word_1_235' title='bbox 670 1956 735 1982; x_wconf 87' lang='lat' dir='ltr'><strong>me</strong></span> <span class='ocrx_word' id='word_1_236' title='bbox 765 1942 971 1993; x_wconf 81' lang='lat' dir='ltr'><strong>liberaris,</strong></span> <span class='ocrx_word' id='word_1_237' title='bbox 993 1956 1075 1997; x_wconf 84' lang='lat' dir='ltr'><strong>ego</strong></span> <span class='ocrx_word' id='word_1_238' title='bbox 1107 1950 1148 1980; x_wconf 89' lang='lat' dir='ltr'><strong>te</strong></span> <span class='ocrx_word' id='word_1_239' title='bbox 1170 1939 1286 1980; x_wconf 89' lang='lat' dir='ltr'><strong>omni</strong></span> <span class='ocrx_word' id='word_1_240' title='bbox 1310 1951 1412 1979; x_wconf 86' lang='lat' dir='ltr'><strong>cura</strong></span> <span class='ocrx_word' id='word_1_241' title='bbox 1433 1937 1538 1978; x_wconf 89' lang='lat' dir='ltr'><strong>libe-</strong></span> 
     </span>
     <span class='ocr_line' id='line_1_32' title="bbox 105 1994 1538 2055; baseline -0.005 -15"><span class='ocrx_word' id='word_1_242' title='bbox 105 1998 226 2040; x_wconf 67' lang='lat' dir='ltr'><strong>rabo.</strong></span> <span class='ocrx_word' id='word_1_243' title='bbox 289 1998 417 2039; x_wconf 83' lang='lat' dir='ltr'><strong>Plura</strong></span> <span class='ocrx_word' id='word_1_244' title='bbox 439 2000 683 2049; x_wconf 80' lang='lat' dir='ltr'><strong>scriberem,</strong></span> <span class='ocrx_word' id='word_1_245' title='bbox 708 1999 739 2039; x_wconf 85' lang='lat' dir='ltr'><strong>si</strong></span> <span class='ocrx_word' id='word_1_246' title='bbox 765 1999 857 2053; x_wconf 85' lang='lat' dir='ltr'><strong>jam</strong></span> <span class='ocrx_word' id='word_1_247' title='bbox 892 2009 1102 2055; x_wconf 77' lang='lat' dir='ltr'><strong>putarem,</strong></span> <span class='ocrx_word' id='word_1_248' title='bbox 1130 1997 1310 2037; x_wconf 83' lang='lat' dir='ltr'><strong>libenter</strong></span> <span class='ocrx_word' id='word_1_249' title='bbox 1333 2004 1374 2034; x_wconf 93' lang='lat' dir='ltr'><strong>te</strong></span> <span class='ocrx_word' id='word_1_250' title='bbox 1398 1994 1538 2049; x_wconf 82' lang='lat' dir='ltr'><strong>legere</strong></span> 
     </span>
     <span class='ocr_line' id='line_1_33' title="bbox 103 2051 1537 2114; baseline -0.005 -17"><span class='ocrx_word' id='word_1_251' title='bbox 103 2070 245 2114; x_wconf 85' lang='lat' dir='ltr'><strong>posse.</strong></span> <span class='ocrx_word' id='word_1_252' title='bbox 307 2054 535 2111; x_wconf 81' lang='lat' dir='ltr'><strong>Ingenium</strong></span> <span class='ocrx_word' id='word_1_253' title='bbox 560 2067 696 2107; x_wconf 85' lang='lat' dir='ltr'><strong>tuum,</strong></span> <span class='ocrx_word' id='word_1_254' title='bbox 718 2056 833 2111; x_wconf 88' lang='lat' dir='ltr'><strong>quod</strong></span> <span class='ocrx_word' id='word_1_255' title='bbox 855 2071 937 2112; x_wconf 86' lang='lat' dir='ltr'><strong>ego</strong></span> <span class='ocrx_word' id='word_1_256' title='bbox 960 2055 1138 2095; x_wconf 82' lang='lat' dir='ltr'><strong>maximi</strong></span> <span class='ocrx_word' id='word_1_257' title='bbox 1162 2053 1289 2102; x_wconf 84' lang='lat' dir='ltr'><strong>facio,</strong></span> <span class='ocrx_word' id='word_1_258' title='bbox 1314 2051 1462 2092; x_wconf 83' lang='lat' dir='ltr'><strong>confer</strong></span> <span class='ocrx_word' id='word_1_259' title='bbox 1483 2051 1537 2091; x_wconf 83' lang='lat' dir='ltr'><strong>ad</strong></span> 
     </span>
     <span class='ocr_line' id='line_1_34' title="bbox 105 2108 1536 2168; baseline -0.005 -14"><span class='ocrx_word' id='word_1_260' title='bbox 105 2123 148 2154; x_wconf 82' lang='lat' dir='ltr'><strong>te</strong></span> <span class='ocrx_word' id='word_1_261' title='bbox 167 2113 275 2154; x_wconf 84' lang='lat' dir='ltr'><strong>mihi</strong></span> <span class='ocrx_word' id='word_1_262' title='bbox 299 2113 465 2168; x_wconf 88' lang='lat' dir='ltr'><strong>tibique</strong></span> <span class='ocrx_word' id='word_1_263' title='bbox 484 2115 837 2154; x_wconf 87' lang='lat' dir='ltr'><strong>conservandum.</strong></span> <span class='ocrx_word' id='word_1_264' title='bbox 899 2112 1015 2153; x_wconf 79' lang='lat' dir='ltr'><strong>Cura</strong></span> <span class='ocrx_word' id='word_1_265' title='bbox 1037 2120 1078 2152; x_wconf 86' lang='lat' dir='ltr'><strong>te</strong></span> <span class='ocrx_word' id='word_1_266' title='bbox 1105 2110 1234 2152; x_wconf 86' lang='lat' dir='ltr'><strong>etiam</strong></span> <span class='ocrx_word' id='word_1_267' title='bbox 1257 2118 1385 2163; x_wconf 83' lang='lat' dir='ltr'><strong>atque</strong></span> <span class='ocrx_word' id='word_1_268' title='bbox 1405 2108 1536 2148; x_wconf 85' lang='lat' dir='ltr'><strong>etiam</strong></span> 
     </span>
     <span class='ocr_line' id='line_1_35' title="bbox 104 2164 1535 2225; baseline -0.005 -15"><span class='ocrx_word' id='word_1_269' title='bbox 104 2169 347 2225; x_wconf 86' lang='lat' dir='ltr'><strong>diligenter.</strong></span> <span class='ocrx_word' id='word_1_270' title='bbox 409 2170 526 2210; x_wconf 89' lang='lat' dir='ltr'><strong>Vale.</strong></span> <span class='ocrx_word' id='word_1_271' title='bbox 587 2170 758 2225; x_wconf 84' lang='lat' dir='ltr'><strong>Scripta</strong></span> <span class='ocrx_word' id='word_1_272' title='bbox 788 2169 881 2224; x_wconf 87' lang='lat' dir='ltr'><strong>jam</strong></span> <span class='ocrx_word' id='word_1_273' title='bbox 931 2167 1128 2225; x_wconf 86' lang='lat' dir='ltr'><strong>epistola,</strong></span> <span class='ocrx_word' id='word_1_274' title='bbox 1182 2166 1363 2207; x_wconf 87' lang='lat' dir='ltr'><strong>Hermia</strong></span> <span class='ocrx_word' id='word_1_275' title='bbox 1404 2164 1535 2205; x_wconf 85' lang='lat' dir='ltr'><strong>venit.</strong></span> 
     </span>
     <span class='ocr_line' id='line_1_36' title="bbox 104 2222 1618 2282; baseline -0.006 -14"><span class='ocrx_word' id='word_1_276' title='bbox 104 2226 269 2282; x_wconf 88' lang='lat' dir='ltr'><strong>Ac&#39;cepi</strong></span> <span class='ocrx_word' id='word_1_277' title='bbox 292 2236 409 2266; x_wconf 86' lang='lat' dir='ltr'><strong>tuam</strong></span> <span class='ocrx_word' id='word_1_278' title='bbox 432 2226 673 2282; x_wconf 81' lang='lat' dir='ltr'><strong>epistolam,</strong></span> <span class='ocrx_word' id='word_1_279' title='bbox 698 2225 993 2267; x_wconf 79' lang='lat' dir='ltr'><strong>vacillantibus</strong></span> <span class='ocrx_word' id='word_1_280' title='bbox 1015 2223 1238 2265; x_wconf 87' lang='lat' dir='ltr'><strong>litterulis:</strong></span> <span class='ocrx_word' id='word_1_281' title='bbox 1271 2236 1348 2262; x_wconf 89' lang='lat' dir='ltr'><strong>nec</strong></span> <span class='ocrx_word' id='word_1_282' title='bbox 1368 2222 1586 2271; x_wconf 82' lang='lat' dir='ltr'><strong>mirum‚b.</strong></span> <span class='ocrx_word' id='word_1_283' title='bbox 1616 2238 1618 2240; x_wconf 97' lang='lat'>·</span> 
     </span>
     <span class='ocr_line' id='line_1_37' title="bbox 105 2278 1537 2340; baseline -0.005 -16"><span class='ocrx_word' id='word_1_284' title='bbox 105 2293 195 2326; x_wconf 84' lang='lat' dir='ltr'><strong>tam</strong></span> <span class='ocrx_word' id='word_1_285' title='bbox 225 2283 346 2340; x_wconf 89' lang='lat' dir='ltr'><strong>gravi</strong></span> <span class='ocrx_word' id='word_1_286' title='bbox 377 2284 544 2325; x_wconf 87' lang='lat' dir='ltr'><strong>morbo.</strong></span> <span class='ocrx_word' id='word_1_287' title='bbox 606 2281 702 2340; x_wconf 81' lang='lat' dir='ltr'><strong>Ego</strong></span> <span class='ocrx_word' id='word_1_288' title='bbox 736 2283 788 2324; x_wconf 84' lang='lat' dir='ltr'><strong>ad</strong></span> <span class='ocrx_word' id='word_1_289' title='bbox 819 2293 860 2324; x_wconf 86' lang='lat' dir='ltr'><strong>te</strong></span> <span class='ocrx_word' id='word_1_290' title='bbox 894 2282 1133 2339; x_wconf 78' lang='lat' dir='ltr'><strong>AEgyptam</strong></span> <span class='ocrx_word' id='word_1_291' title='bbox 1166 2280 1277 2331; x_wconf 85' lang='lat' dir='ltr'><strong>misi,</strong></span> <span class='ocrx_word' id='word_1_292' title='bbox 1309 2278 1425 2332; x_wconf 89' lang='lat' dir='ltr'><strong>quod</strong></span> <span class='ocrx_word' id='word_1_293' title='bbox 1459 2292 1537 2318; x_wconf 89' lang='lat' dir='ltr'><strong>nec</strong></span> 
     </span>
    </p>
   </div>
   <div class='ocr_carea' id='block_1_9' title="bbox 98 2426 1545 2889">
    <p class='ocr_par' dir='ltr' id='par_1_9' title="bbox 98 2426 1545 2889">
     <span class='ocr_line' id='line_1_38' title="bbox 143 2426 1152 2467; baseline -0.005 -6"><span class='ocrx_word' id='word_1_294' title='bbox 143 2430 182 2461; x_wconf 72' lang='lat'><strong>21</strong></span> <span class='ocrx_word' id='word_1_295' title='bbox 197 2428 244 2458; x_wconf 87' lang='lat' dir='ltr'><strong>ad</strong></span> <span class='ocrx_word' id='word_1_296' title='bbox 260 2426 444 2467; x_wconf 70' lang='lat' dir='ltr'><strong>Ummium]</strong></span> <span class='ocrx_word' id='word_1_297' title='bbox 461 2428 514 2458; x_wconf 83' lang='lat' dir='ltr'><strong>Sic</strong></span> <span class='ocrx_word' id='word_1_298' title='bbox 529 2438 546 2459; x_wconf 85' lang='lat' dir='ltr'><strong>e</strong></span> <span class='ocrx_word' id='word_1_299' title='bbox 562 2429 642 2460; x_wconf 81' lang='lat' dir='ltr'><strong>Mss.</strong></span> <span class='ocrx_word' id='word_1_300' title='bbox 659 2428 801 2467; x_wconf 83' lang='lat' dir='ltr'><strong>antiquis</strong></span> <span class='ocrx_word' id='word_1_301' title='bbox 844 2431 913 2458; x_wconf 86' lang='lat' dir='ltr'><strong>tem</strong></span> <span class='ocrx_word' id='word_1_302' title='bbox 928 2430 1152 2457; x_wconf 80' lang='lat' dir='ltr'><strong>consueverat.</strong></span> 
     </span>
     <span class='ocr_line' id='line_1_39' title="bbox 104 2463 1542 2509; baseline -0.006 -8"><span class='ocrx_word' id='word_1_303' title='bbox 104 2469 193 2501; x_wconf 85' lang='lat' dir='ltr'><strong>dedit</strong></span> <span class='ocrx_word' id='word_1_304' title='bbox 208 2470 390 2500; x_wconf 83' lang='lat' dir='ltr'><strong>Victorius:</strong></span> <span class='ocrx_word' id='word_1_305' title='bbox 408 2475 485 2500; x_wconf 84' lang='lat' dir='ltr'><strong>ante</strong></span> <span class='ocrx_word' id='word_1_306' title='bbox 499 2471 532 2500; x_wconf 89' lang='lat' dir='ltr'><strong>in</strong></span> <span class='ocrx_word' id='word_1_307' title='bbox 548 2471 622 2501; x_wconf 86' lang='lat' dir='ltr'><strong>edd.</strong></span> <span class='ocrx_word' id='word_1_308' title='bbox 637 2475 708 2501; x_wconf 73' lang='lat' dir='ltr'><strong>erat</strong></span> <span class='ocrx_word' id='word_1_309' title='bbox 722 2470 800 2500; x_wconf 72' lang='lat' dir='ltr'><strong>Mu-</strong></span> <span class='ocrx_word' id='word_1_310' title='bbox 887 2472 926 2501; x_wconf 75' lang='lat'><strong>23</strong></span> <span class='ocrx_word' id='word_1_311' title='bbox 949 2473 985 2499; x_wconf 81' lang='lat' dir='ltr'><strong>ut</strong></span> <span class='ocrx_word' id='word_1_312' title='bbox 1001 2478 1131 2509; x_wconf 81' lang='lat' dir='ltr'><strong>corpore</strong></span> <span class='ocrx_word' id='word_1_313' title='bbox 1149 2466 1260 2507; x_wconf 78' lang='lat' dir='ltr'><strong>possis]</strong></span> <span class='ocrx_word' id='word_1_314' title='bbox 1285 2465 1371 2505; x_wconf 74' lang='lat' dir='ltr'><strong>Quia</strong></span> <span class='ocrx_word' id='word_1_315' title='bbox 1395 2463 1542 2507; x_wconf 75' lang='lat' dir='ltr'><strong>clausula</strong></span> 
     </span>
     <span class='ocr_line' id='line_1_40' title="bbox 101 2508 1542 2549; baseline -0.006 -6"><span class='ocrx_word' id='word_1_316' title='bbox 101 2513 219 2549; x_wconf 83' lang='lat' dir='ltr'><strong>mium,</strong></span> <span class='ocrx_word' id='word_1_317' title='bbox 232 2511 511 2542; x_wconf 76' lang='lat' dir='ltr'><strong>velMammiam.</strong></span> <span class='ocrx_word' id='word_1_318' title='bbox 549 2512 611 2543; x_wconf 87' lang='lat' dir='ltr'><strong>Sed</strong></span> <span class='ocrx_word' id='word_1_319' title='bbox 632 2512 801 2543; x_wconf 78' lang='lat' dir='ltr'><strong>Ummium</strong></span> <span class='ocrx_word' id='word_1_320' title='bbox 844 2511 1023 2543; x_wconf 85' lang='lat' dir='ltr'><strong>hexametri</strong></span> <span class='ocrx_word' id='word_1_321' title='bbox 1047 2516 1109 2547; x_wconf 84' lang='lat' dir='ltr'><strong>est,</strong></span> <span class='ocrx_word' id='word_1_322' title='bbox 1132 2510 1245 2540; x_wconf 84' lang='lat' dir='ltr'><strong>malim</strong></span> <span class='ocrx_word' id='word_1_323' title='bbox 1267 2508 1367 2547; x_wconf 64' lang='lat' dir='ltr'><strong>possi-s*</strong></span> <span class='ocrx_word' id='word_1_324' title='bbox 1393 2515 1542 2545; x_wconf 49' lang='lat' dir='ltr'><strong>cor-parm</strong></span> 
     </span>
     <span class='ocr_line' id='line_1_41' title="bbox 103 2548 1542 2593; baseline -0.005 -9"><span class='ocrx_word' id='word_1_325' title='bbox 103 2558 184 2593; x_wconf 85' lang='lat' dir='ltr'><strong>puto</strong></span> <span class='ocrx_word' id='word_1_326' title='bbox 207 2563 275 2584; x_wconf 87' lang='lat' dir='ltr'><strong>esse</strong></span> <span class='ocrx_word' id='word_1_327' title='bbox 302 2559 510 2584; x_wconf 81' lang='lat' dir='ltr'><strong>contractum</strong></span> <span class='ocrx_word' id='word_1_328' title='bbox 526 2565 564 2584; x_wconf 85' lang='lat' dir='ltr'><strong>ex</strong></span> <span class='ocrx_word' id='word_1_329' title='bbox 586 2554 800 2584; x_wconf 70' lang='lat' dir='ltr'><strong>Ummidium.</strong></span> <span class='ocrx_word' id='word_1_330' title='bbox 843 2559 879 2584; x_wconf 87' lang='lat' dir='ltr'><strong>et</strong></span> <span class='ocrx_word' id='word_1_331' title='bbox 906 2555 951 2584; x_wconf 87' lang='lat' dir='ltr'><strong>sic</strong></span> <span class='ocrx_word' id='word_1_332' title='bbox 981 2554 1080 2583; x_wconf 85' lang='lat' dir='ltr'><strong>etiarn</strong></span> <span class='ocrx_word' id='word_1_333' title='bbox 1104 2557 1269 2582; x_wconf 79' lang='lat' dir='ltr'><strong>structura</strong></span> <span class='ocrx_word' id='word_1_334' title='bbox 1290 2556 1340 2579; x_wconf 85' lang='lat' dir='ltr'><strong>est</strong></span> <span class='ocrx_word' id='word_1_335' title='bbox 1363 2548 1542 2584; x_wconf 80' lang='lat' dir='ltr'><strong>venustior,</strong></span> 
     </span>
     <span class='ocr_line' id='line_1_42' title="bbox 101 2592 1335 2637; baseline -0.004 -12"><span class='ocrx_word' id='word_1_336' title='bbox 101 2594 263 2636; x_wconf 84' lang='lat' dir='ltr'><strong>Nuspiam</strong></span> <span class='ocrx_word' id='word_1_337' title='bbox 291 2594 436 2626; x_wconf 78' lang='lat' dir='ltr'><strong>Ummios</strong></span> <span class='ocrx_word' id='word_1_338' title='bbox 464 2597 581 2637; x_wconf 82' lang='lat' dir='ltr'><strong>reperi,</strong></span> <span class='ocrx_word' id='word_1_339' title='bbox 609 2602 644 2627; x_wconf 84' lang='lat' dir='ltr'><strong>at</strong></span> <span class='ocrx_word' id='word_1_340' title='bbox 674 2595 801 2627; x_wconf 75' lang='lat' dir='ltr'><strong>Ummi-</strong></span> <span class='ocrx_word' id='word_1_341' title='bbox 845 2603 977 2626; x_wconf 74' lang='lat' dir='ltr'><strong>mutato</strong></span> <span class='ocrx_word' id='word_1_342' title='bbox 993 2592 1335 2625; x_wconf 82' lang='lat' dir='ltr'><strong>antithetorumloco.</strong></span> 
     </span>
     <span class='ocr_line' id='line_1_43' title="bbox 104 2631 1538 2672; baseline -0.006 -5"><span class='ocrx_word' id='word_1_343' title='bbox 104 2637 183 2667; x_wconf 79' lang='lat' dir='ltr'><strong>dios.</strong></span> <span class='ocrx_word' id='word_1_344' title='bbox 887 2640 928 2669; x_wconf 70' lang='lat'><strong>24</strong></span> <span class='ocrx_word' id='word_1_345' title='bbox 955 2637 1111 2668; x_wconf 73' lang='lat' dir='ltr'><strong>Conserva</strong></span> <span class='ocrx_word' id='word_1_346' title='bbox 1128 2640 1158 2665; x_wconf 83' lang='lat' dir='ltr'><strong>te</strong></span> <span class='ocrx_word' id='word_1_347' title='bbox 1181 2633 1273 2672; x_wconf 74' lang='lat' dir='ltr'><strong>mihi]</strong></span> <span class='ocrx_word' id='word_1_348' title='bbox 1303 2631 1450 2672; x_wconf 78' lang='lat' dir='ltr'><strong>Epistola</strong></span> <span class='ocrx_word' id='word_1_349' title='bbox 1466 2640 1538 2670; x_wconf 88' lang='lat' dir='ltr'><strong>pro-</strong></span> 
     </span>
     <span class='ocr_line' id='line_1_44' title="bbox 145 2672 1542 2718; baseline -0.006 -8"><span class='ocrx_word' id='word_1_350' title='bbox 145 2681 186 2710; x_wconf 75' lang='lat'><strong>22</strong></span> <span class='ocrx_word' id='word_1_351' title='bbox 218 2683 293 2710; x_wconf 77' lang='lat' dir='ltr'><strong>tuas</strong></span> <span class='ocrx_word' id='word_1_352' title='bbox 322 2681 435 2711; x_wconf 79' lang='lat' dir='ltr'><strong>literas</strong></span> <span class='ocrx_word' id='word_1_353' title='bbox 474 2684 506 2710; x_wconf 79' lang='lat' dir='ltr'><strong>ec</strong></span> <span class='ocrx_word' id='word_1_354' title='bbox 543 2679 799 2718; x_wconf 76' lang='lat' dir='ltr'><strong>humanitatem]</strong></span> <span class='ocrx_word' id='word_1_355' title='bbox 846 2679 930 2710; x_wconf 86' lang='lat' dir='ltr'><strong>xime</strong></span> <span class='ocrx_word' id='word_1_356' title='bbox 957 2682 1113 2718; x_wconf 75' lang='lat' dir='ltr'><strong>sequente</strong></span> <span class='ocrx_word' id='word_1_357' title='bbox 1139 2677 1222 2707; x_wconf 80' lang='lat' dir='ltr'><strong>dixit</strong></span> <span class='ocrx_word' id='word_1_358' title='bbox 1248 2676 1305 2705; x_wconf 81' lang='lat' dir='ltr'><strong>tibi</strong></span> <span class='ocrx_word' id='word_1_359' title='bbox 1327 2678 1357 2703; x_wconf 78' lang='lat' dir='ltr'><strong>et</strong></span> <span class='ocrx_word' id='word_1_360' title='bbox 1375 2674 1466 2703; x_wconf 68' lang='lat' dir='ltr'><strong>milti.</strong></span> <span class='ocrx_word' id='word_1_361' title='bbox 1490 2672 1542 2702; x_wconf 87' lang='lat' dir='ltr'><strong>hic</strong></span> 
     </span>
     <span class='ocr_line' id='line_1_45' title="bbox 102 2714 1545 2762; baseline -0.006 -11"><span class='ocrx_word' id='word_1_362' title='bbox 102 2719 346 2762; x_wconf 81' lang='lat' dir='ltr'><strong>Philosophiam</strong></span> <span class='ocrx_word' id='word_1_363' title='bbox 374 2727 409 2753; x_wconf 86' lang='lat' dir='ltr'><strong>et</strong></span> <span class='ocrx_word' id='word_1_364' title='bbox 444 2732 552 2752; x_wconf 86' lang='lat' dir='ltr'><strong>rerum</strong></span> <span class='ocrx_word' id='word_1_365' title='bbox 582 2722 802 2753; x_wconf 81' lang='lat' dir='ltr'><strong>humanarum</strong></span> <span class='ocrx_word' id='word_1_366' title='bbox 846 2725 980 2762; x_wconf 87' lang='lat' dir='ltr'><strong>propter</strong></span> <span class='ocrx_word' id='word_1_367' title='bbox 991 2720 1160 2758; x_wconf 84' lang='lat' dir='ltr'><strong>sequentia</strong></span> <span class='ocrx_word' id='word_1_368' title='bbox 1174 2718 1281 2757; x_wconf 82' lang='lat' dir='ltr'><strong>aptius</strong></span> <span class='ocrx_word' id='word_1_369' title='bbox 1296 2715 1407 2752; x_wconf 83' lang='lat' dir='ltr'><strong>fuerit,</strong></span> <span class='ocrx_word' id='word_1_370' title='bbox 1422 2720 1460 2744; x_wconf 88' lang='lat' dir='ltr'><strong>ut</strong></span> <span class='ocrx_word' id='word_1_371' title='bbox 1473 2714 1545 2753; x_wconf 88' lang='lat' dir='ltr'><strong>opi-</strong></span> 
     </span>
     <span class='ocr_line' id='line_1_46' title="bbox 101 2756 1544 2801; baseline -0.005 -9"><span class='ocrx_word' id='word_1_372' title='bbox 101 2762 294 2801; x_wconf 73' lang='lat' dir='ltr'><strong>scientiam;</strong></span> <span class='ocrx_word' id='word_1_373' title='bbox 322 2765 527 2797; x_wconf 77' lang='lat' dir='ltr'><strong>humanitate</strong></span> <span class='ocrx_word' id='word_1_374' title='bbox 552 2770 664 2795; x_wconf 85' lang='lat' dir='ltr'><strong>tamen</strong></span> <span class='ocrx_word' id='word_1_375' title='bbox 687 2769 720 2794; x_wconf 81' lang='lat' dir='ltr'><strong>et</strong></span> <span class='ocrx_word' id='word_1_376' title='bbox 746 2763 803 2794; x_wconf 83' lang='lat' dir='ltr'><strong>Ti·</strong></span> <span class='ocrx_word' id='word_1_377' title='bbox 847 2772 920 2801; x_wconf 88' lang='lat' dir='ltr'><strong>nor,</strong></span> <span class='ocrx_word' id='word_1_378' title='bbox 949 2771 1101 2793; x_wconf 79' lang='lat' dir='ltr'><strong>conserva</strong></span> <span class='ocrx_word' id='word_1_379' title='bbox 1128 2766 1158 2790; x_wconf 75' lang='lat' dir='ltr'><strong>ie</strong></span> <span class='ocrx_word' id='word_1_380' title='bbox 1183 2760 1259 2789; x_wconf 79' lang='lat' dir='ltr'><strong>tibi.-</strong></span> <span class='ocrx_word' id='word_1_381' title='bbox 1281 2758 1348 2788; x_wconf 77' lang='lat' dir='ltr'><strong>dies</strong></span> <span class='ocrx_word' id='word_1_382' title='bbox 1370 2756 1544 2797; x_wconf 81' lang='lat' dir='ltr'><strong>promisso-</strong></span> 
     </span>
     <span class='ocr_line' id='line_1_47' title="bbox 102 2798 1544 2846; baseline -0.006 -11"><span class='ocrx_word' id='word_1_383' title='bbox 102 2805 191 2835; x_wconf 74' lang='lat' dir='ltr'><strong>tonis</strong></span> <span class='ocrx_word' id='word_1_384' title='bbox 219 2805 399 2836; x_wconf 82' lang='lat' dir='ltr'><strong>moderatio</strong></span> <span class='ocrx_word' id='word_1_385' title='bbox 426 2806 568 2846; x_wconf 85' lang='lat' dir='ltr'><strong>intelligi</strong></span> <span class='ocrx_word' id='word_1_386' title='bbox 593 2811 713 2846; x_wconf 85' lang='lat' dir='ltr'><strong>potest,</strong></span> <span class='ocrx_word' id='word_1_387' title='bbox 737 2815 802 2844; x_wconf 83' lang='lat' dir='ltr'><strong>qua</strong></span> <span class='ocrx_word' id='word_1_388' title='bbox 847 2815 918 2835; x_wconf 88' lang='lat' dir='ltr'><strong>rum</strong></span> <span class='ocrx_word' id='word_1_389' title='bbox 941 2810 1001 2840; x_wconf 79' lang='lat' dir='ltr'><strong>est,</strong></span> <span class='ocrx_word' id='word_1_390' title='bbox 1023 2813 1087 2842; x_wconf 90' lang='lat' dir='ltr'><strong>quo</strong></span> <span class='ocrx_word' id='word_1_391' title='bbox 1111 2803 1162 2832; x_wconf 84' lang='lat' dir='ltr'><strong>die</strong></span> <span class='ocrx_word' id='word_1_392' title='bbox 1185 2802 1372 2833; x_wconf 77' lang='lat' dir='ltr'><strong>libertatem</strong></span> <span class='ocrx_word' id='word_1_393' title='bbox 1394 2808 1427 2830; x_wconf 79' lang='lat' dir='ltr'><strong>se</strong></span> <span class='ocrx_word' id='word_1_394' title='bbox 1449 2798 1544 2829; x_wconf 74' lang='lat' dir='ltr'><strong>datu·</strong></span> 
     </span>
     <span class='ocr_line' id='line_1_48' title="bbox 98 2846 1140 2889; baseline -0.002 -11"><span class='ocrx_word' id='word_1_395' title='bbox 98 2855 150 2878; x_wconf 81' lang='lat' dir='ltr'><strong>res</strong></span> <span class='ocrx_word' id='word_1_396' title='bbox 171 2846 332 2879; x_wconf 79' lang='lat' dir='ltr'><strong>humanas</strong></span> <span class='ocrx_word' id='word_1_397' title='bbox 358 2848 442 2880; x_wconf 73' lang='lat' dir='ltr'><strong>ferre</strong></span> <span class='ocrx_word' id='word_1_398' title='bbox 469 2849 504 2879; x_wconf 87' lang='lat' dir='ltr'><strong>in</strong></span> <span class='ocrx_word' id='word_1_399' title='bbox 526 2855 700 2889; x_wconf 78' lang='lat' dir='ltr'><strong>utramque</strong></span> <span class='ocrx_word' id='word_1_400' title='bbox 728 2856 802 2889; x_wconf 85' lang='lat' dir='ltr'><strong>par·</strong></span> <span class='ocrx_word' id='word_1_401' title='bbox 845 2857 919 2878; x_wconf 87' lang='lat' dir='ltr'><strong>rum</strong></span> <span class='ocrx_word' id='word_1_402' title='bbox 935 2846 1140 2888; x_wconf 74' lang='lat' dir='ltr'><strong>promiserat.</strong></span> 
     </span>
    </p>
   </div>
   <div class='ocr_carea' id='block_1_10' title="bbox 769 2895 889 2933">
    <p class='ocr_par' dir='ltr' id='par_1_10' title="bbox 769 2895 889 2933">
     <span class='ocr_line' id='line_1_49' title="bbox 769 2895 889 2933; baseline -0.008 -1"><span class='ocrx_word' id='word_1_403' title='bbox 769 2895 889 2933; x_wconf 71' lang='lat' dir='ltr'><strong>Ee3</strong></span> 
     </span>
    </p>
   </div>
  </div>
 </body>
</html>
