1865 3223
481 104 560 143 AD
587 105 630 142 c,
658 101 914 141 CASSIUM
940 100 1016 138 ET
1032 100 1228 139 Amos,
1502 105 1586 140 323:
1627 89 1634 94 ’

149 222 243 250 mus
265 209 318 251 ad
339 208 455 260 illud,
480 200 591 248 unde
612 205 876 248 divertimus.
911 203 1094 259 Accipio
1119 204 1439 244 excusationem
1463 213 1579 246 tuam

149 267 202 307 de
236 266 505 322 Sempronio.
544 263 830 318 neque-enim
853 261 1001 302 statuti
1024 260 1194 314 quid.in
1217 269 1335 301 tanta
1355 263 1580 316 perturba-

150 323 266 364 tione
299 323 455 364 habere
487 320 681 378 potuisti.
743 318 872 359 Nunc
905 318 975 358 hic
1008 317 1096 358 dies
1123 317 1247 357 aliam
1274 317 1403 357 vitam
1427 316 1579 369 defert,

149 380 254 421 alios
292 394 430 421 mores
469 376 669 435 postulat,
706 384 753 416 ut
775 374 836 416 ait
870 372 1109 415 Terentius.
1171 374 1480 424 Quamobrem,
1520 375 1579 415 mi

150 436 329 487 Quinte,
350 433 587 478 conscende
614 432 852 481 nobiscum,
874 442 917 472 et
939 431 1109 486 quidem
1143 430 1195 471 ad
1229 430 1423 486 puppim.
1484 430 1580 472 Una

150 494 270 534 naVis
291 504 354 534 est
369 494 462 548 jam
485 492 692 532 bonorum
718 490 934 530 omnium:
966 503 1094 544 quam
1117 487 1287 543 quidem
1322 502 1399 527 nos
1429 487 1579 528 damus

147 555 338 606 operam,
360 559 406 590 ut
425 557 582 589 rectam
607 548 839 588 teneamus,
865 545 1025 586 utinam
1059 559 1261 601 prospero
1293 545 1437 585 cursu!
1495 544 1580 586 Sed

148 608 407 662 quicumque
428 605 544 648 venti
575 614 714 653 erunt,
736 617 801 643 ars
831 613 978 643 nostra
1003 612 1117 643 certe
1140 616 1223 642 non
1248 601 1399 642 aberit.
1461 600 1580 647 Quid

148 664 260 705 enim
284 665 486 720 praestare
508 661 621 702 aliud
645 662 778 701 virtus
800 662 970 716 potest?
1000 657 1063 699 Tu
1087 658 1153 699 fac
1176 672 1333 714 magno
1357 657 1500 699 animo
1522 659 1580 699 sis

147 729 190 761 et
226 719 410 771 excelso,
443 719 708 775 cogitesque,
746 731 917 758 omnem
953 716 1208 771 dignitatem
1245 725 1362 756 tuam
1395 729 1493 756 cum
1515 730 1582 756 re-

145 776 319 832 publica
339 777 616 831 conjunctam
638 789 728 815 esse
750 774 919 814 debere.
974 772 1024 814 P.
1051 773 1281 814 Lucceium
1308 771 1413 812 mihi
1438 786 1581 813 meum

146 833 446 875 commendas:
478 847 620 887 quem,
653 831 995 887 quibuscumque
1034 831 1158 871 rebus
1198 839 1363 885 potero,
1398 828 1582 886 diligen-

146 900 210 931 ter
242 892 406 932 tuebor.
471 887 666 930 Hirtium
687 888 859 943 quidem
882 897 925 928 ct
957 887 1157 936 Pansam,
1179 886 1364 942 collegas
1397 897 1581 937 nostros,

145 947 342 988 homines
365 948 406 987 in
429 946 652 988 consulatu
676 944 923 1000 reipublicae
947 944 1165 994 salutares,
1189 943 1327 994 alieno
1351 958 1451 984 sane
1474 953 1582 984 tem-

147 1019 251 1059 pore
281 1005 517 1054 amisimus,
540 1002 759 1059 republica
780 1002 1029 1042 Antoniano
1062 1001 1235 1056 quidem
1271 1000 1497 1041 latrocinio
1531 1000 1580 1040 li-

106 1076 109 1081 ’
149 1063 309 1111 beram,
333 1061 405 1102 sed
438 1061 627 1102 nondum
662 1059 840 1099 omnino
875 1058 1115 1114 explicata:
1148 1072 1277 1113 quam
1310 1072 1401 1108 n03,
1424 1058 1457 1098 si
1480 1056 1582 1098 lice-

149 1119 227 1169 bit,
262 1133 378 1159 more
417 1128 562 1158 nostro
603 1117 833 1167 tuebimur,
865 1129 1125 1170 quamquam
1164 1115 1395 1155 admodum
1435 1129 1581 1155 sumus

143 1176 235 1230 jain
268 1175 509 1230 defatigati.
572 1173 654 1214 Sed
677 1173 803 1219 ,nulla
838 1172 1042 1212 lassitudo
1075 1172 1283 1225 impedire
1312 1171 1504 1212 officium
1538 1180 1582 1213 et

149 1232 276 1273 fidem
297 1233 438 1273 debet.
463 1231 621 1272 Verum
644 1229 738 1282 haec
761 1231 980 1269 hactenus.
1005 1228 1076 1268 Ab
1098 1228 1191 1267 aliis
1214 1237 1255 1268 te
1277 1228 1330 1269 de
1351 1242 1434 1278 me,
1453 1242 1582 1283 quam

148 1304 172 1329 a
205 1304 272 1330 me
308 1290 416 1344 ipso,
440 1287 550 1329 malo
588 1299 862 1332 cognoscere.
926 1284 995 1326 De
1028 1287 1075 1325 te'
1100 1284 1378 1325 audiebamus
1399 1284 1462 1334 ea,
1485 1300 1582 1340 quae

147 1347 336 1387 maxime
368 1345 584 1385 vellemus.
643 1329 715 1383 De
747 1341 829 1383 Cn.
854 1341 1071 1391 Minucio,
1092 1356 1220 1395 quem
1253 1354 1298 1382 tu
1325 1342 1584 1396 quibusdam

146 1402 299 1443 litteris
321 1402 373 1442 ad
397 1401 547 1442 caelum
571 1399 769 1441 laudibus
791 1398 1001 1449 extulisti,
1024 1412 1213 1439 rumores
1236 1399 1426 1439 duriores
1449 1409 1583 1440 erant.

148 1457 200 1500 Id
222 1458 347 1514 quale
369 1459 438 1510 sit,
461 1457 741 1512 omninoque,
760 1456 862 1512 quid
887 1455 983 1497 istic
1010 1464 1178 1511 agatur,
1202 1455 1334 1497 facias
1368 1470 1435 1496 me
1457 1455 1585 1498 velim

148 1526 390 1558 certiorem.

661 1597 1067 1638 ARGUMENTUM.
1593 1597 1649 1639 QG

281 1667 440 1704 Heredes
463 1666 505 1707 Q.
531 1664 633 1701 Turii
652 1666 695 1701 de
713 1665 812 1700 bonis
831 1666 868 1700 in
887 1664 1018 1714 Africa
1036 1665 1186 1707 relictis,
1205 1666 1442 1701 commendat.

468 1731 703 1774 CICERO
735 1731 1111 1773 CORNIFICIO
1144 1732 1187 1773 S.
1212 1732 1268 1773 D.

151 1791 221 1853 Q.
243 1807 572 1863 TURIUS,qui
596 1807 638 1848 in
662 1805 812 1847 Africa
833 1806 1079 1862 negotiatus
1102 1817 1180 1857 est,
1198 1806 1261 1847 vir
1286 1807 1421 1847 bonus
1444 1816 1487 1847 et
1508 1806 1586 1847 ho-

149 1874 312 1916 nestus,
352 1865 528 1907 heredes
565 1863 669 1905 fecit
709 1863 868 1904 similes
910 1863 990 1913 sui,
1025 1863 1107 1904 Cn.
1151 1863 1446 1915 Saturninum,
1483 1863 1586 1905 Sex.

148 1922 390 1974 Aufidium,
418 1922 470 1963 C.
503 1921 736 1972 Anneium,
771 1921 827 1967 Q.
859 1918 1115 1961 Considium
1143 1918 1333 1972 Gallum,
1368 1921 1417 1962 L.
1444 1921 1586 1962 Servi-

146 1978 252 2020 lium
288 1979 558 2030 Postumum,
590 1977 641 2019 C.
676 1977 938 2018 Rubellium.
969 1992 1023 2018 ex
1054 1991 1204 2018 eorum
1234 1978 1428 2019 oratione
1459 1978 1584 2019 intel-

148 2035 251 2088 lexi,
272 2036 505 2092 gratiarum
528 2035 698 2076 actione
729 2048 801 2076 eos
824 2035 961 2090 magis
988 2048 1131 2090 egere,
1158 2050 1286 2090 quam
1309 2036 1583 2076 commenda·
1594 2041 1626 2072 b.

148 2093 281 2134 tione.
333 2092 480 2144 ,Tanta
499 2093 613 2133 enim
638 2091 893 2133 liberalitate
915 2106 958 2132 sc
982 2103 1055 2133 tua
1081 2106 1179 2132 usos
1204 2092 1513 2147 praedicabant,
1537 2103 1585 2133 ut

148 2150 202 2190 iis
234 2149 327 2206 plus
357 2166 382 2191 a
414 2160 456 2191 te
486 2150 696 2190 tributum
729 2148 1027 2204 intelligerem,
1049 2163 1178 2203 quam
1209 2163 1292 2205 ego
1321 2161 1362 2190 te
1384 2150 1586 2190 auderem

147 2221 314 2263 rogare.
373 2206 556 2256 Audebo
578 2215 736 2251 tamen.
768 2206 858 2246 scio
885 2206 1018 2257 enim5
1037 2216 1246 2261 quantum
1272 2207 1469 2262 ponderis
1493 2222 1588 2247 mea

149 2264 468 2306 commendatio
498 2263 553 2304 sit
581 2263 795 2304 habitura.
856 2263 1002 2309 Quare
1023 2278 1048 2302 a
1072 2272 1117 2303 te
1135 2273 1252 2319 peto,
1275 2277 1321 2304 ut
1345 2265 1396 2304 ad
1420 2278 1513 2305 eain
1536 2264 1587 2304 li-

149 2320 434 2373 beralitatem,
456 2335 541 2376 qua
571 2321 661 2361 sine
691 2319 797 2360 meis
826 2319 980 2374 litteris
1008 2334 1109 2360 usus
1138 2334 1197 2370 es,
1220 2335 1348 2375 quam
1372 2322 1586 2362 maximus

149 2377 217 2420 his
238 2377 392 2419 litteris
422 2377 618 2420 cumulus
648 2376 840 2420 accedat.
901 2376 1218 2433 Caputhautem
1243 2388 1308 2418 est
1339 2393 1446 2419 meae
1468 2392 1587 2419 com-

148 2435 452 2486 mendationis,
483 2449 538 2476 ne
570 2434 749 2491 patiare,
782 2432 959 2474 Erotem
992 2433 1187 2485 Turium,
1220 2434 1279 2481 Q.
1308 2434 1426 2476 Turii
1460 2435 1588 2475 liber-

151 2498 258 2543 tum,
276 2501 330 2534 ut
358 2492 498 2533 adhuc
521 2491 640 2543 fecit,
669 2494 708 2525 87
723 2491 1005 2532 hereditatem
1035 2491 1267 2533 Turianam
1292 2502 1496 2542 avertere,
1518 2505 1587 2532 ce-

140 2549 336 2604 terisque
373 2549 574 2590 omnibus
620 2549 745 2590 rebus
796 2547 955 2589 habeas
1006 2563 1079 2590 eos
1126 2550 1587 2590 commendatissimos.

152 2604 364 2662 Magnam
385 2617 440 2648 ex
459 2620 606 2647 eorum
630 2605 854 2662 splendore
872 2615 916 2646 et
933 2605 1208 2647 observantia
1225 2607 1368 2661 capies
1392 2605 1587 2662 volupta-

151 2673 254 2703 tem.
297 2663 428 2710 Quod
449 2673 497 2705 ut
521 2663 637 2716 velis,
660 2672 702 2704 te
727 2662 999 2710 veliementer
1015 2664 1146 2704 etiam
1166 2673 1295 2718 atque
1313 2663 1443 2704 etiam
1465 2677 1587 2719 rogo.

190 2805 226 2836 ΒΤ
253 2803 670 2843 hereditatem—avertere]
687 2812 731 2833 sc.
748 2803 844 2843 pecu·
889 2803 979 2832 mine
998 2807 1031 2839 et
1051 2801 1241 2832 retinendis.
1285 2802 1368 2834 Erat
1388 2810 1590 2843 procurator

149 2845 211 2876 niis
239 2845 369 2876 creditis
393 2846 488 2877 Turii
511 2845 677 2885 exigendis
701 2853 761 2876 suo
789 2854 848 2875 no-
892 2845 1040 2883 Q.Turi'i
1056 2845 1087 2874 in
1105 2844 1225 2874 Africa.

834 2900 862 2927 Y
888 2893 913 2927 2
