1865 3223
418 93 499 132 AD
524 89 887 131 TERENTIAM
914 89 1186 131 UXOREM.
1440 95 1516 130 381

89 205 133 239 tu
157 198 254 249 deo,
273 196 634 253 quemadmodum
657 193 779 244 soles,
802 193 872 250 pie
892 202 936 234 et
956 201 1072 236 caste
1102 194 1353 245 satisfacias,
1376 194 1417 235 id
1440 205 1518 246 est,

87 254 279 310 Apollini
301 264 345 295 et
363 252 626 308 AEsculapiO.
687 250 855 291 Navem
872 264 994 307 spero
1018 264 1096 291 nos
1119 250 1239 291 valde
1262 252 1418 292 bonam
1443 251 1514 291 ha·

90 312 220 352 bere:
258 311 302 351 in
329 325 422 352 eam
447 307 701 362 simulatque
732 307 977 357 conscendi,
999 307 1094 348 haec
1124 307 1287 361 scripsi.
1349 307 1518 348 Deinde

88 369 356 408 conscribam
387 368 438 408 ad
470 373 636 406 nostros
669 364 898 406 familiares
928 364 1082 405 multas
1112 363 1328 417 epistolaS,
1361 365 1517 419 quibus

90 433 132 465 te
153 434 197 465 et
217 424 440 465 Tulliolam
466 432 654 463 nostram
685 421 1013 477 diligentissime
1043 420 1369 461 commendabo.
1430 421 1518 461 Co-

87 479 280 522 hortarer
302 495 390 531 vos,
421 494 507 534 quo
526 479 681 519 *animo
714 478 891 519 fortiore
921 478 1084 527 essetis,
1107 478 1187 518 nisi
1221 492 1295 518 vos
1318 476 1516 517 fortiores

88 552 357 594 cognossem,
385 550 512 592 quain
545 549 801 590 quemquam
833 537 986 576 virum.
1047 533 1103 575 Et
1133 544 1274 575 tamen
1305 533 1518 588 ejusmodi

89 609 212 650 spero
248 594 422 650 negotia
455 607 559 643 esse,
594 602 639 633 ut
669 602 713 633 et
745 607 820 633 vos
849 593 946 633 istic
976 591 1323 632 commodissime
1354 603 1518 645 sperem

88 665 192 702 esse,
214 661 256 692 et
278 664 345 691 me
367 650 595 704 aliquando
626 664 723 690 cum
753 649 962 690 similibus
993 649 1126 689 nostri
1158 651 1198 678 30
1212 647 1650 703 rempublicamawv.

87 707 375 748 defensurum.
435 705 498 747 Tu
537 707 721 761 primum
759 705 1036 747 valitudinem
1070 716 1186 746 tuam
1219 704 1342 745 velim
1373 702 1562 745 curesza·

88 763 257 815 deinde,
281 764 357 804 tibi
383 763 415 804 si
442 763 669 814 videbitur,
699 763 807 803 villis
834 764 882 804 iis
907 772 1038 813 utere,
1060 776 1156 818 quae
1179 761 1427 818 longissime
1449 761 1524 801 ab·

91 830 215 862 erunt
247 836 271 861 a
303 820 525 861 militibus.
588 820 739 861 Fundo
773 819 970 876 Arpinati
1003 821 1110 860 bene
1142 820 1299 875 poteris
1334 819 1393 859 uti
1426 831 1525 858 cum

91 876 254 918 familia
281 879 457 928 urbana,
488 880 524 907 3¹
548 877 581 917 si
604 891 775 918 annona
805 877 942 918 carior
963 876 1107 917 fuerit.
1167 875 1321 918 Cicero
1347 874 1526 916 bellissi-

91 948 187 975 mus
221 935 299 975 tibi
335 934 511 975 salutem
545 933 772 990 plurimam
800 934 921 975 dicit.
951 933 1081 974 etiam
1109 942 1237 988 atque
1266 933 1395 974 etiam
1418 932 1525 973 vale.

95 989 152 1032 D.
176 1003 236 1032 111
260 989 361 1032 Idus
383 990 487 1033 Jun.

611 1078 1011 1116 ARGUMENTUM.
1536 1079 1561 1113 8

94 1141 290 1185 Hortatur,
309 1147 349 1178 ut
366 1143 607 1179 valetudinem
627 1147 738 1182 curet,
759 1144 841 1178 etsi
860 1143 948 1190 quid
967 1144 1062 1184 novi,
1079 1147 1210 1190 pergat
1228 1142 1391 1178 scribere.
1431 1140 1529 1176 Ante

588 1195 842 1230 Pharsalicam
859 1206 1031 1241 pugnam.

412 1260 479 1302 M.
501 1259 552 1301 T.
577 1261 627 1302 C.
659 1259 990 1301 TERENTIAE
1023 1259 1066 1301 S.
1093 1259 1142 1299 Ρ.
1167 1259 1225 1300 D.

98 1316 160 1369 SI
187 1328 312 1378 vales,
347 1329 453 1369 bene
485 1337 573 1369 est:
614 1342 697 1383 ego
731 1327 862 1369 valeo.
922 1327 1217 1369 Valitudinem
1253 1336 1372 1368 tuam
1404 1327 1531 1368 velim

96 1398 217 1425 cures
239 1385 581 1440 diligentissime.
644 1385 757 1425 Nam
788 1385 893 1426 mihi
924 1395 967 1426 et
989 1385 1195 1440 scriptum
1218 1393 1261 1424 et
1286 1384 1533 1425 nuntiatum

97 1451 178 1493 est,
209 1451 250 1482 te
285 1442 326 1482 in
362 1442 515 1482 febrim
546 1441 688 1482 subito
714 1442 929 1482 incidisse.
989 1441 1118 1488 Quod
1153 1440 1345 1482 celeriter
1373 1456 1442 1482 me
1471 1441 1534 1481 fe-

98 1498 194 1538 cisti
236 1498 289 1539 de
323 1498 505 1539 Caesaris
547 1498 700 1539 litteris
740 1498 981 1549 certiorem,
1017 1498 1157 1539 fecisti
1199 1497 1306 1538 mibi
1348 1507 1534 1554 gratum.

99 1553 211 1596 Item
242 1555 436 1610 posthac,
459 1556 492 1596 si
521 1556 624 1610 quid
654 1570 762 1611 opus
796 1556 890 1606 erit,
914 1556 947 1596 si
970 1555 1074 1610 quid
1103 1555 1309 1596 acciderit
1331 1555 1449 1605 novi,
1472 1554 1536 1596 fa-

98 1612 184 1653 cies
207 1621 255 1652 ut
276 1612 423 1653 sciam.
477 1611 606 1664 Cura,
628 1622 677 1653 ut
699 1611 852 1654 valeas.
903 1612 1023 1653 Vale.
1057 1611 1114 1653 D.
1139 1625 1223 1653 1111
1248 1611 1397 1653 Nonas
1415 1611 1520 1654 Jun.

616 1701 1019 1739 ARGUMENTUM.
1547 1710 1572 1746 9

100 1762 294 1814 Significat
329 1763 487 1800 dolorem
514 1776 617 1800 suum
644 1775 686 1800 ez·
712 1764 919 1800 Dolabella:
944 1765 1068 1811 generi
1094 1769 1130 1799 et
1165 1763 1293 1799 Tulliae
1318 1762 1536 1799 valetudine.

537 1816 627 1852 Post
641 1828 804 1864 pugnam
824 1816 1090 1852 Pharsalicam.

409 1880 476 1923 M.
499 1881 550 1924 T.
575 1882 626 1924 C.
661 1881 995 1924 TERENTIAE
1032 1883 1076 1924 S.
1102 1882 1152 1924 P.
1177 1881 1235 1923 D.

103 1941 202 1992 AD
224 1958 385 1990 ceteras
408 1963 522 1990 meas
539 1950 730 1991 miserias
749 1951 928 1992 accessit
950 1950 1072 1991 dolor
1092 1963 1115 1990 e
1131 1948 1368 1991 Dolabellae
1386 1949 1540 1990 valitu-

101 2005 215 2056 dine,
234 2015 277 2046 et
297 2005 465 2047 Tulliae.
526 2006 733 2058 Omnino,
756 2008 809 2049 de
828 2008 1028 2049 omnibus
1051 2007 1192 2058 rebus,
1212 2021 1290 2048 nec
1312 2006 1414 2062 quid
1437 2021 1540 2048 con-

103 2062 185 2103 silii
221 2064 404 2119 capiam,
443 2077 521 2104 nec
559 2064 662 2119 quid
699 2064 869 2115 faciam,
904 2065 1008 2106 scio.
1068 2063 1134 2105 Tu
1175 2063 1301 2105 velim
1341 2073 1457 2104 tuam
1496 2073 1541 2104 et

102 2118 255 2161 Tulliae
279 2119 556 2161 valitudinem
579 2135 716 2162 cures.
777 2121 895 2162 Vale.

620 2204 1023 2242 ARGUMENTUM.
1554 2217 1603 2252 10

112 2265 160 2303 Ut
187 2278 266 2302 cum
292 2267 432 2309 Attico,
451 2267 500 2302 ad
527 2279 631 2314 quem
656 2270 852 2316 scripserat
878 2268 1069 2303 consilium
1093 2278 1210 2309 suum,
1239 2272 1341 2315 agat,
1360 2268 1540 2304 admonet.

445 2319 566 2355 Tertio
585 2320 669 2356 belli
686 2332 794 2362 anno,
812 2320 950 2356 Caesare
967 2321 1146 2355 dictatore
1162 2319 1214 2356 ΙΙ.

333 2383 400 2425 M.
423 2384 473 2427 T.
499 2385 550 2427 C.
584 2385 916 2428 TERENTIAE
951 2385 1083 2428 SUAE
1115 2386 1158 2427 S.
1184 2385 1235 2427 P.
1258 2385 1316 2428 D.

103 2457 145 2487 32
160 2438 331 2502 QUID
352 2452 442 2493 fieri
465 2453 666 2509 placeret,
686 2455 836 2510 scripsi
855 2454 908 2495 ad
932 2452 1222 2510 Pomponium
1246 2455 1393 2503 serius,
1415 2466 1544 2508 quam

105 2509 312 2565 oportuit.
373 2508 485 2551 Cum
514 2524 566 2551 eo
602 2511 636 2552 si
666 2512 811 2553 locuta
840 2512 936 2563 eris,
966 2510 1195 2567 intelliges,
1217 2510 1320 2566 quid
1351 2509 1441 2551 fieri
1472 2523 1543 2550 ve-

148 2624 189 2652 30
209 2632 239 2651 r.
257 2619 481 2662 defensurum]
513 2623 565 2654 Sic
584 2623 656 2654 edd.
677 2634 725 2664 pr.
748 2623 806 2654 Vi·
848 2623 926 2654 dum
960 2625 1034 2655 erit.
1077 2624 1112 2654 Si
1144 2622 1354 2663 conjunctivo
1388 2621 1545 2653 voluisset

103 2664 227 2694 ctorius
241 2673 259 2693 e
274 2663 367 2696 libris
377 2664 569 2704 quibusdam
584 2675 647 2696 scr.
657 2664 805 2705 defensu-
847 2666 911 2702 uti,
927 2665 1059 2696 dixisset
1072 2666 1125 2696 sit.

103 2714 179 2743 ros;
200 2706 288 2744 quod
301 2707 455 2746 explicari
470 2711 580 2747 potest
602 2707 730 2738 dictum
745 2718 802 2748 per
887 2710 929 2739 32
951 2708 1046 2750 ‚Quid
1060 2706 1098 2747 f.
1121 2705 1188 2746 pL]
1235 2705 1354 2737 Nescio
1392 2704 1480 2736 unde
1509 2705 1545 2735 iu

103 2747 245 2787 synesin.
288 2747 351 2778 Sed
368 2754 419 2779 est
439 2749 634 2780 insolentius
652 2760 689 2781 ac
712 2750 800 2781 duri-
843 2748 916 2781 edd.
931 2760 996 2781 rec.
1012 2750 1055 2780 sit
1070 2748 1178 2790 Quod.
1202 2748 1290 2787 quod
1303 2753 1354 2778 est
1369 2747 1546 2778 manifeste

106 2797 158 2827 uS,
174 2798 271 2828 quam
287 2798 346 2828 pro
361 2790 421 2820 tali
435 2800 453 2820 e
478 2791 586 2822 istola.
845 2792 1013 2822 vitiosum.
1056 2789 1148 2822 Libri
1183 2798 1249 2823 scr.
1284 2794 1319 2822 et
1355 2788 1429 2821 edd.
1461 2794 1546 2820 vett.

152 2833 191 2863 31
215 2833 243 2862 n·
257 2841 293 2862 a.
316 2833 425 2862 carior
433 2801 563 2872 fliam]
588 2833 674 2866 Puto
695 2831 806 2873 legen·
849 2833 952 2875 Quid.
