1903 3218
453 102 542 140 AD
567 104 610 142 C
626 102 900 141 CASSIUM
909 102 995 139 ΕΤ
1019 100 1202 141 -ALIOS,
1477 106 1554 141 305

124 206 259 262 rique,
278 206 351 263 qui
377 221 460 248 una
491 222 589 253 cum
617 204 689 247 illo
717 220 742 246 a
772 205 991 262 republica
1009 205 1280 250 defecerunt:
1312 205 1466 261 quibus
1489 216 1552 248 ta·

120 276 216 304 men
231 263 283 305 ad
297 264 519 305 sanitatem
536 260 736 304 redeundi
751 274 849 304 ante
868 261 964 305 Kal
988 261 1209 327 Septemb.
1229 271 1416 318 potestas
1439 262 1554 306 facta

119 329 198 360 est.
259 320 398 362 Fortis
436 335 535 362 sane
566 329 751 374 senatnS,
773 320 898 360 2⁰sed
934 319 1123 372 maxima
1152 333 1246 375 spes
1270 319 1446 360 subsidii
1470 321 1548 362 tui.

121 374 287 418 Bellum
311 378 498 433 quidem,
528 391 626 418 cum
661 376 754 418 haec
787 366 1042 427 scribebam,
1075 391 1175 417 sane
1205 390 1407 431 magnum
1441 385 1546 427 erat,

120 434 277 474 scelere
297 444 353 475 et
361 434 534 476 levitate
558 433 726 490 Lepidi.
790 433 879 474 Nos
901 434 954 475 de
976 431 1201 474 Dolabella
1218 432 1425 488 quotidie,
1446 448 1543 488 quae

121 491 338 542 volumus,
359 491 578 532 audimus.
612 490 684 530 sed
701 489 842 531 adhuc
864 491 955 531 sine
974 490 1132 546 capite,
1154 491 1244 530 sine
1266 500 1454 540 auctore,
1475 504 1546 531 ru-

118 560 237 588 more
259 548 442 589 nuntio
478 547 607 593 Quod
629 561 728 588 cum
753 548 813 588 ita
832 557 957 599 esset,
966 557 1121 588 tamen
1144 546 1296 588 litteris
1319 548 1418 598 tuis,
1439 561 1544 601 quas

119 602 258 645 Nonis
296 601 404 644 Maii
437 617 491 644 ex
528 605 677 644 castris
710 605 829 645 datas
859 618 1173 660 acceperamus,
1205 605 1267 645 ita
1296 609 1587 659 persuasumb.

117 671 206 701 erat
227 660 409 712 civitati,
433 670 479 702 ut
513 661 629 701 illum
656 661 750 716 jam
777 675 1028 717 oppressum
1052 675 1199 702 omnes
1222 661 1505 702 arbitrarentr
1510 676 1544 712 r,

116 725 157 758 te
177 726 321 758 autem
343 718 385 758 in
408 717 574 759 Italiam
601 718 744 759 venire
764 733 862 759 cum
885 718 1103 770 exercitu:
1137 727 1198 769 ut,
1221 718 1254 758 si
1275 717 1369 759 haec
1384 732 1438 758 ex
1453 732 1548 760 sen-

115 774 269 814 tentia.
282 775 482 816 confecta
513 784 669 827 essent,
701 775 882 816 consilio
914 784 1043 830 atque
1075 775 1331 816 auctoritate
1353 784 1452 826 tua3
1482 776 1548 817 sin

116 831 220 884 quid
253 830 364 872 forte
395 832 647 884 titubatum,
678 842 726 874 ut
752 832 801 873 fit
831 833 874 873 in
908 832 1034 896 bello,
1068 833 1261 873 exercitu
1294 841 1368 873 tuo
1392 833 1547 874 nitere-

112 900 222 928 mur.
284 888 427 935 Quem
459 890 632 944 quidem
669 903 750 945 ego
776 890 1030 939 exercitum,
1052 889 1447 953 2¹quibuscumque
1470 904 1545 954 po-

112 954 203 985 tero
218 946 362 996 rebus,
383 947 562 997 ornabo,
583 945 707 1001 cujus
730 947 787 987 rei
805 956 895 987 tum
912 955 1080 1002 tempus
1098 947 1193 997 erit,
1206 960 1320 997 cum,
1333 946 1436 1001 quid
1449 947 1544 1002 opis

109 1001 360 1058 reipublicae
382 1002 574 1044 laturus
567 1017 600 1044 is
621 1004 836 1044 exercitus
855 1003 924 1054 sit,
947 1013 1020 1044 aut
1042 1003 1178 1058 quid
1161 1017 1255 1058 Jam
1279 1003 1455 1054 tulerit,-
1453 1018 1545 1045 no-

110 1066 203 1100 tum
225 1074 316 1100 esse
337 1061 536 1116 coeperit.
599 1060 710 1102 Nam
741 1061 880 1101 adhuc
910 1070 1076 1100 tantum
1097 1070 1275 1101 conatus
1297 1061 1545 1113 audiuntur,

110 1117 264 1170 optimi
288 1116 346 1157 illi
370 1118 543 1172 quidem
576 1126 620 1158 et
645 1117 974 1173 praeclarissimi,
996 1117 1068 1158 sed
1091 1127 1212 1172 gesta
1233 1131 1298 1158 res
1319 1127 1546 1174 exspecta-

108 1180 201 1215 tur:
233 1187 361 1229 quam
384 1174 557 1238 quidem
581 1176 762 1229 autJ'am
785 1188 874 1221 esse
893 1173 1093 1228 aliquam,
1091 1150 1183 1214 C'aut
1198 1175 1545 1230 appropinquare

108 1230 298 1272 confido.
357 1230 451 1272 Tua
475 1232 630 1272 virtute
658 1240 702 1272 et
737 1230 1034 1286 magnitudine
1055 1231 1187 1271 animi
1207 1231 1313 1270 nihil
1333 1241 1398 1272 est
1419 1233 1543 1273 nobi-

107 1284 205 1328 lius.
260 1285 420 1342 Itaque
441 1296 656 1342 optamus,
680 1296 727 1327 ut
749 1301 876 1341 quam
902 1287 1085 1342 primum
1111 1296 1152 1327 te
1184 1287 1226 1327 in
1253 1286 1378 1328 Italia
1399 1283 1544 1329 videa-

107 1356 217 1385 mus.
252 1345 560 1399 rempublicam
584 1358 661 1385 nos
689 1344 843 1384 habere
865 1344 1185 1394 arbitrabimur,
1209 1345 1242 1384 si
1268 1358 1341 1384 vos
1365 1344 1543 1386 habebi-

104 1413 215 1441 mus.
249 1400 460 1442 Praeclare
483 1415 734 1451 wceramus,
753 1401 833 1441 nisi
858 1400 1104 1456 spoliatum,
1128 1402 1349 1452 inermem,
1372 1401 1543 1458 fugien-

105 1465 192 1498 tem
216 1456 405 1522 Lepidus
427 1459 669 1513 recepisset
679 1457 935 1498 Antonium.
987 1457 1141 1512 Itaque
1163 1472 1397 1513 numquam
1421 1469 1542 1501 tanto

103 1514 206 1557 odio
224 1515 399 1560 civitati
422 1515 639 1557 Antonius
670 1514 768 1565 fuit,
791 1526 953 1569 quanto
975 1525 1039 1555 est
1063 1515 1266 1580 Lepidus.
1327 1515 1405 1556 Ille
1427 1518 1541 1566 enim

103 1585 172 1616 ex2
185 1571 430 1617 turbulenta
452 1571 684 1627 republica,
718 1571 787 1612 hic
808 1587 863 1613 ex
887 1586 991 1627 pace
1016 1581 1059 1612 et
1082 1573 1263 1614 victoria
1286 1572 1443 1614 bellum
1465 1589 1542 1627 exy-

103 1628 294 1673 citavit„
330 1628 452 1674 Huic
482 1629 706 1684 oppositos
727 1628 922 1670 consules
955 1628 1203 1685 designatos
1235 1629 1463 1672 habemus:
1495 1631 1541 1672 in

100 1685 259 1740 quibus
279 1695 351 1729 est
366 1700 523 1742 magna
545 1685 616 1726 illa
637 1685 809 1741 quidem
833 1700 943 1741 speS,
965 1686 1038 1726 sed
1057 1701 1215 1742 anceps
1234 1701 1350 1751 cura,
1366 1697 1541 1752 propter

103 1742 301 1787 incertos
311 1743 454 1787 exitus
479 1743 745 1806 pioelioiQum
807 1741 1021 1783 Persuade
1042 1743 1120 1783 tibi
1142 1744 1288 1798 igitur,
1314 1745 1355 1784 in
1377 1755 1418 1785 te
1435 1745 1541 1786 etin

103 1797 255 1845 Bruto
271 1809 355 1843 tuo
391 1813 482 1845 esse
517 1814 687 1843 omma:
723 1814 800 1839 vos
839 1800 1107 1855 exspectari:
1142 1799 1326 1841 Brutum
1365 1802 1537 1866 quidem

96 1855 192 1921 Jarn
217 1856 412 1912 jamque.
473 1856 657 1908 Quodsi,
679 1867 726 1897 ut
759 1871 898 1912 spero,
922 1858 1046 1898 victis
1073 1856 1270 1898 hostibus
1291 1859 1447 1909 nostris
1473 1873 1541 1900 ve-

99 1914 274 1955 neritis:
328 1924 470 1959 tamen
506 1915 764 1954 auctoritate
805 1925 944 1954 vestra
975 1917 1015 1945 2⁰
1016 1914 1277 1978 iespublica
1320 1926 1539 1971 exsurget,

101 1970 206 2017 etin
226 1970 308 2026 aliq
316 1985 369 2012 uo
393 1980 505 2012 statu
530 1970 740 2012 tolerabili
763 1972 986 2011 consistet.
1048 1971 1161 2012 Sunt
1179 1972 1293 2012 enim
1314 1974 1540 2027 permulta,

99 2027 256 2082 quibus
278 2028 360 2069 erit
383 2027 665 2079 medendum3
695 2028 864 2069 etiamsi
901 2028 1142 2083 respublica
1178 2028 1280 2069 satis
1307 2043 1400 2070 esse
1423 2030 1541 2072 vide-

102 2085 220 2130 bitur
241 2084 471 2133 sceleribus
496 2085 687 2126 hostium
710 2085 921 2134 liberata.
968 2084 1085 2126 Vale.

278 2187 283 2190 -
440 2176 465 2187 =
543 2187 545 2190 -
616 2172 1020 2211 ARGUMENTUM.
1502 2189 1504 2194 ·
1560 2173 1605 2208 ¹1

97 2228 134 2263 A
153 2226 280 2275 quibus
297 2229 420 2275 copias
436 2228 615 2275 acceperit
632 2227 830 2276 significat,
847 2239 955 2274 seque
971 2231 1006 2262 et
1026 2227 1284 2275 rempublicam
1301 2229 1538 2267 commendat.

267 2293 319 2335 C.
343 2293 590 2335 CASSIUS
624 2292 885 2343 PROCOS.
919 2293 986 2345 M.
1004 2293 1060 2345 Τ.
1085 2293 1136 2334 C.
1170 2294 1214 2335 S.
1239 2293 1289 2334 P.
1314 2293 1372 2336 D.
1548 2298 1670 2336 p.183.

95 2350 176 2405 SI
188 2361 349 2413 hvaleS,
368 2363 477 2406 bene
517 2368 606 2404 est:
639 2376 722 2417 ego
758 2361 933 2416 quidem
972 2361 1108 2404 valeo.
1145 2361 1222 2409 .1n
1262 2362 1431 2418 Syriam
1470 2379 1538 2405 me
1549 2349 1579 2369 δ’

98 2418 342 2475 profectum
375 2434 475 2460 esse
498 2419 607 2460 seito
641 2419 694 2460 ad
730 2418 778 2459 L.
811 2417 1031 2460 Murcum
1056 2428 1099 2459 et
1133 2397 1193 2465 Q.
1216 2418 1434 2475 Crispum,
1458 2422 1538 2461 im-

97 2485 328 2532 perator-es
390 2476 483 2517 Viri
522 2475 653 2517 fortes
693 2475 934 2532 optimique
976 2476 1107 2527 cives,
1146 2486 1426 2534 posteaquam
1465 2492 1541 2518 au-

138 2591 189 2646 20
209 2615 269 2657 ced
293 2617 443 2648 maxima
461 2627 535 2658 spes
558 2618 644 2649 subs.
670 2616 710 2657 t.]
742 2617 796 2648 Sic
837 2618 1052 2649 consentiunt
1066 2618 1129 2648 Ms.
1144 2627 1249 2660 meus,
1263 2619 1327 2648 Gu.
1342 2619 1369 2648 1.
1379 2621 1411 2648 2.
1423 2617 1537 2650 etedd.

97 2647 257 2688 Graevius
251 2650 408 2690 malebat
431 2670 448 2690 e
473 2659 553 2690 Cod.
568 2669 644 2692 suo·
667 2670 728 2699 ego
746 2669 795 2690 re·
839 2670 890 2701 pr.
907 2660 1031 2699 Vulgo:
1049 2664 1196 2700 potuero

97 2699 168 2739 cepi
184 2699 279 2730 eMs.
296 2709 369 2731 meo
383 2707 418 2732 et
432 2701 504 2732 edd.
521 2712 570 2742 pr.
608 2702 706 2742 Vulg.
724 2711 795 2732 ma·
880 2705 920 2733 22
941 2711 1024 2742 resp.
1040 2701 1206 2741 exsurget]
1233 2702 1296 2732 Ms.
1319 2710 1409 2731 meus
1429 2712 1539 2733 resur-

92 2742 183 2771 xime
194 2749 286 2782 spes
298 2745 323 2772 t
737 2767 745 2771 .-
837 2749 904 2783 get.
947 2744 1130 2783 Vulgatum
1155 2745 1236 2774 bene
1257 2743 1370 2775 habet.
1386 2744 1535 2779 concide—

139 2785 178 2816 21
189 2783 459 2827 quibuscumque
468 2787 598 2826 potero]
636 2787 689 2818 Sic
718 2787 798 2817 scri·
841 2792 893 2818 rat
909 2796 980 2827 resp
983 2790 1216 2829 .--exsurget.

95 2818 259 2863 bendum,
268 2835 286 2855 e
302 2821 472 2858 latinitate
493 2836 624 2869 semper
639 2827 800 2869 judicavi.

156 2880 434 2910 1⁷01..111.P
464 2882 497 2910 1.
794 2885 823 2910 X
