1903 3218
324 88 401 124 264
608 108 613 114 r
713 83 891 122 EPIST.
920 82 1105 121 LIBER
1131 82 1403 131 DECIMUS

330 188 478 244 tuique
499 186 832 238 amantissimus,
865 196 907 227 te
935 201 1184 228 accusamus
1212 185 1423 241 quotidie.
1483 183 1675 227 Comitia
1697 192 1761 225 ta-

331 259 444 296 men,
468 245 672 300 4quando
708 259 762 285 ex
796 245 865 285 his
899 243 1073 300 pendes,
1106 254 1315 298 quantum
1349 242 1488 283 facere
1519 254 1761 297 possumus,

333 303 448 357 quod
471 302 616 343 multis
639 301 691 342 de
714 301 852 342 causis
875 300 1125 357 reipublicae
1147 302 1403 342 arbitramur
1431 299 1687 348 conducere,
1716 297 1761 337 in

334 358 586 400 Januarium
612 373 800 400 mensem
825 358 1129 414 protrudimus.
1192 358 1326 399 Vince
1349 356 1496 412 igitur,
1516 365 1559 395 et
1582 354 1688 395 vale.

269 444 319 483 27
851 445 1193 483 ARGUMENTU
1198 445 1254 482 M.

338 512 513 560 Lepidum
535 512 659 546 leviter
679 507 858 555 objurgat,
880 508 976 554 quod
993 509 1139 542 summis
1167 508 1357 544 honoribus
1386 512 1533 544 ornatus
1561 506 1604 542 ab
1622 508 1763 546 senatu,

388 566 529 611 gratias
561 574 629 597 non
661 561 797 607 egerit:
828 564 876 601 et,
901 570 944 594 ne
969 570 1092 606 pacem
1113 571 1192 594 cam
1211 560 1370 595 Antonio
1401 559 1594 595 conciliare
1609 558 1766 598 nitatur,

393 616 573 650 admonet.

732 660 967 703 CICERO
1001 659 1233 702 LEPIDO
1264 660 1390 701 SAL.

346 720 536 781 QUOD
576 729 697 780 mihi,
731 744 807 784 pro
846 742 1013 768 sumnia
1049 742 1151 783 erga
1189 738 1231 768 te
1263 727 1567 777 benivolentia,
1597 740 1767 782 magnae

343 802 458 828 curae
486 791 568 836 est,
602 796 648 826 ut
678 799 804 847 quam
838 784 1103 840 amplissima
1131 784 1343 839 dignitate
1365 785 1445 827 sis:
1478 784 1654 824 moleste
1677 782 1771 832 tuli,

345 854 387 885 te
409 843 575 884 senatui
597 849 756 897 gratias
777 856 863 883 non
886 842 1039 898 egisse,
1068 856 1167 882 cum
1189 855 1300 881 esses
1323 842 1377 881 ab
1405 855 1456 882 eo
1478 840 1627 881 ordine
1648 854 1772 880 orna-

346 911 413 941 tus
447 899 623 940 summis
656 898 908 940 honoribus.
969 898 1093 939 Pacis
1129 898 1238 938 inter
1270 897 1385 939 cives
1418 896 1700 939 conciliandae
1731 905 1773 936 te

344 957 548 1012 cupidum
569 969 674 1007 esse,
689 955 828 997 laetor,
873 958 890 985 5
907 954 1013 996 Eam
1033 956 1066 995 si
1087 969 1111 995 a
1127 955 1330 996 servitute
1347 954 1562 1010 sejunges,
1577 950 1773 994 consules

344 1024 387 1055 et
410 1012 659 1069 reipublicae
678 1021 722 1062 et
742 1012 947 1068 dignitati
971 1020 1081 1053 tuae:
1106 1011 1169 1052 sin
1193 1012 1275 1052 ista
1293 1026 1378 1067 pax
1404 1011 1615 1067 perditum
1634 1008 1774 1050 homi-

346 1085 444 1112 nem
467 1071 510 1110 in
534 1070 844 1130 possessionem
874 1068 1224 1124 impotentissimi
1253 1068 1498 1110 dominatus
1528 1067 1776 1128 restitutura}

215 1148 247 1180 p.
266 1138 425 1177 161.est,
443 1127 528 1167 hoc
549 1126 694 1167 animo
717 1126 737 1156 6
751 1125 859 1166 scito
882 1140 972 1166 esse
990 1139 1137 1166 omnes
1157 1140 1296 1176 sanOS,
1315 1134 1362 1166 ut
1380 1136 1561 1166 mortem
1581 1122 1776 1164 servituti

301 1191 625 1240 ³·anteponant.
651 1182 803 1238 Itaque
822 1183 1071 1237 sapientius,
1088 1196 1184 1223 meo
1202 1182 1374 1238 quidem
1390 1182 1575 1238 judicio,
1597 1183 1613 1214 ⁷
1631 1178 1777 1228 facies,

346 1243 381 1282 si
405 1251 446 1282 te
468 1241 512 1281 in
535 1241 659 1281 istam
682 1239 1026 1295 pacificationem
1052 1254 1135 1280 non
1160 1240 1422 1295 interpones,
1443 1254 1543 1294 quae,
1558 1249 1694 1293 neque
1711 1249 1776 1276 se-

345 1298 482 1348 natui,
519 1311 656 1351 neque
690 1296 864 1352 populo,
902 1311 980 1337 nec
1018 1297 1219 1351 cuiquam
1255 1297 1368 1337 bono
1410 1297 1631 1352 probatur.
1692 1292 1777 1334 Sed

344 1355 442 1396 haec
476 1354 622 1394 audies
655 1367 709 1393 ex
744 1353 852 1403 aliis,
886 1363 960 1394 aut
988 1353 1145 1394 certior
1177 1353 1250 1394 fies
1282 1352 1448 1394 litteris.
1507 1351 1573 1393 Tu
1605 1365 1682 1407 pro
1707 1360 1779 1390 tua

348 1411 591 1468 prudentia,
613 1409 716 1465 quid
737 1409 952 1465 optimum
977 1409 1094 1451 factu
1119 1410 1188 1460 sit,
1212 1409 1392 1451 videbis.

278 1510 332 1547 28
865 1498 1256 1535 ARGUMENTUM
1262 1527 1268 1534 .

348 1561 463 1598 Dolet
479 1573 517 1597 se
533 1573 604 1596 non
614 1560 735 1608 fuisse
749 1562 968 1609 participem
987 1559 1247 1607 conjurationis
1266 1563 1302 1597 in
1320 1561 1506 1604 Coesarem,
1524 1566 1563 1597 ut
1583 1560 1782 1597 Antonium

398 1625 472 1649 una
490 1615 758 1661 oppressissent,
781 1614 844 1660 qui
861 1625 954 1648 nunc
972 1613 1236 1649 tantas'turbas
1255 1615 1348 1649 cieat
1360 1630 1371 1649 .·
1402 1615 1529 1650 deinde
1545 1625 1649 1650 suum
1675 1612 1780 1649 liber-

401 1667 489 1702 tatis
508 1666 760 1713 recuperandoe
777 1666 936 1700 studium
958 1665 1131 1701 declarat.

695 1731 931 1773 CICERO
962 1730 1288 1773 TREBONIO
1320 1731 1444 1772 SAL.

357 1787 554 1849 QUAM
595 1798 747 1839 vellem
785 1799 837 1840 ad
873 1799 962 1839 illas
1003 1799 1307 1854 pulcherrimas
1343 1800 1489 1854 epulas
1527 1813 1594 1839 me
1636 1797 1786 1840 Idibus

355 1855 529 1896 Martiis
552 1856 800 1897 invitasses!
833 1855 1105 1909 reliquiarum
1135 1856 1239 1896 nihil
1263 1856 1530 1897 haberemus,
1589 1855 1650 1896 At
1671 1869 1787 1897 nunc

355 1927 453 1953 cum
491 1912 557 1953 his
592 1922 759 1953 tantum
794 1912 956 1967 negotii
990 1922 1068 1963 est,
1105 1922 1152 1952 ut
1176 1922 1359 1953 vestrum
1392 1913 1493 1953 illud
1526 1911 1718 1953 divinum
1743 1912 1786 1953 in

358 1969 671 2024 rempublicam
686 1968 943 2009 beneficium
959 1969 1205 2018 nonnullam
1223 1970 1378 2010 habeat
1393 1969 1623 2024 querelam.
1655 1965 1788 2015 Quod

360 2039 460 2066 vero
483 2040 509 2066 a
528 2034 584 2077 te,
601 2027 693 2067 viro
712 2025 894 2081 optimo,
917 2025 1116 2066 seductus
1138 2035 1217 2076 est,
1237 2036 1398 2081 tuoque
1418 2026 1627 2068 beneficio
1648 2025 1790 2068 adhuc

360 2082 468 2122 vivit
503 2082 597 2124 haec
633 2083 791 2139 pestis:
835 2082 1065 2132 interdum,
1094 2083 1207 2137 quod
1237 2083 1340 2123 mihi
1380 2084 1453 2124 vix
1488 2084 1551 2124 fas
1588 2093 1667 2134 est,
1708 2083 1788 2124 tibi

359 2139 615 2180 subirascor.
677 2138 793 2180 Mihi
824 2139 939 2180 enim
969 2140 1132 2195 negotii
1169 2139 1261 2195 plus
1291 2139 1498 2195 reliquisti
1526 2141 1616 2191 uni,
1644 2154 1790 2196 quam,

358 2205 516 2251 praeter
536 2210 620 2246 me,
642 2196 856 2237 omnibus.
893 2196 954 2238 Ut
974 2198 1088 2237 enim
1114 2197 1297 2251 primum
1319 2207 1416 2253 post
1434 2197 1614 2239 Antonii
1638 2196 1790 2238 foedis-

360 2252 517 2293 simum
538 2253 772 2294 discessum
796 2262 966 2294 senatus
986 2253 1132 2294 haberi
1158 2253 1288 2295 libere
1308 2254 1464 2309 potuit,
1486 2255 1539 2296 ad
1559 2254 1677 2295 illum
1699 2254 1790 2295 ani-

361 2323 480 2350 mum
503 2323 646 2350 meum
669 2310 822 2350 reverti
846 2310 1090 2366 pristinum,
1111 2324 1239 2365 quem
1265 2320 1307 2351 tu
1339 2325 1435 2352 cum
1459 2312 1543 2353 civi
1567 2311 1791 2362 acerrimo,

404 2440 423 2468 4
438 2438 566 2477 quando
580 2447 619 2468 er
636 2439 667 2468 h.
680 2438 730 2479 p.]
756 2440 808 2469 Sic
832 2438 911 2469 Mss.
935 2443 970 2469 et
985 2438 1056 2470 edd.
1100 2449 1205 2475 εαηοε,
1220 2440 1275 2470 sed
1290 2450 1309 2470 a
1325 2449 1368 2470 m.
1384 2450 1447 2471 sec.
1470 2444 1507 2469 ut
1531 2440 1659 2478 opinor,
1682 2449 1720 2470 ex
1743 2439 1794 2472 ed.

361 2490 411 2521 pr.
428 2480 549 2519 Vulgg‚
565 2490 676 2520 quum.
1103 2481 1191 2512 Med.
1207 2491 1279 2521 quae
1291 2482 1337 2512 sic
1349 2482 1458 2513 habet.
1473 2481 1523 2512 ed.
1540 2481 1635 2511 Rom.
1649 2491 1714 2512 esse
1727 2491 1796 2512 om-

406 2525 425 2552 5
447 2522 540 2553 Eam
559 2523 587 2552 si
609 2521 797 2552 aservicute
809 2521 968 2562 sejungo]
994 2523 1058 2554 Ms.
1102 2534 1157 2554 nes
1169 2533 1276 2560 sanos,
1291 2523 1377 2563 quod
1398 2529 1527 2554 secutus
1543 2532 1635 2554 sum:
1660 2523 1795 2555 mallem

362 2568 475 2594 noster
489 2575 509 2594 a
522 2565 571 2593 m.'
588 2573 615 2594 S.
636 2562 792 2603 sejungas
803 2575 812 2591 :
836 2570 874 2594 ut
890 2565 922 2595 in
939 2565 1003 2595 Gn.
1027 2569 1057 2596 2.
1102 2572 1214 2596 tamen
1232 2571 1304 2605 post
1316 2575 1423 2595 omnes
1435 2566 1540 2596 scribi.
1559 2566 1619 2596 Ed.
1637 2568 1725 2600 1471.
1738 2566 1795 2597 ha-

362 2607 374 2635 z'
390 2612 439 2636 est
455 2606 488 2636 in
503 2605 614 2635 litura.
638 2605 709 2644 Ego
723 2605 874 2646 sejunges
884 2606 1058 2646 legendum
1103 2608 1158 2638 bct
1171 2609 1272 2638 etiam
1286 2608 1366 2637 scio:
1389 2607 1444 2637 sed
1457 2608 1534 2637 seito
1549 2608 1676 2639 melius.

365 2654 459 2687 puto,
473 2647 550 2687 quia
563 2648 689 2687 sequitu
696 2657 721 2681 r.
736 2649 895 2677 consules:
920 2650 1058 2680 maxime
1144 2653 1162 2683 7
1173 2648 1299 2688 facies]
1325 2649 1470 2679 Graevius
1484 2649 1577 2680 malit
1591 2661 1608 2680 e
1622 2650 1700 2680 Mss.
1722 2652 1793 2689 qui-

364 2695 487 2725 autem,
500 2690 575 2728 quia
584 2687 618 2719 in
629 2690 794 2719 contrario
804 2694 854 2719 est
864 2691 1059 2721 restitutura
1101 2691 1235 2721 busdam
1258 2690 1662 2732 faceres—interponeres.
1698 2693 1796 2723 male.

365 2736 424 2765 est,
442 2741 507 2761 non
523 2732 676 2762 restituit.
700 2731 813 2770 Itaque
829 2732 874 2762 sic
889 2733 1023 2762 correxi.
1102 2733 1202 2763 immo
1205 2732 1330 2772 feceris
1342 2732 1514 2764 dicendum
1530 2739 1625 2766 esset.
1649 2734 1711 2765 Sed
1727 2734 1795 2765 vul—

409 2774 428 2802 6
451 2776 528 2804 scito
556 2783 662 2803 omnes
685 2774 793 2812 sanos]
831 2773 959 2803 Excidit
985 2785 1060 2805 esse.
1103 2780 1215 2815 gatum
1234 2775 1314 2806 bene
1332 2775 1441 2806 habet.

367 2814 406 2845 ln
424 2815 487 2846 Ms.
505 2825 577 2846 meo
592 2820 643 2846 est
657 2825 732 2853 esse,
748 2816 828 2846 item
850 2816 913 2846 Gu.
934 2820 963 2847 2.
987 2822 1061 2857 post
