1865 3223
579 103 661 141 AD
687 100 1002 139 TIRONEM.

421 204 678 248 TULLIUS
709 202 929 246 TIRONI
963 203 1007 244 S.
1031 201 1081 243 P.
1107 201 1163 243 D.

91 259 261 322 QUID
295 271 449 328 igitur?
480 275 617 313 ‘lssnon
644 273 704 314 sic
741 274 939 327 oportet?
982 269 1191 324 Equidem
1230 281 1382 308 censeo
1416 267 1502 307 sic:

89 329 328 369 addendum
350 330 493 380 etiam,
513 343 596 369 suo.
628 329 713 379 sed,
745 329 777 369 si
812 328 962 382 placet,
985 325 1145 367 invidia
1166 324 1344 365 vitetur:
1376 337 1502 377 quam

88 385 260 438 quidem
279 399 359 440 ego
382 400 437 426 sce
473 399 495 425 e
515 385 738 426 contemsi.
772 384 868 425 Tibi
891 386 1072 438 διαφόςησιν
1095 381 1259 437 gaudeo
1284 380 1505 435 profuisse.

89 440 122 480 si
147 455 245 482 vero
267 443 394 482 etiam
465 442 725 493 usculanum,
747 442 803 482 dii
835 440 957 481 boni!
990 449 1149 493 quanto
1179 436 1284 477 mihi
1309 436 1407 476 illud
1427 436 1508 475 erit

89 498 339 539 amabilius?
370 497 466 549 Sed,
498 499 531 539 si
562 513 630 541 me
660 513 796 539 amas:
828 497 940 552 quod
972 495 1142 551 quidem
1179 503 1251 534 aut
1283 492 1401 541 facis,
1435 503 1509 532 aut

90 554 132 587 29
145 554 328 609 perbelle
357 554 542 606 simulas,
573 555 687 610 quod
712 565 849 595 tamen
875 555 917 593 in
939 552 1112 592 modum
1138 550 1350 606 procedit:
1383 552 1423 578 30
1436 548 1506 588 scd

91 619 139 649 ut
160 621 238 661 est,
261 610 433 666 indulge
458 611 677 653 valitudini
711 622 820 652 tuae:
853 610 920 650 cui
951 608 1120 663 quidem
1157 619 1198 647 tu
1230 606 1384 655 adhue,
1407 604 1507 644 dum

92 666 198 707 mihi
220 667 418 718 deservis,
441 669 604 709 servisti
628 683 712 708 non
736 669 850 707 satis.
869 681 917 707 ca
938 665 1039 720 quid
1065 663 1262 721 postulet,
1283 677 1367 703 non
1388 662 1511 716 iguo-

94 736 184 764 lssas:
216 726 328 772 πέψιν,
349 728 504 769 dmm-lav,
525 729 700 779 §regim-onor
720 726 911 777 σῦμμετςον,
931 725 1053 776 vigilam,
1074 724 1224 760 εὐλυσίαν
1238 723 1376 762 κοιλίαις.
1428 717 1513 758 Fac

94 778 228 820 bellus
251 789 472 820 revertare.
495 794 577 820 non
604 780 731 820 modo
765 789 818 829 te,
852 779 922 818 sed
957 778 1084 817 etiam
1118 775 1404 816 Tusculanum
1438 789 1513 814 no-

94 844 228 876 strum
266 835 359 891 plus
397 850 549 876 amem.
604 835 922 876 3¹Parhedrum
958 834 1114 883 excita,
1146 842 1189 872 ut
1225 831 1392 871 hortum
1426 831 1516 885 ipse

95 891 321 934 conducat.
351 893 411 933 sic
441 892 633 933 olitorem
670 894 806 948 ipsum
844 891 1149 932 commovebis.
1200 890 1238 918 32
1255 887 1409 928 Helico
1443 901 1517 927 ue-

95 949 323 1003 quissimus
345 951 384 978 33
400 948 497 989 H-S
523 962 598 989 cro
623 949 766 999 dabat,
790 948 903 988 nullo
925 947 1069 1002 aprico
1092 946 1231 995 horto,
1259 944 1373 984 nullo
1392 945 1518 984 emis-

99 1005 223 1054 sario,
247 1005 360 1045 nulla
380 1007 577 1056 maceria,
600 1006 712 1046 nulla
734 1021 845 1046 casa.
896 1004 983 1044 lste
1007 1018 1082 1043 nos
1104 1012 1220 1042 tanta
1240 1003 1429 1056 impensa
1447 1000 1519 1040 ‹le-

95 1061 252 1102 rideat?
303 1060 462 1103 calface
502 1063 734 1113 hominem,
772 1064 810 1092 34
825 1070 872 1102 ut
917 1076 998 1115 ego
1045 1059 1316 1099 Mothonem.
1370 1057 1521 1112 Itaque

93 1118 248 1158 abutor
266 1119 449 1159 coronis.
497 1121 535 1149 35
553 1117 619 1159 De
658 1119 820 1159 Crabra
851 1118 951 1171 quid
988 1128 1152 1171 agatur,
1173 1116 1249 1155 etsi
1286 1129 1398 1155 nunc
1428 1115 1522 1168 qui-

95 1174 192 1215 dem
215 1174 343 1215 etiam
367 1175 545 1216 nimium
577 1185 640 1216 est
675 1190 812 1230 aquae,
849 1185 990 1214 tamen
1018 1173 1140 1213 velim
1165 1172 1285 1212 scire.
1337 1170 1524 1211 Horolo-

97 1231 218 1290 gium
255 1231 438 1283 mittam,
471 1242 514 1272 et
550 1232 694 1282 libros,
728 1233 761 1272 si
805 1231 885 1271 erit
923 1230 1088 1271 sudum.
1143 1228 1223 1269 Sed
1257 1239 1300 1268 tu
1333 1227 1525 1268 nullosne

1426 100 1498 135 428

136 1362 178 1392 ‘28
199 1370 262 1391 non
290 1361 335 1390 sic
363 1362 511 1400 oportet?
534 1361 607 1400 &c.]
642 1361 788 1391 Pertinet
830 1361 975 1400 —thsum
993 1369 1057 1389 non
1075 1357 1199 1399 placet:
1223 1357 1418 1388 alterutrum
1434 1357 1529 1386 vitio-

93 1401 135 1433 ad
160 1403 418 1443 inscriptionem,
440 1403 525 1442 quod
546 1403 710 1434 Ciceronis
733 1413 791 1432 no-
833 1412 903 1432 sum
927 1408 986 1432 est.
1011 1407 1068 1431 aut
1089 1403 1143 1431 ille
1166 1401 1311 1440 legerim,
1335 1406 1393 1430 aut
1407 1400 1526 1429 istum.-

95 1453 172 1474 men
187 1444 254 1474 sine
269 1446 470 1484 praenomine
485 1451 556 1481 est3
581 1444 666 1483 quod
680 1450 728 1474 est
744 1445 790 1474 fa·
836 1443 920 1483 quod
944 1443 1068 1474 malim.
1089 1452 1165 1473 nam
1188 1448 1220 1472 et
1245 1452 1320 1472 mox
1335 1441 1373 1471 ‹le
1397 1451 1434 1470 eo
1457 1445 1526 1471 est:

96 1485 308 1517 miliaritatis.
332 1496 362 1515 v.
379 1486 417 1516 L.
438 1487 514 1523 V11,
537 1489 587 1517 32.
602 1488 676 1516 init.
691 1489 794 1526 majus

95 1528 197 1558 etiam
211 1528 336 1564 fuisset,
353 1528 378 1558 si
394 1529 571 1569 scripsisset
589 1528 703 1559 Tironi
718 1538 773 1558 suo
784 1541 794 1557 :

100 1570 156 1600 sed
170 1569 376 1600 invidiosum.

141 1613 182 1644 29
198 1612 339 1650 perbelle
349 1621 374 1642 s.
390 1612 474 1651 quod
485 1616 596 1642 tamen
615 1613 649 1642 in
665 1623 708 1643 m.
720 1622 796 1652 pro-

100 1653 197 1693 cedit]
225 1650 297 1683 Hoc
321 1663 487 1692 nunquam
513 1663 711 1693 concoquere
738 1665 795 1694 po-

100 1695 170 1725 tui:
196 1704 255 1724 nec
270 1704 356 1725 nunc
372 1695 479 1732 credo,
506 1696 552 1725 sic
572 1705 640 1726 esse
663 1707 682 1726 a
705 1697 796 1726 Cice-

103 1746 194 1767 rone.
217 1737 301 1775 quod
321 1737 344 1766 i.
371 1747 415 1767 m.
435 1738 581 1776 procedit
606 1748 662 1778 per
683 1747 797 1768 senon

102 1777 250 1813 offendit,
266 1778 321 1808 sed
335 1778 416 1808 bene
434 1779 535 1809 latine
558 1779 681 1809 dietum
705 1784 796 1819 puto,

101 1820 158 1853 sed
183 1825 233 1850 est
258 1819 444 1859 tautologia
468 1821 596 1859 frigida.
621 1831 696 1851 nam
716 1821 798 1852 nihil

104 1861 194 1893 aliud
205 1865 267 1897 est,
279 1871 375 1901 quam
388 1863 536 1901 perbelle.
580 1863 666 1893 Tum
680 1862 796 1892 durum

102 1907 167 1934 est:
192 1904 275 1943 quod
286 1904 489 1943 quidem—et
502 1904 613 1934 statim
628 1916 634 1933 τ
651 1905 734 1944 quod
748 1909 798 1934 ta-

107 1955 192 1977 men.
236 1946 387 1976 Vicissim
411 1946 437 1975 si
462 1951 570 1976 totum
593 1945 654 1976 hoc
676 1948 801 1985 quod——

95 1987 243 2028 procedit
256 1997 316 2027 pro
331 1987 438 2026 glossa
451 1987 639 2024 habeamus,
655 1988 726 2027 plus
741 1989 799 2018 tri-

107 2029 244 2059 buamus
260 2028 444 2069 glossatori,
468 2039 565 2068 quam
582 2030 622 2059 ab
637 2040 675 2060 eo
690 2039 800 2070 exspe-

102 2070 260 2105 ctandum
286 2070 342 2107 sit.-
399 2071 459 2101 Est
491 2071 580 2101 enim
606 2071 800 2111 elegantius,

104 2122 204 2152 quam
225 2122 283 2152 pro
299 2113 430 2151 ingenio
453 2114 534 2153 ejus.
579 2114 686 2152 Atque
702 2114 801 2144 etiam

105 2153 188 2185 illud
209 2154 263 2184 sed
274 2158 312 2184 ut
325 2158 363 2184 ut
384 2158 441 2190 est,
458 2154 639 2194 longiorem
657 2155 802 2194 interpo-

104 2195 259 2230 sitionem
273 2196 394 2235 arguit,
408 2207 505 2235 quam
528 2197 571 2227 sit
593 2198 627 2227 in
650 2197 706 2227 illo
720 2207 800 2235 uno,

105 2237 190 2278 quod
203 2238 520 2278 quidem÷simulas.

149 2282 191 2309 30
210 2280 266 2309 sed
279 2283 316 2309 uc
330 2283 367 2309 ut
389 2279 449 2318 est]
474 2281 526 2310 Sic
540 2280 718 2311 Lambinus
734 2279 801 2310 edi-

105 2320 167 2363 dit.
211 2321 379 2351 Libriscr.
395 2326 430 2351 et
443 2321 515 2352 edd.
529 2326 609 2352 vett.
624 2322 681 2352 sed
693 2326 729 2351 ue
744 2326 802 2352 est.

106 2367 217 2403 potest
239 2363 352 2402 utique
381 2363 482 2394 semel
509 2365 667 2403 scriptum
694 2363 802 2398 fuisse,

104 2404 192 2443 quod
205 2404 253 2434 bis
272 2403 445 2443 legendum
459 2411 542 2435 esset
554 2417 560 2434 :
578 2405 633 2435 sed
647 2411 758 2435 tamen
770 2411 804 2435 et

103 2450 143 2476 ut
166 2455 223 2485 pro
246 2451 409 2486 utcunque
431 2446 550 2477 dicitur
572 2447 744 2482 veteribus,
768 2451 806 2477 ut

105 2488 253 2529 Gravius
269 2487 389 2526 docuit,
403 2498 543 2527 quocum
553 2494 646 2518 vetus
663 2489 804 2519 restitui.

148 2531 186 2560 31
197 2532 200 2535 '
211 2527 425 2560 Parhedrum
449 2531 556 2561 exc-ila
585 2530 657 2569 &c.]
693 2530 805 2560 Cicero

106 2570 236 2601 videtur
250 2571 384 2601 hortum
393 2572 580 2602 Tusculano
594 2571 701 2601 locare
714 2572 805 2602 volu-

109 2612 171 2643 isse
183 2611 292 2649 alicui‚
308 2618 348 2643 ut
363 2613 436 2643 inde
451 2619 576 2644 certum
594 2614 732 2643 reditum
748 2614 805 2644 lia-

109 2654 224 2692 beret3
260 2654 370 2684 olitori
399 2657 552 2695 primum,
577 2656 631 2693 qui
659 2656 805 2685 mercede

112 2696 243 2727 colebat
273 2695 430 2734 hor-turm
466 2696 520 2733 illc
548 2697 708 2738 noluisse:
732 2697 809 2726 hinc

111 2738 255 2768 vicinum
268 2737 399 2768 excitari
414 2739 574 2775 aTirone,
585 2745 621 2768 ut
632 2739 811 2768 conducere

112 2778 224 2809 vellet.
240 2780 287 2809 ita
300 2781 450 2820 sperabat
465 2780 614 2811 olitorem
631 2780 812 2810 conductu-

110 2830 190 2871 ν,ιίιιιι
200 2821 301 2860 tanti,
316 2823 430 2862 quanti
445 2823 511 2863 ipse
523 2822 634 2854 vellet.
672 2821 733 2854 Sed
748 2822 813 2861 lpse

837 1487 894 1516 isle
908 1496 962 1515 nos
978 1487 1036 1515 ἃς.

879 1530 919 1558 32
942 1527 1055 1558 Helico
1073 1527 1283 1566 nequIssimus
1304 1525 1378 1565 &c.]
1401 1525 1529 1561 Helico,

838 1579 896 1609 pro
927 1579 990 1608 quo
1026 1568 1190 1599 Victorius
1218 1567 1361 1598 malebat
1403 1566 1534 1602 Salac-o,

838 1611 967 1641 videtur
993 1611 1157 1641 Ciceronis
1171 1610 1305 1640 hortum
1321 1613 1397 1639 ante
1412 1609 1533 1638 condu-

839 1658 929 1683 ctum
944 1652 1092 1683 habuisse
1107 1668 1114 1686 ;
1135 1662 1209 1682 eum
1234 1651 1464 1690 nequissimum
1479 1661 1534 1680 vo-

840 1704 924 1731 care,
940 1695 1015 1733 quia
1037 1698 1094 1725 aut
1114 1693 1284 1733 pecuniam
1302 1703 1366 1722 uon
1381 1692 1535 1728 solverat,

842 1741 899 1766 aut
926 1737 990 1766 alio
1013 1745 1076 1775 quo
1102 1735 1198 1766 modo
1224 1739 1429 1774 peccaverat:
1462 1740 1536 1764 tum

842 1782 952 1808 autem
967 1777 1081 1808 hortus
1098 1787 1163 1807 non
1179 1778 1226 1807 ita
1238 1780 1412 1806 exornatus
1424 1781 1456 1805 ct
1469 1777 1539 1807 cul-

841 1826 896 1850 tus
919 1820 1028 1856 fuisse,
1056 1825 1093 1848 ut
1118 1828 1206 1848 nune
1221 1821 1303 1848 erat.
1319 1820 1408 1847 nullo
1429 1819 1538 1857 aprico

842 1863 943 1897 horto,
957 1871 1022 1891 non
1039 1860 1201 1899 intelligo,
1218 1859 1406 1898 videturque
1423 1860 1538 1890 vitium

842 1903 895 1933 hic
907 1912 974 1933 esse
988 1904 1169 1943 scripturae.
1187 1912 1261 1931 nam
1278 1902 1333 1931 ubi
1346 1910 1396 1932 est
1409 1902 1537 1939 hortus,

843 1946 898 1984 qui
922 1955 987 1975 non
1009 1946 1053 1975 sit
1079 1945 1227 1984 apricus?
1252 1943 1381 1973 videtur
1395 1954 1462 1974 esse
1478 1945 1538 1974 ali·

843 1986 918 2025 quid
933 1988 1050 2024 operis,
1073 1985 1156 2025 quod
1170 1986 1266 2015 horto
1283 1987 1538 2016 commendatio-

844 2038 920 2057 nem
960 2028 1104 2064 adderet,
1135 2032 1173 2057 ut
1200 2028 1380 2066 sequentia,
1406 2028 1441 2057 in
1476 2039 1539 2067 quo

844 2075 972 2100 sumtus
998 2071 1104 2100 factus
1127 2074 1198 2099 erat
1222 2079 1241 2099 a
1257 2069 1426 2105 Cicerone,
1450 2071 1539 2100 utin

845 2111 986 2150 reliquis.
1031 2112 1118 2141 Hinc
1143 2110 1225 2140 illud
1254 2115 1350 2141 tanta
1372 2112 1539 2150 impensa.-

846 2163 921 2183 cum
936 2158 1066 2184 tantum
1083 2153 1238 2193 impensae
1252 2153 1382 2183 fecerim
1397 2153 1430 2183 in
1443 2154 1540 2184 horto

847 2196 923 2225 isto.

889 2240 929 2267 33
953 2237 1020 2267 HS
1046 2237 1131 2277 erm]
1160 2237 1232 2267 Hoc
1259 2241 1308 2267 est
1335 2247 1354 2267 a
1380 2237 1540 2275 Victorio,

845 2280 900 2318 qui
914 2279 959 2309 sic
973 2280 1008 2309 in
1031 2279 1120 2309 libris
1142 2279 1374 2322 antiquissimis
1396 2288 1429 2310 se
1453 2280 1540 2309 inve-

847 2321 931 2351 nisse
958 2321 1049 2352 dicit.
1094 2322 1176 2352 Edd.
1207 2330 1255 2361 pr.
1281 2326 1315 2351 et
1345 2322 1408 2352 Ms.
1432 2330 1542 2351 noster

848 2363 917 2393 HS.
940 2371 994 2392 cc.
1019 2364 1040 2392 i.
1063 2374 1091 2393 e.
1119 2364 1265 2393 sestertia
1293 2364 1441 2393 ducenta.
1469 2372 1542 2402 qum

847 2414 914 2435 esse
948 2405 1045 2434 nimis
1076 2415 1195 2444 magna
1225 2407 1362 2444 pecunia
1396 2405 1541 2434 videtur:

849 2447 875 2476 si
889 2447 1017 2485 quidem
1033 2446 1072 2476 de
1087 2447 1302 2477 conductione
1317 2452 1376 2476 est.

891 2491 932 2519 34
953 2493 990 2518 ut
1011 2498 1069 2526 ego
1096 2489 1290 2519 Mothonem.
1336 2489 1452 2526 Itaque
1468 2487 1541 2526 &e.]

851 2529 932 2560 Haec
957 2540 1017 2569 ego
1039 2540 1104 2560 non
1127 2530 1289 2568 intelligo,
1313 2537 1370 2559 aut
1385 2530 1544 2569 explicare

850 2581 980 2612 possum
994 2584 1000 2601 :
1025 2581 1084 2602 nec
1097 2572 1150 2602 alii
1163 2572 1322 2611 explicare
1336 2576 1483 2610 potuere.

890 2616 930 2643 35
952 2614 991 2643 de
1009 2613 1134 2644 Crabra
1148 2624 1178 2653 q.
1199 2613 1247 2652 a]
1274 2612 1410 2642 Videtur
1433 2614 1546 2644 Cicero

848 2665 887 2685 ex
911 2666 994 2694 aqua
1019 2656 1142 2686 Crabra
1163 2653 1288 2693 aliquid
1311 2655 1344 2683 in
1363 2663 1456 2684 suum
1473 2656 1547 2685 sun-

853 2696 931 2726 dum
946 2697 994 2727 vel
1009 2697 1141 2726 hortum
1153 2696 1268 2726 ducere
1282 2695 1431 2732 voluisse,
1443 2696 1482 2727 de
1495 2707 1549 2727 ea-

854 2748 915 2777 que
930 2748 962 2768 re
978 2740 1078 2777 egisse
1093 2748 1166 2768 cum
1182 2737 1389 2775 Tusculanis,
1410 2748 1549 2777 quorum

855 2780 913 2810 illa
928 2790 1012 2819 aqua
1033 2786 1125 2812 erat:
1149 2783 1241 2819 patet
1264 2789 1302 2810 ex
1323 2789 1375 2817 eo,
1397 2781 1481 2818 quod
1502 2790 1549 2815 se.-

856 2823 980 2860 quitur.

765 2870 883 2906 ne4
