1817 3196
252 71 302 110 72
626 63 807 104 EPIST.
835 62 1022 103 LIBER
1047 63 1301 104 TERTIUS

251 183 422 212 mecum
459 177 644 219 tuorum,
668 178 821 224 praeter
852 183 998 209 omnes
1031 173 1162 218 mem,
1183 169 1255 223 qui
1290 175 1389 210 sunt
1419 183 1565 212 omnes
1596 174 1673 216 tui.

254 226 619 268 Stomachosiores
642 240 755 266 meas
778 225 936 265 litteras
963 239 1067 279 quas
1088 225 1203 265 dicas
1234 239 1338 274 esse,
1357 240 1441 266 non
1465 227 1672 285 intelligo.

252 283 318 324 bis
340 284 391 324 ad
421 294 460 323 te
483 283 647 338 scripsi,
669 296 735 322 me
759 296 943 336 purgans
964 281 1205 335 diligenter,
1228 290 1269 320 te
1295 281 1441 322 leviter
1471 298 1673 327 accusans

251 339 295 380 in
313 340 504 395 eo,quod
530 340 581 379 de
604 353 670 379 me
687 338 774 378 cito
796 338 1069 378 credidisses:
1091 337 1202 390 quod
1221 351 1354 392 genus
1367 342 1547 393 querelae
1568 342 1673 384 mihi

249 397 421 451 quidem
448 397 670 436 videbatur
691 408 780 434 esse
802 394 952 434 amici:
986 393 1048 432 sin
1073 393 1149 432 tibi
1168 393 1378 449 displicet,
1403 410 1485 436 non
1510 408 1603 439 utar
1623 414 1674 440 eo

249 453 445 508 posthac.
490 453 570 492 Sed
596 452 644 500 si,
674 461 720 490 ut
739 451 903 498 scribis,
927 449 992 490 hae
1014 449 1167 489 litterae
1188 465 1271 491 non
1296 450 1466 492 fuerunt
1487 453 1672 507 disertae,

248 510 358 550 scito
383 523 495 549 meas
518 522 601 548 non
632 507 774 547 fuisse.
836 506 895 546 Ut
917 506 1030 546 enim
1064 504 1335 547 Aristarchus
1369 507 1545 551 Homeri
1582 526 1675 553 ver-

248 580 340 606 sum
365 575 508 620 negat,
530 578 655 619 quem
681 577 765 604 non
785 563 962 617 probat:
996 562 1055 603 sic
1080 573 1120 602 tu
1149 563 1271 614 (libet
1292 564 1406 605 enim
1428 566 1532 607 mihi
1549 568 1674 622 joca-

246 622 303 671 ri)
325 622 439 677 quod
469 622 672 662 disertum
703 635 789 661 non
814 619 908 669 erit,
932 633 983 659 ue
1009 620 1167 673 putaris
1198 634 1354 661 meum.
1414 621 1532 673 Vale,
1563 634 1606 665 et
1628 626 1672 666 in

247 692 439 728 censura,
462 678 495 718 si
522 678 615 732 jam
651 691 694 717 es
727 690 891 727 censor,
915 686 962 716 ut
997 690 1135 731 spero,
1157 676 1197 707 60
1211 677 1262 717 de
1291 691 1449 732 proavo
1487 681 1670 722 multum

245 735 439 791 cogitato
463 744 552 775 tuo.

181 818 232 855 12
761 805 1161 844 ARGUMENTUM.

249 871 467 908 Gratulatur
486 872 532 906 de
545 870 766 906 absolutione
783 870 960 905 ambitus:
981 873 1126 918 nuptias
1151 870 1278 905 Tulliae
1293 877 1434 907 excusat
1451 884 1487 908 se
1506 874 1676 911 insciente

292 922 487 1011 ξῗιηὲἷῖἶω,
499 923 632 1011 ,igibus
659 924 733 969 ipse
750 922 798 957 ad
826 922 1081 958 declarandam
1111 923 1231 970 Appio
1263 923 1535 961 benivolentiam
1542 926 1674 975 sactus

426 987 494 1023 gen
574 1003 580 1010 .

499 1035 565 1076 M.
589 1034 640 1075 T.
664 1034 715 1075 C.
747 1033 936 1075 APPIO
970 1034 1268 1076 PULCHRO
1291 1036 1334 1076 S.
1360 1036 1416 1078 D.

245 1090 684 1145 GRATULABOR
717 1102 794 1143 tibi
822 1103 960 1158 prius:
1005 1103 1062 1143 ita
1093 1103 1205 1143 enim
1229 1117 1366 1144 rerum
1389 1105 1494 1145 ordo
1523 1112 1673 1161 postu-

240 1161 328 1203 lat:
361 1161 513 1202 deinde
532 1161 584 1202 ad
607 1174 674 1200 me
696 1169 934 1200 convertar.
997 1159 1090 1216 Ego
1116 1174 1212 1201 vero
1238 1160 1510 1202 vehementer
1527 1171 1673 1218 gratu-

239 1219 305 1260 lor
327 1218 378 1259 de
393 1217 562 1273 judicio
585 1216 770 1259 ambitus
789 1233 798 1258 :
817 1230 954 1271 neque
976 1217 1032 1267 id,
1054 1217 1168 1272 quod
1193 1217 1351 1257 nemini
1372 1218 1549 1259 dubium
1573 1218 1673 1270 fuit,

239 1276 484 1317 absolutum
523 1289 612 1315 esse
642 1284 707 1325 te;
752 1274 822 1314 sed
858 1273 973 1323 illud,
995 1273 1124 1328 quod,
1147 1288 1232 1328 quo
1265 1274 1415 1315 melior
1436 1275 1555 1326 civis,
1586 1290 1672 1331 quo

239 1334 306 1374 vir
337 1332 504 1382 clarior,
526 1346 612 1386 quo
644 1330 796 1372 fortior
818 1331 979 1372 amicus
1013 1344 1071 1380 es,
1094 1343 1265 1384 quoque
1297 1331 1415 1385 plura
1441 1332 1605 1373 virtutis
1629 1342 1672 1373 et

238 1389 461 1430 industriae
498 1397 748 1428 ornamenta
781 1387 821 1427 in
855 1398 896 1427 te
931 1397 1043 1438 sunt,
1072 1401 1122 1426 eo
1153 1387 1390 1428 mirandum
1422 1397 1486 1428 est
1518 1390 1671 1444 magis,

237 1447 396 1487 nullam
421 1460 474 1485 ne
494 1446 535 1485 in
558 1445 723 1485 tabellae
741 1444 914 1498 quidem
935 1443 1096 1484 latebra
1117 1442 1246 1483 fuisse
1265 1444 1560 1486 absconditam
1580 1460 1671 1486 ma·-

237 1501 518 1552 livolentiam‚
540 1516 636 1556 quae
671 1511 711 1540 te
733 1501 986 1555 impugnare
1016 1500 1203 1540 auderet.
1265 1500 1365 1540 Non
1389 1500 1538 1542 horum
1563 1510 1672 1543 tem-

235 1574 406 1616 porum,
448 1572 534 1599 non
574 1558 726 1598 horum
773 1556 997 1597 hominum
1041 1566 1168 1611 atque
1209 1571 1377 1598 morum
1419 1559 1671 1613 negotium!

235 1616 453 1671 nihiljam
479 1630 570 1656 suin
590 1615 752 1671 pridem
776 1614 1009 1654 admiratus
1033 1614 1184 1669 magis.
1217 1612 1285 1653 De
1308 1628 1374 1654 me
1397 1625 1554 1666 autem,
1577 1630 1669 1656 sus-

236 1674 334 1729 cipe
367 1672 597 1730 paullisper
622 1686 736 1712 meas
760 1680 914 1726 parteS,
937 1681 979 1710 et
1004 1684 1100 1710 eum
1137 1681 1177 1710 te
1201 1684 1291 1710 esse
1313 1670 1442 1726 finge,
1465 1672 1537 1726 qui
1573 1687 1667 1713 sum

237 1745 319 1786 ego
341 1747 350 1771 ε
383 1730 416 1770 si
442 1729 567 1769 facilc
591 1728 800 1769 inveneris
825 1727 939 1781 quod
959 1726 1089 1776 dicas,
1113 1726 1195 1766 noli
1218 1727 1438 1782 ignoscere
1460 1728 1669 1770 haesitati-

187 1787 309 1840 5‚oni
333 1800 455 1828 meae.
519 1785 611 1841 Ego
635 1800 735 1826 vero
771 1783 896 1824 velim
937 1783 1058 1833 mihi,
1081 1782 1318 1838 Tulliaeque
1340 1799 1462 1835 nieae,
1488 1786 1599 1826 sicut
1621 1795 1667 1827 tu

235 1845 493 1885 amicissime
512 1853 555 1883 et
576 1842 827 1883 suavissime
845 1850 982 1895 optas,
1004 1854 1203 1896 prospere
1221 1841 1390 1881 evenire
1413 1856 1475 1893 ea,
1496 1842 1532 1873 61
1554 1857 1668 1898 quae,

231 1915 303 1943 me
335 1901 556 1949 insciente,
577 1898 690 1940 facta
723 1907 823 1940 sunt
845 1912 869 1938 a
892 1897 1020 1938 meis:
1061 1897 1132 1937 sed
1164 1897 1223 1937 ita
1255 1897 1475 1949 cecidisse,
1498 1907 1545 1939 ut
1567 1913 1668 1956 age-

232 1966 380 1999 rentur
408 1972 459 1998 eo
494 1966 701 2011 tempore,
724 1969 846 2011 spero
882 1954 1059 1995 omnino
1088 1968 1186 1994 curn
1209 1953 1350 2011 aliqua
1382 1954 1600 2007 felicitate,
1623 1965 1667 1997 et

232 2023 353 2071 opto.
385 2023 678 2055 verumtamen
713 2013 805 2068 plus
836 2025 903 2051 me
926 2011 969 2051 in
993 2011 1072 2051 hac
1098 2024 1171 2066 spe
1199 2020 1272 2051 tua
1293 2011 1501 2067 sapientia
1522 2022 1565 2053 et
1585 2012 1666 2054 hu-

229 2072 414 2113 manitas
437 2070 695 2120 consolatur,
727 2082 857 2123 quam
886 2068 1186 2124 opportunitas
1222 2068 1438 2123 temporis.
1499 2067 1667 2124 Itaque,

231 2127 593 2183 quemadmodum
615 2127 844 2182 expediam
873 2125 1038 2165 exitum
1062 2124 1190 2178 hujus
1215 2124 1421 2166 institutae
1444 2125 1665 2180 orationis,

230 2200 318 2226 non
343 2185 523 2240 reperio.
556 2198 694 2238 neque
715 2183 829 2224 enim
853 2181 1014 2222 tristius
1037 2181 1177 2222 dicere
1203 2181 1436 2237 quidquam
1458 2182 1594 2224 debeo
1615 2198 1666 2225 ea

231 2243 284 2283 de
308 2256 366 2293 re,
389 2255 515 2296 quam
553 2241 712 2295 tuipse
745 2239 962 2280 ominibus
995 2238 1170 2294 optimis
1202 2239 1484 2294 prosequeriS.
1525 2254 1664 2295 neque

228 2313 317 2340 non
342 2313 408 2339 me
432 2307 571 2338 tamen
602 2297 768 2339 mordet
792 2296 978 2350 aliquid:
1019 2296 1062 2336 in
1094 2309 1178 2349 quo
1203 2309 1333 2335 unum
1358 2310 1519 2345 vereor,
1539 2311 1591 2337 ne
1615 2307 1663 2338 tu

230 2370 381 2411 parum
405 2354 634 2411 perspicias
650 2368 711 2403 ea,
728 2368 824 2407 quae
848 2362 969 2408 gesta
982 2361 1093 2402 sunt,
1111 2353 1165 2392 ab
1187 2351 1279 2392 aliis
1298 2365 1389 2392 esse
1410 2362 1544 2407 gesta,
1566 2354 1665 2408 qui-

230 2414 311 2453 bus
336 2426 417 2467 ego
440 2412 500 2452 ita
522 2410 782 2460 mandaram,
804 2418 865 2459 ut,
888 2424 984 2450 cum
1009 2419 1095 2449 tam
1118 2408 1244 2463 longe
1267 2408 1491 2449 abfuturus
1510 2423 1661 2461 essem,

231 2470 284 2511 ad
317 2483 385 2510 me
416 2482 469 2509 ne
499 2466 717 2517 referrent,
752 2476 941 2522 agerent,
964 2466 1003 2496 6²
1017 2465 1131 2520 quod
1165 2465 1432 2521 probassent.
1494 2465 1544 2507 In
1578 2465 1663 2509 hoc

273 2593 313 2623 60
342 2592 381 2622 de
400 2590 533 2631 proavo]
562 2589 664 2629 Appio
693 2588 800 2625 Caeco,
829 2589 922 2627 cujus
964 2597 1028 2628 quo
1038 2586 1258 2628 passiminhis
1268 2587 1483 2627 epistolisest.
1507 2588 1586 2619 Mox
1598 2599 1665 2620 om-

226 2644 366 2664 >censura
393 2633 507 2663 nobilis
533 2632 604 2667 fuit,
624 2640 721 2669 quam
745 2640 802 2671 per
827 2632 921 2670 quin·
965 2631 1041 2660 m'no
1064 2630 1160 2660 habet
1183 2629 1302 2668 aliquid
1317 2630 1560 2669 anibiguitati53
1585 2641 1663 2663 nam

229 2677 408 2715 quenniuin
425 2675 510 2704 solus
528 2675 637 2713 gessit.
966 2672 1076 2707 habet,
1093 2676 1129 2701 ut
1153 2671 1280 2711 opinor,
1298 2672 1360 2702 vim
1389 2672 1582 2711 affirmandi,
1597 2681 1666 2705 non

264 2718 298 2747 61
319 2727 387 2756 (ματ
399 2727 447 2747 me
460 2714 705 2754 inscientesacta
718 2713 807 2753 sunt]
821 2713 924 2744 Nem·
966 2714 1049 2744 bene
1064 2713 1177 2744 latine.

230 2769 269 2800 pe
285 2758 323 2789 de
339 2759 491 2802 conjugio
505 2759 576 2798 ejus
591 2766 667 2789 cum
681 2755 865 2793 Dolabella,
885 2755 924 2787 de
1009 2756 1051 2789 62
1072 2755 1156 2797 quod
1171 2755 1374 2798 probast-tent]
1391 2755 1442 2788 An
1457 2756 1634 2798 probarent
1649 2757 1667 2787 ?
