1903 3218
378 97 458 135 AD
487 97 544 135 M.
576 94 921 134 VARRONEM
951 92 1024 131 ET
1059 93 1344 132 CETEROS.
1498 97 1576 133 221

154 198 296 241 multis
319 204 423 254 (non
445 198 559 242 enim
595 213 766 256 possum
798 198 919 239 aliter
951 196 1110 246 dicere)
1131 205 1175 237 et
1196 196 1278 238 coli
1302 211 1369 237 me
1394 195 1578 248 videam,

153 266 195 297 et
216 257 362 314 diligi:
383 272 509 299 nemo
522 265 585 298 est
603 256 768 298 illorum
790 254 980 296 omnium
1000 253 1104 294 mihi
1124 252 1426 308 tejucundior.
1465 252 1579 295 Nam

151 313 267 368 quod
289 328 357 355 me
378 329 510 366 amas,
531 313 644 368 quod
681 312 723 353 id
753 320 797 352 et
821 311 1083 367 jampridem
1118 319 1162 350 et
1182 319 1428 351 constanter
1453 308 1576 351 facis:

151 379 216 411 est
235 371 276 412 id
305 372 479 427 quidem
500 384 721 426 magnum,
739 378 867 424 atque
888 367 1000 409 haud
1025 367 1113 408 scio
1133 381 1186 408 an
1210 368 1474 416 maximum,
1506 367 1579 407 sed
1613 368 1619 373 '

153 427 231 468 tibi
262 442 490 469 commune
521 442 619 469 cum
654 425 822 468 multis:
854 425 969 481 quod
998 434 1042 465 tu
1067 424 1158 480 ipse
1181 433 1268 465 tam
1291 423 1497 464 amandus
1519 437 1578 474 es,

153 492 328 540 tamque
362 484 512 536 dulcis,
547 493 719 539 tamque
749 484 791 524 in
825 483 943 524 omni
974 496 1129 538 genere
1157 481 1402 536 jucundus3
1435 480 1476 520 id
1512 489 1578 520 est

153 542 325 597 proprie
357 550 493 582 tuum.
552 541 778 582 Accedunt
807 555 893 581 non
923 539 1076 590 Attici,
1109 538 1182 579 sed
1214 538 1422 588 salsiores,
1449 544 1623 592 quamb.

152 596 211 638 illi
247 597 506 649 Atticorum,
541 597 729 640 Romani
763 608 925 639 veteres
954 606 1082 651 atque
1112 596 1263 636 urbani
1303 595 1423 636 sales.
1486 592 1580 649 Ego

153 664 296 695 autem
319 654 558 708 (existimes
580 656 695 706 licet,
717 655 832 710 quod
854 654 1006 705 lubet,)
1027 652 1206 693 mirifice
1227 652 1374 708 capior
1401 651 1584 702 facetiis,

153 711 343 752 maxime
376 713 664 766 nostratibus3
698 712 933 769 praesertim
963 724 1061 752 cum
1092 724 1162 750 eas
1196 709 1363 751 videam
1399 709 1585 764 primum

151 768 191 798 ⁵4
204 767 359 809 oblitas
377 769 517 822 Latio,
540 779 646 822 tum,
667 784 765 811 cum
785 769 828 810 in
851 769 1000 810 urbem
1022 776 1211 809 nostram
1230 775 1293 808 est
1312 765 1453 807 infusa
1467 779 1587 821 pere-

152 824 349 880 grinitas,
371 841 487 868 nunc
515 842 613 870 vero
646 828 774 868 etiam
810 825 1019 867 braccatis
1044 833 1088 866 et
1111 823 1382 879 transalpinis
1400 823 1588 864 nationi·

155 881 248 934 bus,
271 891 319 923 ut
341 883 501 925 nullum
527 885 681 926 veteris
707 883 863 940 leporis
888 882 1116 939 vestigium
1140 892 1358 937 appareat.
1419 880 1588 935 ltaque,

154 947 196 979 te
220 954 317 981 cum
352 941 490 993 video,
518 956 665 983 omnes
701 940 807 983 mihi
838 939 1039 990 Granios,
1062 953 1209 980 omnes
1235 937 1438 989 Lucilios,
1470 941 1589 990 (vere

155 1005 203 1036 ut
223 996 400 1049 dicam,)
431 997 608 1040 Crassos
640 1013 829 1054 quoque,
851 1007 894 1039 et
915 996 1070 1038 Laelios
1099 996 1241 1037 videre
1265 995 1424 1036 videor.
1487 993 1589 1034 Mo-

155 1052 254 1104 riar,
277 1054 327 1105 si,
351 1064 506 1110 praeter
529 1064 584 1107 te,
607 1070 865 1112 quemquam
894 1055 1102 1109 reliquum
1132 1053 1287 1103 habeo,
1319 1052 1362 1093 in
1382 1066 1468 1107 quo
1491 1066 1589 1107 pos-

157 1110 237 1151 sim
260 1111 493 1168 imaginem
516 1113 706 1169 antiquae
737 1123 782 1154 et
802 1111 1039 1154 vernaculae
1072 1110 1318 1151 festivitatis
1341 1122 1588 1164 agnoscere.

157 1165 226 1208 Ad
248 1167 326 1208 lios
354 1170 520 1225 lepores
541 1184 638 1211 cum
662 1184 781 1211 amor
802 1183 904 1225 erga
931 1182 999 1209 me
1032 1177 1174 1208 tantus
1198 1167 1388 1216 accedat,
1411 1165 1591 1216 miraris,

158 1237 227 1264 me
250 1234 370 1266 tanta
391 1227 713 1281 perturbatione
738 1225 983 1267 valitudinis
1004 1233 1105 1275 tuae,
1129 1234 1213 1264 tam
1239 1224 1427 1279 graviter
1443 1222 1592 1263 exani-

158 1290 331 1332 matum,
354 1282 512 1324 fuisse?
545 1283 674 1329 Quod
708 1291 850 1324 autem
874 1283 1006 1323 altera
1034 1280 1216 1337 epistola
1244 1294 1401 1336 purgas
1433 1288 1474 1320 te
1507 1293 1593 1320 non

156 1337 440 1380 dissuasorem
463 1339 569 1380 mihi
592 1340 794 1380 emtionis
814 1338 1114 1395 Neapolitana:
1129 1336 1275 1388 fuisse,
1298 1336 1368 1378 sed
1393 1339 1432 1367 55
1446 1344 1596 1377 aucto-

157 1408 245 1435 rem
277 1397 630 1438 commorationis
663 1397 864 1438 urbanae:
899 1410 1035 1450 neque
1067 1409 1158 1450 ego.
1184 1394 1307 1435 aliter
1339 1393 1502 1449 accepi.
1530 1393 1596 1433 in-

156 1450 303 1493 tellexi
338 1462 482 1494 tamen
516 1453 644 1505 idem,
673 1454 789 1510 quod
823 1454 889 1494 his
923 1451 1118 1508 intelligo
1145 1452 1314 1503 litteris,
1336 1465 1422 1492 non
1443 1450 1595 1491 existi-

156 1523 295 1550 masse
320 1519 374 1561 te,
397 1509 503 1551 mihi
525 1510 668 1563 licere,
700 1511 742 1552 id
771 1511 887 1566 quod
920 1524 1003 1566 ego
1038 1510 1291 1560 arbitrabar,
1323 1523 1386 1549 res
1407 1507 1484 1549 has
1507 1521 1596 1549 non

157 1566 337 1607 omnino
357 1567 547 1622 quidem,
567 1567 638 1609 sed
662 1582 864 1625 magnam
888 1575 1051 1624 partem
1078 1566 1329 1621 relinquere.
1389 1563 1595 1613 Catulum

157 1623 266 1664 mihi
290 1637 449 1675 narras,
471 1633 514 1665 et
542 1624 613 1666 illa
645 1634 853 1681 tempora.
915 1624 1032 1671 Quid
1068 1623 1232 1664 simile?
1264 1637 1317 1663 ne
1339 1622 1397 1663 mi
1420 1622 1595 1677 quidem

157 1680 242 1737 ipsi
273 1688 377 1722 tunc
407 1681 620 1737 placebat,
653 1682 814 1724 diutius
841 1682 989 1722 abesse
1013 1681 1067 1722 ab
1101 1680 1351 1736 reipublicae
1383 1678 1594 1720 custodia.

158 1738 411 1779 sedebamus
451 1738 569 1779 enim
611 1739 653 1780 in
694 1739 845 1795 puppi,
883 1747 926 1780 et
965 1737 1135 1779 clavum
1174 1738 1441 1778 tenebamus.
1480 1749 1595 1776 nunc

159 1803 303 1836 autem
327 1795 401 1836 vix
428 1805 494 1836 est
522 1796 567 1836 in
592 1797 760 1837 sentina
780 1796 914 1837 locus.
975 1794 1044 1836 An
1080 1794 1221 1835 minus
1256 1793 1393 1836 multa
1424 1802 1595 1834 senatus

159 1851 356 1894 consulta
376 1852 522 1894 futura
544 1861 684 1909 putas,
707 1854 741 1894 si
763 1867 845 1910 ego
863 1853 940 1893 sim
964 1852 1175 1908 Neapoli?
1199 1850 1353 1893 Romae
1367 1865 1466 1892 cum
1485 1864 1596 1900 sum,

159 1918 204 1950 et
224 1923 357 1966 urgeo
379 1909 537 1962 forum,
559 1920 731 1952 senatus
752 1909 949 1952 consulta
976 1910 1221 1951 scribuntur
1242 1909 1283 1939 56
1295 1908 1408 1964 apud
1431 1915 1597 1949 amato-

158 1981 248 2009 rem
279 1977 416 2019 tuum,
440 1966 694 2009 familiarem
724 1982 884 2009 meum.
946 1965 1002 2007 Et
1024 1966 1198 2021 quidem
1220 1981 1318 2007 cum
1341 1965 1384 2006 in
1407 1973 1597 2006 mentem

160 2024 292 2079 venit,
324 2038 463 2081 ponor
486 2024 539 2066 ad
562 2025 833 2066 scribendum
852 2041 860 2067 :
893 2032 937 2065 et
957 2032 1056 2065 ante
1081 2024 1210 2065 audio
1233 2031 1403 2064 senatus
1426 2020 1597 2064 consul-

199 2167 240 2196 54
261 2166 376 2197 oblitas
398 2166 497 2198 Latio
519 2166 592 2206 &c.]
618 2166 639 2197 i.
662 2177 691 2197 e.
707 2166 854 2205 ingenio·
897 2174 1029 2195 sensum
1044 2164 1153 2196 habet.
1174 2174 1251 2195 nam
1274 2164 1309 2194 P.
1333 2163 1478 2195 Manutii
1494 2162 1596 2204 expli-

158 2216 231 2238 rum
247 2207 428 2240 latinorum
438 2210 523 2248 jocis
539 2209 691 2239 immistis
712 2208 853 2238 vitiatas.
897 2208 996 2244 catio,
1015 2217 1054 2237 ne
1069 2217 1197 2247 semper
1219 2211 1277 2237 aut
1299 2207 1360 2236 sim
1380 2207 1414 2236 in
1429 2206 1522 2242 urbe,
1539 2209 1596 2236 aut

157 2251 419 2290 —peregvinitas
429 2255 479 2282 est
492 2250 649 2291 capienda
662 2251 701 2281 de
715 2250 854 2287 Latinis,
897 2250 1000 2280 absim
1016 2251 1056 2280 ab
1072 2250 1162 2286 urbe,
1179 2259 1247 2280 non
1262 2249 1391 2289 probari
1405 2252 1526 2288 potest.
1562 2249 1596 2279 Si

155 2293 211 2331 qui
228 2293 284 2332 jus
305 2293 448 2326 civitatis
461 2294 563 2330 nacti,
577 2293 718 2323 Romam
733 2292 853 2332 migra·
895 2296 1007 2322 tamen
1023 2296 1072 2322 est
1086 2292 1132 2322 sic
1144 2303 1164 2323 a
1175 2292 1346 2328 Cicerone,
1359 2290 1523 2332 pertinere
1537 2300 1597 2330 pu-

155 2339 284 2372 verant,
313 2339 373 2367 aut
399 2335 543 2366 multum
565 2335 752 2365 commercii
778 2344 854 2364 cum
896 2339 964 2364 tem
975 2333 1069 2371 adid,
1079 2334 1166 2374 quod
1180 2334 1295 2365 Romae
1306 2339 1378 2365 tum
1392 2343 1410 2364 e
1424 2332 1497 2372 lege
1507 2341 1596 2363 sum-

155 2375 314 2408 Romanis
335 2378 454 2409 habere
475 2387 533 2418 per
555 2378 658 2408 varias
670 2377 856 2408 occasiones
897 2376 1006 2406 tuat-ia
1021 2377 1158 2407 Caesaris
1180 2376 1351 2415 frugalitas
1371 2376 1447 2406 vitae
1461 2375 1597 2406 inducta

158 2420 382 2458 comitiorum,
402 2420 642 2451 connubiorum
666 2421 726 2450 ἃς.
750 2429 854 2460 coepe-
897 2423 985 2449 erat:
1010 2418 1049 2449 de
1075 2429 1138 2458 qna
1157 2423 1192 2449 et
1219 2419 1253 2449 in
1279 2424 1426 2449 extremo
1448 2415 1596 2455 epistoloe

157 2466 246 2493 rant.
898 2466 962 2491 est:
986 2465 1020 2491 et
1039 2460 1189 2501 proefeclz'
1213 2471 1341 2492 morum
1365 2461 1424 2491 διο.
1446 2463 1497 2488 est
1519 2467 1595 2488 mox

200 2505 240 2535 55
262 2514 296 2537 α.
323 2504 552 2536 moderationis
576 2503 667 2542 urb.]
693 2503 746 2533 Sic
775 2503 856 2534 Mss.
900 2503 1035 2533 mentio.
1050 2504 1097 2533 ita
1108 2508 1142 2534 et
1151 2503 1247 2542 jocus
1263 2505 1326 2534 erit
1347 2502 1380 2532 in
1397 2502 1538 2537 Paetum,
1560 2500 1594 2530 in

157 2551 192 2575 et
207 2546 281 2578 edd.
308 2553 388 2578 vett.
411 2556 513 2586 usque
535 2545 576 2576 ad
588 2546 785 2576 Victorium.
818 2545 856 2576 P.
900 2555 996 2585 quem
1011 2554 1096 2585 saepe
1113 2546 1147 2575 in
1160 2545 1246 2576 banc
1262 2549 1390 2586 partem
1405 2542 1502 2574 ludit.
1531 2542 1595 2572 Sed

158 2586 330 2620 Manutius
352 2590 451 2630 coepit
467 2588 561 2620 edere
582 2588 853 2619 commorationis.
896 2589 1154 2620 commorationis
1166 2592 1217 2618 est
1232 2587 1370 2621 facilius,
1384 2585 1447 2621 vel,
1463 2583 1594 2620 ut2Gui-

159 2629 194 2661 in
208 2630 260 2662 ed.
274 2635 387 2663 tamen
400 2630 475 2662 Aldi
489 2631 575 2671 Nep.
594 2633 686 2661 1580.
699 2630 854 2662 restituta
895 2629 1020 2660 lielmio
1034 2630 1197 2670 placebat,
1211 2628 1449 2660 demorationis.
1494 2626 1591 2656 Cete-

158 2676 251 2705 vetus
265 2672 376 2712 lectio,
395 2683 468 2713 quae
489 2677 524 2704 et
547 2673 582 2703 in
604 2673 691 2703 notis
711 2672 853 2712 explica·
896 2682 970 2703 rum
998 2681 1097 2713 supra
1121 2678 1152 2703 te
1177 2677 1372 2712 repeterem:
1393 2677 1523 2708 purgas
1548 2670 1591 2705 te,

157 2720 226 2751 tur,
241 2715 311 2746 sine
325 2717 494 2747 mentione
507 2715 653 2748 alterius.
691 2713 791 2746 Facta
803 2719 852 2746 ta·
895 2724 959 2745 non
974 2715 1188 2745 dissuasorem
1200 2718 1230 2743 te
1244 2709 1475 2751 mihi—fuisse.

157 2764 233 2787 men
253 2767 336 2789 nova
356 2758 455 2789 lectio
477 2763 528 2789 est
547 2758 615 2788 fere
637 2757 784 2797 vulgata,
799 2767 850 2788 re-
935 2758 976 2788 56
997 2757 1089 2796 apud
1109 2760 1292 2786 amatorem
1316 2753 1426 2792 tuum]
1454 2751 1592 2782 Videtur

154 2803 250 2839 cepta
275 2809 296 2830 a
318 2799 360 2831 R.
382 2800 550 2842 Stephano
576 2802 668 2831 1543.
713 2801 761 2830 Ac
776 2809 850 2839 pro·
893 2799 1004 2831 Caesar
1029 2798 1198 2837 intelligi:
1217 2795 1348 2836 quidam
1374 2795 1504 2827 malunt
1524 2794 1591 2824 An-

151 2840 239 2872 fecto
250 2842 476 2873 moderationis
486 2842 559 2877 urb,
573 2842 626 2872 vix
639 2841 848 2873 commodum
891 2841 1033 2873 tonium.
1596 2856 1598 2859 ·
