1903 3218
329 94 406 128 0248
691 92 873 131 EPIST.
901 93 1090 131 LIBER
1116 94 1386 135 DECIMUS

272 198 322 234 1‘2
847 197 1246 236 ARGUMENTUM.

337 257 471 294 Gratas
495 260 636 294 senatui
667 259 799 295 Planci
830 260 971 296 litteras
986 259 1118 309 juisse,
1150 266 1185 297 et
1216 273 1294 309 qnoe
1320 259 1394 306 ejus
1422 272 1530 296 causa
1560 259 1599 295 in
1633 262 1760 294 senatu

382 314 467 345 acta
491 311 576 352 sint,
601 311 795 360 significat,
825 317 859 347 et
886 313 934 348 ad
961 312 1183 348 liberandam
1209 325 1318 360 remp.
1347 312 1620 360 diligentissime
1637 311 1759 346 horta-

383 366 454 398 tur.

781 422 1014 464 CICERO
1047 424 1308 466 PLANCO.

334 476 479 530 ETSI
512 489 759 546 reipublicae
795 504 922 530 causa
960 490 1146 531 maxime
1184 492 1367 546 gaudere
1402 491 1553 540 debeo,
1590 498 1755 530 tantum

331 546 370 585 ei
403 554 445 586 te
478 547 680 601 praesidii,
703 555 867 586 tautum
905 547 998 601 opis
1034 547 1224 588 attulisse
1256 549 1458 588 extremis
1494 561 1615 603 paene
1648 557 1755 586 tem—

330 603 536 657 poribus:
570 612 711 643 tamen
746 602 804 642 ita
838 613 878 643 te
903 604 1108 643 victorem
1141 604 1416 659 complectar,
1442 605 1660 660 republica
1693 617 1756 644 re-

331 668 547 713 cuperata,
569 662 665 699 38ut
700 674 896 715 magnam
934 669 1097 714 partem
1132 659 1238 701 mihi
1271 660 1434 701 laetitiae
1465 672 1537 702 tua
1569 661 1756 717 dignitas

332 715 495 765 afferat,
517 730 643 771 quam
677 727 719 757 et
751 730 841 757 esse
869 716 977 770 jam,
999 725 1042 756 et
1074 715 1260 757 futuram
1294 717 1597 772 amplissimam
1633 716 1756 757 intel-

334 772 437 828 ligo.
498 773 614 814 Cave
646 773 758 813 enim
794 783 930 827 putes,
957 773 1059 813 ullas
1098 788 1299 828 umquam
1334 774 1493 814 litteras
1526 775 1756 828 graviores,

331 844 458 884 quam
490 841 597 878 tuas,
622 831 662 869 in
697 839 843 869 senatu
875 843 964 870 esse
994 832 1205 870 recitatas.
1269 830 1402 885 quue
1439 832 1625 886 contigit
1657 845 1754 871 cuin

330 887 579 926 meritorum
610 895 778 926 tuorum
802 887 843 926 in
873 886 1181 942 rempublicam
1203 887 1363 928 eximia
1383 887 1564 941 quadarn
1591 887 1756 942 magni-

329 942 491 992 tudine,
526 953 612 982 tum
653 944 876 983 verborum
917 942 1307 999 sententiarumque
1340 945 1564 1000 gravitate.
1626 943 1755 989 Quod

327 998 434 1040 mihi
457 1000 629 1054 quidem
661 1000 837 1040 minime
862 1015 1036 1051 novum,
1058 1001 1130 1055 qui
1161 1012 1204 1041 et
1239 1013 1279 1041 te
1310 1015 1493 1051 nossem,
1515 1009 1558 1041 et
1587 1009 1755 1041 tuarum

327 1056 563 1097 litterarum
587 1056 639 1097 ad
663 1071 729 1097 me
753 1058 973 1097 missarum
1007 1058 1215 1112 promissa
1238 1058 1537 1108 meminissem,
1561 1066 1604 1098 et
1626 1056 1755 1097 habe-

329 1127 415 1154 rem
440 1129 464 1154 a
488 1113 647 1154 Furnio
669 1123 815 1154 nostro
839 1125 911 1155 tua
934 1116 1101 1170 penitus
1131 1115 1309 1156 consilia
1330 1115 1519 1171 cognita.
1542 1114 1613 1154 sed
1637 1127 1756 1154 sena-

195 1191 227 1222 p.
249 1171 392 1211 151.tui
416 1171 579 1226 majora
600 1171 690 1211 visa
712 1182 824 1220 sunt,
847 1187 973 1226 quam
997 1181 1118 1212 erant
1140 1182 1414 1228 exspectata:
1447 1186 1531 1212 non
1555 1185 1640 1226 quo
1665 1185 1756 1210 um-

284 1235 455 1282 a·quam
479 1228 531 1268 de
554 1237 625 1268 tua
647 1227 867 1268 voluntate
887 1229 1150 1279 dubitasset3
1178 1230 1248 1270 sed
1273 1244 1365 1277 nec,
1387 1238 1593 1283 quantum
1618 1226 1756 1268 facere

325 1299 487 1340 posses,
518 1299 597 1324 nec
629 1286 769 1340 quoad
805 1286 1002 1341 progredi
1027 1286 1167 1334 velles,
1190 1287 1459 1341 exploratum
1493 1285 1595 1326 satis
1626 1284 1756 1325 habe-

325 1343 413 1384 bat.
475 1341 628 1396 Itaque
658 1356 754 1382 cum
788 1356 825 1382 a.
849 1342 888 1382 d.
916 1357 984 1383 v11
1022 1342 1122 1383 [dus
1155 1343 1337 1398 Apriles,
1368 1357 1491 1382 mane
1525 1342 1627 1382 mihi
1661 1351 1754 1381 tuas

322 1398 486 1439 litteras
518 1398 584 1438 M.
610 1398 845 1438 Varisidius
869 1399 1133 1448 reddidisset,
1155 1413 1308 1454 easque
1338 1400 1550 1455 legissem,
1573 1398 1755 1439 incredi-

324 1455 399 1496 bili
431 1455 589 1510 gaudio
623 1469 713 1494 sum
738 1455 871 1495 elatus
894 1473 902 1497 2
935 1470 1117 1510 cumque
1139 1471 1296 1512 magna
1317 1456 1546 1497 multitudo
1569 1455 1756 1510 optimo-

322 1526 416 1552 rum
439 1512 628 1552 virorum
650 1520 694 1551 et
715 1512 873 1552 civium
909 1527 976 1552 nie
1013 1513 1142 1553 domo
1175 1513 1417 1562 deduceret,
1441 1512 1522 1552 feci
1546 1512 1753 1552 continuo

321 1583 470 1609 omnes
508 1568 737 1624 participes
775 1582 881 1609 mea:
920 1569 1167 1624 voluptatis.
1230 1569 1407 1610 Interim
1448 1569 1500 1610 ad
1533 1582 1602 1608 me
1636 1568 1754 1609 venit

322 1625 550 1666 Munatius
572 1635 731 1674 noster,
754 1635 801 1665 ut
829 1636 1078 1667 consuerat:
1112 1636 1156 1666 at
1183 1640 1265 1682 ego
1289 1627 1327 1666 ei
1350 1626 1510 1667 litteras
1533 1633 1626 1665 tuas
1647 1641 1656 1666 :
1690 1625 1754 1665 ni-

321 1682 486 1727 hildum
509 1682 622 1722 enim
646 1682 822 1723 sciebat.
847 1697 944 1723 nam
967 1683 1017 1723 ad
1043 1698 1109 1723 ine
1134 1683 1317 1739 primum
1340 1682 1599 1723 Varisidius:
1623 1681 1752 1737 idque

322 1739 404 1782 sibi
427 1749 515 1780 ate
539 1739 785 1780 mandatum
813 1753 904 1780 esse
936 1740 1120 1781 dicebat.
1185 1739 1333 1780 Paullo
1369 1749 1466 1796 post
1497 1739 1610 1779 idem
1646 1739 1753 1779 mihi

322 1796 550 1838 Munatius
582 1810 652 1836 eas
685 1795 847 1836 litteras
881 1797 1079 1852 legendas
1108 1797 1240 1846 dedit,
1263 1811 1367 1851 quas
1397 1797 1475 1852 ipsi
1499 1796 1688 1845 miseras,
1709 1806 1754 1836 et

320 1868 407 1904 eas,
428 1868 534 1908 quas
570 1852 754 1908 publice.
816 1852 986 1894 Placuit
1016 1854 1154 1904 nobis,
1178 1863 1223 1894 ut
1258 1855 1402 1894 statim
1432 1853 1483 1893 ad
1509 1852 1751 1893 Cornutum

321 1920 548 1967 praetorem
581 1911 790 1950 urbanum
821 1909 983 1952 litteras
1013 1910 1296 1951 deferremus:
1329 1911 1418 1965 qui,
1451 1909 1565 1964 quod
1597 1923 1753 1950 consu-

321 1969 380 2009 les
401 1968 592 2017 aberant,
606 1965 827 2007 consulare
849 1981 1001 2008 munus
1026 1967 1265 2008 sustinebat
1286 1981 1402 2007 inore
1424 1966 1651 2020 majorum.
1676 1965 1752 2006 Se-

320 2034 447 2065 natus
479 2033 543 2064 est
575 2024 782 2065 continuo
816 2034 1092 2075 convocatus,
1114 2023 1397 2078 frequensque
1425 2023 1628 2064 convenit
1656 2037 1754 2078 pro-

320 2090 417 2138 pter
438 2081 595 2122 famam
618 2091 746 2135 atque
767 2081 1135 2137 exspectationem
1159 2091 1326 2122 tuarum
1354 2081 1604 2122 litterarum.
1668 2079 1751 2120 Re-

320 2139 464 2180 citatis
493 2138 660 2186 litteris,
682 2137 828 2178 oblata
856 2137 1006 2194 religio
1043 2138 1238 2179 Cornuto
1271 2147 1349 2188 est,
1372 2137 1645 2193 pullariorum
1676 2137 1750 2178 ad-

318 2196 504 2246 monitu,
525 2210 612 2236 non
634 2195 735 2235 satis
759 2194 985 2250 diligenter
1005 2209 1103 2236 eum
1134 2195 1336 2252 auspiciis
1366 2197 1539 2250 o'peram
1571 2193 1751 2234 dedisse.

319 2252 448 2308 idque
469 2267 493 2292 a
515 2261 661 2293 nostro
683 2251 867 2307 collegio
889 2253 1218 2308 comprobatum
1241 2261 1319 2292 est.
1360 2250 1512 2306 Itaque
1535 2266 1597 2291 res
1621 2250 1752 2291 dilata

319 2318 384 2350 est
404 2310 447 2350 in
471 2319 704 2364 posterum.
766 2308 829 2349 Eo
861 2319 1002 2350 autem
1034 2310 1103 2350 die
1135 2323 1292 2366 magna
1313 2308 1418 2349 mihi
1442 2312 1481 2343 39
1498 2323 1572 2364 pro
1593 2318 1666 2348 tua
1686 2307 1750 2347 di-

1055 2423 1188 2453 nomine
1201 2422 1363 2463 privatim,
1376 2427 1412 2451 ut
1425 2422 1579 2457 amicum,
1596 2429 1748 2459 magnam

1055 2465 1206 2495 laetitiam
1224 2474 1346 2504 capere.
1393 2463 1431 2493 Id
1452 2468 1501 2492 est
1525 2462 1748 2492 manifestum.

1055 2507 1220 2543 Breviter:
1243 2506 1369 2546 publice
1386 2505 1525 2535 maxime
1539 2504 1676 2543 gaudeo,
1694 2504 1749 2535 sed

1055 2550 1155 2579 etiam
1172 2549 1263 2578 valde
1279 2547 1439 2587 privatim.
1489 2546 1527 2576 In
1543 2546 1601 2576 hac
1615 2551 1748 2576 senten-

1053 2592 1101 2621 tia
1125 2591 1182 2620 illa
1200 2591 1343 2629 jurantis
1363 2590 1466 2619 forma
1482 2587 1590 2617 locum
1607 2598 1671 2617 non
1688 2587 1746 2618 ha-

1053 2633 1118 2663 bet.
1164 2632 1208 2662 Et
1231 2631 1311 2662 illud
1333 2633 1483 2661 victorem
1503 2633 1533 2659 tr:
1554 2631 1747 2668 complectar

359 2427 399 2454 38
421 2427 458 2453 ut
474 2421 752 2463 m.p.-—a1{ferat]
787 2423 841 2453 Sic
863 2423 934 2464 edd.
959 2433 1009 2462 pr.

316 2475 442 2501 Omnes,
458 2465 504 2500 sic
529 2464 608 2495 Mss.
635 2470 754 2504 praeter
778 2464 895 2495 Medic.
910 2477 927 2495 e
947 2475 1012 2504 quo

314 2508 480 2540 Victorius
501 2506 602 2537 edidit
618 2505 740 2545 adfert,
757 2512 790 2537 et
811 2506 924 2543 alium,
941 2506 1013 2537 Ma-

316 2550 410 2580 nutio
430 2550 546 2584 visum,
563 2549 616 2588 qui
640 2553 674 2578 et
697 2558 857 2588 recepere,
880 2553 913 2578 et
940 2555 1013 2588 post

315 2593 476 2622 Graevius.
493 2600 609 2630 nempe
634 2591 683 2620 ita
706 2591 900 2621 adfirmante
915 2600 1011 2622 sensu

315 2635 492 2674 accipiunt.
534 2633 566 2663 «Ι.
583 2633 738 2663 Gronovii
757 2637 868 2662 notam
884 2632 923 2661 ad
939 2632 969 2662 h.
989 2633 1010 2663 1.

315 2685 381 2706 non
417 2675 579 2715 intelligo.
623 2675 693 2714 Ego
728 2679 841 2704 tamen
877 2673 1010 2713 (afferat

313 2719 446 2748 servavi.
476 2727 551 2747 nam
579 2717 771 2747 adfirmandi
801 2716 945 2745 sanctius
976 2720 1010 2747 et

306 2759 439 2797 jurandi
457 2760 561 2790 forma
574 2759 613 2790 ab
627 2759 688 2789 h.1.
704 2766 753 2789 est
768 2759 886 2789 aliena.
913 2758 1009 2788 Dixit

314 2802 440 2835 ,Cic-ero,
452 2803 509 2831 etsi
525 2803 602 2841 reip.
615 2810 727 2832 caussa
737 2802 878 2831 maxime
893 2799 1008 2830 debeat

312 2846 381 2883 ejus
408 2844 543 2874 victoria
572 2843 723 2883 gaudere,
750 2850 862 2875 tamen
889 2847 922 2872 et
950 2851 1008 2873 suo

1053 2674 1148 2714 plane
1179 2683 1245 2704 non
1271 2678 1383 2713 aptam
1418 2672 1516 2704 habet
1548 2672 1747 2703 senteutiam

1045 2716 1184 2755 juranti.

1093 2760 1133 2791 39
1149 2767 1212 2797 pro
1228 2761 1286 2787 tua
1302 2757 1332 2787 d.
1347 2767 1374 2787 c.
1389 2766 1465 2786 cum
1482 2754 1633 2794 Servilio]
1659 2754 1751 2789 Con—s

1051 2800 1161 2835 sulm-i,
1178 2800 1232 2840 qui
1248 2798 1361 2830 consul
1376 2808 1450 2829 cum
1467 2799 1594 2830 Caesare
1607 2797 1726 2828 fuerat.
