1860 3228
546 111 729 152 cOELll
756 111 836 150 AD
863 112 1230 153 CICERONEM.
1531 119 1606 166 183„

174 216 394 273 republica
437 216 554 272 quod
602 217 678 259 tibi
731 216 931 268 scribam,
977 217 1087 259 nihil
1135 218 1291 260 habeo.
1350 220 1390 251 23
1406 218 1604 264 Marcelli

173 274 359 330 impetus
391 274 653 324 resederunt,
692 287 776 314 non
809 274 976 326 inertia,
1013 276 1085 316 sed
1118 278 1187 328 (ut
1218 275 1324 316 mihi
1358 276 1602 328 videbatur)

173 332 369 373 consilio.
430 330 499 373 De
515 330 703 372 comitiis
725 330 1021 372 consularibus
1043 332 1328 374 incertissima
1358 341 1421 373 est
1453 333 1604 374 existi-

171 389 322 430 matio.
383 387 477 445 Ego
510 387 641 428 incidi
675 388 718 429 in
749 389 1077 444 competitorem
1111 390 1315 440 nobilem,
1346 399 1389 430 et
1412 390 1602 432 nobilem

169 456 384 501 agentem.
446 444 557 486 Nam
582 443 650 485 M.
674 443 899 497 Octavius,
930 445 1013 487 Cn.
1037 446 1162 497 filius,
1185 458 1229 488 et
1257 445 1308 487 C.
1335 445 1489 487 Hirrus
1513 462 1601 488 me-

167 517 268 543 cum
291 503 412 559 petit.
466 501 567 542 Hoc
591 501 686 543 ideo
710 502 876 559 scripsi,
898 503 1014 558 quod
1038 504 1142 554 scio,
1167 513 1208 545 te
1229 505 1400 554 acriter,
1426 514 1601 560 propter

170 558 365 610 Hirrum,
398 559 597 600 nuntium
635 570 878 601 nostrorum
917 561 1195 602 comitiorum
1228 571 1597 616 exspectaturum.

166 614 232 656 Tu
252 625 392 656 tamen
412 615 537 657 simul
559 632 608 657 ac
626 631 693 658 me
711 617 984 672 designatum
1003 617 1202 669 audieris,
1226 628 1273 658 ut
1293 619 1372 659 tibi
1392 633 1506 659 curae
1526 619 1596 670 sit,

166 672 281 727 quod
313 673 365 713 ad
398 673 626 729 pantheras
656 674 826 724 attinet,
858 688 979 729 rogo.
1041 675 1341 731 Syngrapham
1365 675 1592 717 Sittianam
1607 685 1725 722 μηδ.

165 729 244 770 tibi
267 730 538 771 commendo.
572 731 942 772 commentarium
964 745 1102 772 rerum
1128 733 1387 773 urbanarum
1412 734 1638 789 primum&

163 785 260 826 dedi
289 786 336 827 L.
360 786 578 829 Castrinio
603 788 752 830 Paeto:
784 789 1019 829 secundum
1043 790 1097 841 ei,
1126 790 1199 846 qui
1222 789 1299 830 has
1321 789 1483 831 litteras
1514 790 1596 831 tibi

163 842 298 884 dedu.
675 902 1080 941 ARGUMENI'UM.
1610 911 1636 948 s

160 963 273 1000 Suum
300 967 337 1001 in
360 965 545 1001 scribendo
565 964 733 1013 officium,
753 978 927 1014 suumque
958 967 1139 1003 Ciceronis
1169 968 1384 1004 desiderium
1402 970 1598 1018 significat.

208 1028 273 1052 nec
290 1029 360 1052 non
379 1018 422 1052 de
437 1019 511 1052 suis
529 1019 684 1053 comitiis
702 1022 738 1053 et
754 1019 1070 1066 competitoribus,-
1101 1021 1211 1055 etiam
1230 1021 1274 1056 de
1303 1020 1457 1057 Milonis
1483 1023 1597 1057 rebus.

215 1069 373 1105 Tandem
391 1081 494 1105 suam
513 1082 593 1105 cum
613 1071 781 1106 Cicerone
801 1072 1004 1107 amicitiam
1026 1073 1066 1108 in
1094 1072 1218 1120 aliquo
1238 1073 1338 1108 illius
1359 1073 1450 1109 libro
1469 1085 1600 1109 memo-

211 1123 289 1157 rari
307 1123 420 1169 cupit.
1059 1137 1063 1141 ·

545 1187 789 1231 COELIUS
821 1188 1147 1241 CICERONI,
1180 1190 1223 1230 S.

154 1245 394 1298 ESTNE?
429 1257 542 1298 vici?
585 1266 628 1297 et
662 1257 742 1297 tibi
776 1271 907 1312 saepe,
945 1257 1117 1312 24quod
1155 1272 1335 1312 negaras
1373 1258 1595 1300 discedens

155 1324 402 1355 curaturum
427 1314 521 1363 tibi,
544 1314 706 1354 litteras
729 1313 885 1355 mitto?
914 1312 1006 1364 Est,
1031 1314 1065 1354 si
1099 1314 1272 1369 quidem
1304 1315 1595 1370 perferuntur,

147 1385 258 1425 ‚quas
277 1371 348 1412 do.
408 1370 554 1425 Atque
573 1370 655 1410 hoc
677 1384 727 1411 eo
752 1370 1002 1426 diligentius
1025 1370 1194 1420 factito,
1217 1372 1331 1426 quod
1358 1387 1458 1413 cum
1481 1375 1592 1414 otio-

153 1442 223 1468 sus
257 1443 364 1479 sum,
396 1428 535 1483 plane,
568 1427 641 1468 ubi
673 1427 882 1469 delectem
914 1427 1095 1469 otiolum
1127 1442 1286 1480 meum,
1318 1444 1406 1470 non
1436 1429 1592 1471 habeo.

151 1483 216 1526 Tu
239 1500 338 1526 cum
356 1485 509 1525 Romae
532 1499 640 1535 (ἐνεὶς,
661 1484 745 1525 hoc
766 1484 1049 1527 mihicertum
1072 1500 1122 1526 ac
1141 1486 1505 1542 jucundissimum
1521 1502 1575 1528 va

151 1542 268 1583 canti
299 1543 522 1598 negotium
545 1550 650 1592 erat,
685 1551 830 1583 tecum
853 1542 895 1583 id
923 1542 1000 1583 otii
1026 1552 1194 1599 tempus
1218 1557 1496 1585 consumere:
1529 1545 1593 1585 id-

151 1614 236 1654 que
274 1614 359 1640 non
399 1599 672 1640 mediocriter
713 1599 933 1652 desider03
969 1608 1019 1640 ut
1056 1614 1143 1640 non
1178 1600 1310 1641 modo
1341 1601 1447 1642 mihi
1479 1602 1593 1642 solus

146 1671 254 1708 esse,
287 1657 358 1698 sed
400 1656 570 1707 Romae,
607 1665 648 1696 te
683 1655 895 1712 profecto,
937 1657 1126 1698 solitudo
1162 1658 1356 1698 videatur
1378 1658 1517 1700 facta:
1549 1670 1592 1699 et

146 1715 221 1768 qui
243 1718 359 1769 (quae
383 1728 478 1754 mea
500 1712 770 1769 negligentia
790 1715 875 1764 est)
910 1715 1068 1755 multos
1085 1721 1207 1770 ⁴saepe
1224 1715 1315 1756 dies
1336 1716 1387 1755 ad
1413 1725 1469 1765 te,
1490 1730 1588 1756 cum

147 1770 220 1812 hic
250 1785 357 1820 erem,
390 1786 477 1811 non
514 1770 789 1822 accedebam,
822 1785 938 1812 nunc
973 1771 1169 1828 quotidie
1201 1786 1287 1812 non
1324 1786 1416 1813 esse
1451 1783 1506 1822 te,
1537 1774 1590 1814 ad

145 1843 272 1883 ,quem
299 1829 517 1879 cursitem,
539 1828 792 1869 discrucior.
855 1827 1055 1869 Maxime
1088 1843 1205 1880 vero,
1239 1840 1285 1870 ut
1317 1841 1359 1869 te
1390 1830 1480 1870 dies
1511 1844 1591 1870 no-²

144 1894 322 1942 ctesque
343 1901 548 1942 quaeram,
572 1885 834 1941 competitor
859 1885 1016 1929 Hirrus
1037 1895 1174 1927 curat.
1208 1887 1444 1932 Quomodo
1468 1885 1588 1928 illum

145 1953 270 1999 putas
293 1952 526 1999 auguratus
550 1953 672 1983 tuum
694 1944 1026 1999 competitorem
1055 1942 1214 1994 dolere,
1236 1954 1280 1984 et
1301 1943 1586 1994 dissimulare,

142 2015 214 2042 me
248 2001 490 2051 certiorem,
520 2015 649 2056 quam
680 2014 738 2052 se,
780 2000 1088 2041 candidatum?
1130 2001 1183 2041 de
1219 2015 1321 2055 quo,
1354 2010 1417 2051 ut,
1455 2015 1587 2056 quein

142 2068 282 2115 optas,
301 2072 430 2114 quam
469 2058 657 2113 primum
692 2057 893 2098 nuntium
925 2057 1128 2113 accipitre,
1161 2068 1235 2098 tua
1256 2058 1421 2098 medius
1455 2058 1583 2099 fidius

141 2117 296 2172 magis,
316 2129 445 2171 quam
474 2130 570 2155 mea
591 2129 720 2155 causa
742 2115 887 2171 cupio.
926 2117 966 2146 <25
983 2115 1094 2156 Nam
1119 2129 1228 2166 mea,
1252 2116 1283 2155 si
1307 2116 1378 2164 fio,
1402 2114 1584 2156 forsitan

143 2187 242 2214 cum
284 2172 564 2228 locupletiore
604 2170 801 2212 referam.
843 2172 915 2213 sed
956 2172 1038 2213 hoc
1082 2186 1216 2227 usque
1253 2186 1304 2212 eo
1338 2186 1468 2213 suave
1502 2181 1582 2223 est,

142 2230 182 2262 26
195 2230 312 2286 quod
333 2230 367 2270 si
389 2229 609 2281 acciderit,
632 2237 725 2269 tota
752 2229 841 2270 vita
872 2230 980 2270 risus
1001 2228 1126 2270 nobis
1144 2230 1290 2270 deesse
1310 2244 1396 2271 non
1427 2229 1580 2285 possit.

134 2345 186 2381 ‘hil
212 2344 301 2384 quid,
323 2348 364 2373 ut
390 2342 488 2382 vulgo
516 2341 638 2372 editur.
681 2341 726 2372 Et
753 2343 838 2382 quod
871 2343 1009 2382 pleeiore
1034 2342 1193 2384 referam]
1232 2342 1460 2373 Breviusculei
1496 2352 1582 2374 nam

161 2388 235 2418 lane
250 2392 301 2417 est
318 2386 353 2416 in
371 2386 433 2415 Ms.
451 2385 515 2415 Gn.
535 2387 562 2414 l.
878 2395 964 2422 mea,
994 2385 1058 2415 int,
1082 2394 1204 2416 causa.-
1240 2394 1319 2415 nam
1346 2385 1432 2424 quod
1458 2384 1500 2415 ad
1523 2395 1578 2417 me

178 2431 218 2460 23
233 2429 387 2460 Marcelli
402 2425 553 2467 impetus]
578 2426 704 2466 Agendi
717 2434 835 2459 contra
876 2436 1047 2466 meamque
1061 2436 1192 2457 causam
1209 2427 1243 2456 in
1259 2437 1297 2457 ea
1313 2436 1346 2457 re
1360 2427 1578 2458 ammentum

135 2472 314 2507 Caesarem,
328 2481 385 2510 per
397 2470 590 2500 relationem
603 2469 673 2500 scil.
688 2469 727 2499 de
739 2470 834 2500 abro-
875 2469 909 2499 in
927 2469 976 2499 his
978 2468 1015 2509 j:
1037 2479 1112 2499 cum
1129 2470 1332 2507 locupletiore
1344 2468 1501 2509 reseram,
1518 2470 1577 2498 ob.

134 2514 244 2554 gando
269 2514 300 2544 ei
324 2513 461 2553 imperio
487 2516 521 2542 et
545 2521 729 2542 successore
755 2513 833 2543 mit·
874 2521 969 2541 scura
992 2518 1042 2541 est
1062 2512 1239 2542 sententia.
1283 2511 1380 2542 Forte
1401 2521 1439 2541 re
1461 2511 1576 2543 vitiose

135 2557 250 2591 tendo.
874 2553 1079 2594 duplicatum
1100 2561 1169 2584 est:
1181 2552 1334 2593 forsitan
1349 2563 1422 2584 cum
1437 2554 1575 2592 locuple-

175 2601 218 2631 24
247 2599 332 2638 quod
357 2607 500 2637 negaras
521 2597 683 2627 discedens
695 2601 832 2627 curatu-
872 2597 954 2626 tiore
968 2594 1110 2636 seram.-
1144 2596 1165 2626 i.
1194 2596 1364 2636 accipiam,
1393 2604 1575 2634 consequar

131 2641 225 2681 rum]
251 2641 361 2672 Primo
376 2642 499 2672 clarum
524 2646 586 2676 est,
602 2649 660 2679 pro
684 2649 834 2677 negaras
872 2638 1079 2675 affluitatem,
1091 2648 1111 2668 a
1123 2648 1188 2677 quo
1201 2639 1312 2668 vincar
1327 2637 1575 2677 magnificentia

133 2691 201 2714 esse
223 2682 338 2714 debere
361 2683 518 2722 negabas.
562 2681 688 2713 Deinde
711 2681 830 2712 adden·
874 2690 1068 2711 munerum:
1092 2680 1179 2720 quod
1204 2680 1284 2711 mihi
1312 2689 1426 2719 parum
1449 2681 1572 2719 jucun-

131 2725 209 2756 dum
228 2735 289 2762 me,
304 2725 366 2756 hoc
381 2726 493 2756 niodo:
512 2726 597 2765 quod
610 2724 753 2762 negabas
764 2725 828 2754 a'is-
872 2722 949 2752 dum
965 2723 1062 2753 foret.

130 2767 243 2799 cedens
259 2767 300 2808 (s,
315 2768 485 2805 decedens,
513 2773 550 2797 ut
565 2777 616 2808 ep.
636 2767 677 2806 1.)
698 2776 748 2797 me
769 2776 827 2796 ou·
913 2765 954 2796 26
975 2766 1061 2804 quod
1079 2765 1106 2794 si
1121 2763 1204 2803 ιιι-0.]
1230 2763 1381 2793 Debebat
1394 2772 1475 2800 esse,
1490 2768 1529 2795 ut
1541 2766 1570 2796 si

127 2813 296 2843 faturum.
868 2807 908 2837 id
926 2808 1082 2838 acciderit
1097 2807 1156 2836 ἂρ.
1201 2805 1262 2835 Sed
1277 2812 1310 2835 et
1323 2806 1357 2835 in
1370 2807 1455 2845 qaod
1468 2814 1518 2837 est
1531 2812 1571 2839 ut

167 2852 209 2882 35
233 2851 328 2882 Nam
356 2851 611 2888 mea—forsitan
635 2859 711 2882 cum
739 2851 825 2882 locu-
869 2850 915 2880 id.
950 2849 1075 2880 verum
1090 2848 1200 2880 neutri
1214 2848 1369 2880 convenit
1383 2848 1568 2889 vulgatum,

809 2897 891 2932 N4
