<?xml version="1.0" encoding="UTF-8"?>
<!DOCTYPE html PUBLIC "-//W3C//DTD XHTML 1.0 Transitional//EN"
    "http://www.w3.org/TR/xhtml1/DTD/xhtml1-transitional.dtd">
<html xmlns="http://www.w3.org/1999/xhtml" xml:lang="en" lang="en">
 <head>
  <title>
</title>
<meta http-equiv="Content-Type" content="text/html;charset=utf-8" />
  <meta name='ocr-system' content='tesseract 3.04.00' />
  <meta name='ocr-capabilities' content='ocr_page ocr_carea ocr_par ocr_line ocrx_word'/>
</head>
<body>
  <div class='ocr_page' id='page_1' title='image "./p1operaomnia03ciceuoft_0049.png"; bbox 0 0 1817 3196; ppageno 0'>
   <div class='ocr_carea' id='block_1_1' title="bbox 367 93 1497 153">
    <p class='ocr_par' dir='ltr' id='par_1_1' title="bbox 367 93 1497 153">
     <span class='ocr_line' id='line_1_1' title="bbox 367 93 1497 153; baseline -0.004 -16"><span class='ocrx_word' id='word_1_1' title='bbox 367 98 446 137; x_wconf 88' lang='lat' dir='ltr'>AD</span> <span class='ocrx_word' id='word_1_2' title='bbox 473 98 515 136; x_wconf 89' lang='lat' dir='ltr'>C.</span> <span class='ocrx_word' id='word_1_3' title='bbox 539 95 876 153; x_wconf 84' lang='lat' dir='ltr'>CURIONEM,</span> <span class='ocrx_word' id='word_1_4' title='bbox 903 93 978 133; x_wconf 88' lang='lat' dir='ltr'>ET</span> <span class='ocrx_word' id='word_1_5' title='bbox 1004 94 1190 133; x_wconf 78' lang='lat' dir='ltr'>Amos.</span> <span class='ocrx_word' id='word_1_6' title='bbox 1449 98 1497 133; x_wconf 76' lang='lat'>41</span> 
     </span>
    </p>
   </div>
   <div class='ocr_carea' id='block_1_2' title="bbox 72 197 1505 824">
    <p class='ocr_par' dir='ltr' id='par_1_2' title="bbox 72 197 1505 824">
     <span class='ocr_line' id='line_1_2' title="bbox 75 197 1501 256; baseline -0.003 -15"><span class='ocrx_word' id='word_1_7' title='bbox 75 215 282 242; x_wconf 78' lang='lat' dir='ltr'>summam</span> <span class='ocrx_word' id='word_1_8' title='bbox 305 200 484 256; x_wconf 84' lang='lat' dir='ltr'>gloriam</span> <span class='ocrx_word' id='word_1_9' title='bbox 505 199 611 241; x_wconf 89' lang='lat' dir='ltr'>nihil</span> <span class='ocrx_word' id='word_1_10' title='bbox 629 200 754 250; x_wconf 87' lang='lat' dir='ltr'><strong>desit,</strong></span> <span class='ocrx_word' id='word_1_11' title='bbox 776 200 855 240; x_wconf 89' lang='lat' dir='ltr'>nisi</span> <span class='ocrx_word' id='word_1_12' title='bbox 877 213 1032 240; x_wconf 92' lang='lat' dir='ltr'>nomen</span> <span class='ocrx_word' id='word_1_13' title='bbox 1055 198 1230 254; x_wconf 86' lang='lat' dir='ltr'>oppidi:</span> <span class='ocrx_word' id='word_1_14' title='bbox 1253 197 1367 252; x_wconf 85' lang='lat' dir='ltr'>quod</span> <span class='ocrx_word' id='word_1_15' title='bbox 1386 198 1434 247; x_wconf 91' lang='lat' dir='ltr'>si,</span> <span class='ocrx_word' id='word_1_16' title='bbox 1454 207 1501 238; x_wconf 91' lang='lat' dir='ltr'>ut</span> 
     </span>
     <span class='ocr_line' id='line_1_3' title="bbox 74 253 1501 314; baseline -0.002 -16"><span class='ocrx_word' id='word_1_17' title='bbox 74 272 211 314; x_wconf 90' lang='lat' dir='ltr'>spero,</span> <span class='ocrx_word' id='word_1_18' title='bbox 233 272 409 312; x_wconf 91' lang='lat' dir='ltr'>cepero:</span> <span class='ocrx_word' id='word_1_19' title='bbox 443 267 533 298; x_wconf 89' lang='lat' dir='ltr'>t-um</span> <span class='ocrx_word' id='word_1_20' title='bbox 558 271 656 297; x_wconf 89' lang='lat' dir='ltr'>vero</span> <span class='ocrx_word' id='word_1_21' title='bbox 680 257 838 298; x_wconf 82' lang='lat' dir='ltr'>litteras</span> <span class='ocrx_word' id='word_1_22' title='bbox 868 256 1036 311; x_wconf 90' lang='lat' dir='ltr'>publice</span> <span class='ocrx_word' id='word_1_23' title='bbox 1063 257 1247 295; x_wconf 86' lang='lat' dir='ltr'>mittam.</span> <span class='ocrx_word' id='word_1_24' title='bbox 1309 253 1420 294; x_wconf 83' lang='lat' dir='ltr'>Haec</span> <span class='ocrx_word' id='word_1_25' title='bbox 1448 255 1501 295; x_wconf 88' lang='lat' dir='ltr'>ad</span> 
     </span>
     <span class='ocr_line' id='line_1_4' title="bbox 73 311 1501 370; baseline -0.004 -16"><span class='ocrx_word' id='word_1_26' title='bbox 73 323 116 354; x_wconf 87' lang='lat' dir='ltr'>te</span> <span class='ocrx_word' id='word_1_27' title='bbox 137 314 179 355; x_wconf 90' lang='lat' dir='ltr'>in</span> <span class='ocrx_word' id='word_1_28' title='bbox 203 314 400 370; x_wconf 70' lang='lat' dir='ltr'>praesenti</span> <span class='ocrx_word' id='word_1_29' title='bbox 421 314 584 369; x_wconf 82' lang='lat' dir='ltr'>scripsi,</span> <span class='ocrx_word' id='word_1_30' title='bbox 610 324 654 353; x_wconf 87' lang='lat' dir='ltr'>ut</span> <span class='ocrx_word' id='word_1_31' title='bbox 677 328 832 369; x_wconf 80' lang='lat' dir='ltr'>speres,</span> <span class='ocrx_word' id='word_1_32' title='bbox 864 324 904 354; x_wconf 89' lang='lat' dir='ltr'>te</span> <span class='ocrx_word' id='word_1_33' title='bbox 932 312 1099 367; x_wconf 87' lang='lat' dir='ltr'>ussequi</span> <span class='ocrx_word' id='word_1_34' title='bbox 1126 312 1184 362; x_wconf 86' lang='lat' dir='ltr'>id,</span> <span class='ocrx_word' id='word_1_35' title='bbox 1219 311 1332 365; x_wconf 88' lang='lat' dir='ltr'>quod</span> <span class='ocrx_word' id='word_1_36' title='bbox 1356 318 1501 365; x_wconf 87' lang='lat' dir='ltr'>optas-</span> 
     </span>
     <span class='ocr_line' id='line_1_5' title="bbox 74 367 1500 420; baseline -0.002 -10"><span class='ocrx_word' id='word_1_37' title='bbox 74 385 152 411; x_wconf 77' lang='lat' dir='ltr'>seS.</span> <span class='ocrx_word' id='word_1_38' title='bbox 213 371 311 420; x_wconf 88' lang='lat' dir='ltr'>Sed,</span> <span class='ocrx_word' id='word_1_39' title='bbox 345 381 388 411; x_wconf 89' lang='lat' dir='ltr'>ut</span> <span class='ocrx_word' id='word_1_40' title='bbox 418 371 584 412; x_wconf 80' lang='lat' dir='ltr'>redeam</span> <span class='ocrx_word' id='word_1_41' title='bbox 618 370 670 411; x_wconf 87' lang='lat' dir='ltr'>ad</span> <span class='ocrx_word' id='word_1_42' title='bbox 707 371 902 420; x_wconf 86' lang='lat' dir='ltr'>Parthos,</span> <span class='ocrx_word' id='word_1_43' title='bbox 936 369 1029 410; x_wconf 70' lang='lat' dir='ltr'>haec</span> <span class='ocrx_word' id='word_1_44' title='bbox 1060 377 1184 409; x_wconf 85' lang='lat' dir='ltr'>aestas</span> <span class='ocrx_word' id='word_1_45' title='bbox 1212 367 1364 408; x_wconf 86' lang='lat' dir='ltr'>habuit</span> <span class='ocrx_word' id='word_1_46' title='bbox 1386 367 1500 408; x_wconf 87' lang='lat' dir='ltr'>hunc</span> 
     </span>
     <span class='ocr_line' id='line_1_6' title="bbox 75 424 1499 482; baseline -0.002 -16"><span class='ocrx_word' id='word_1_47' title='bbox 75 427 239 467; x_wconf 86' lang='lat' dir='ltr'>exitum</span> <span class='ocrx_word' id='word_1_48' title='bbox 263 427 363 468; x_wconf 84' lang='lat' dir='ltr'>satis</span> <span class='ocrx_word' id='word_1_49' title='bbox 387 426 567 468; x_wconf 81' lang='lat' dir='ltr'>felicem.</span> <span class='ocrx_word' id='word_1_50' title='bbox 603 426 786 482; x_wconf 83' lang='lat' dir='ltr'>Ea‚quae</span> <span class='ocrx_word' id='word_1_51' title='bbox 802 427 1006 482; x_wconf 88' lang='lat' dir='ltr'>sequitur,</span> <span class='ocrx_word' id='word_1_52' title='bbox 1021 441 1178 481; x_wconf 82' lang='lat' dir='ltr'>magno</span> <span class='ocrx_word' id='word_1_53' title='bbox 1192 434 1256 465; x_wconf 89' lang='lat' dir='ltr'>est</span> <span class='ocrx_word' id='word_1_54' title='bbox 1275 425 1315 464; x_wconf 90' lang='lat' dir='ltr'>in</span> <span class='ocrx_word' id='word_1_55' title='bbox 1333 424 1499 464; x_wconf 90' lang='lat' dir='ltr'>timore.</span> 
     </span>
     <span class='ocr_line' id='line_1_7' title="bbox 76 480 1503 540; baseline -0.001 -16"><span class='ocrx_word' id='word_1_56' title='bbox 76 483 235 534; x_wconf 83' lang='lat' dir='ltr'><strong>Quare,</strong></span> <span class='ocrx_word' id='word_1_57' title='bbox 258 485 315 524; x_wconf 87' lang='lat' dir='ltr'>mi</span> <span class='ocrx_word' id='word_1_58' title='bbox 342 483 468 535; x_wconf 80' lang='lat' dir='ltr'>Rufe,</span> <span class='ocrx_word' id='word_1_59' title='bbox 493 484 643 539; x_wconf 83' lang='lat' dir='ltr'>vigila:</span> <span class='ocrx_word' id='word_1_60' title='bbox 668 485 850 540; x_wconf 83' lang='lat' dir='ltr'>primum</span> <span class='ocrx_word' id='word_1_61' title='bbox 875 493 920 524; x_wconf 89' lang='lat' dir='ltr'>ut</span> <span class='ocrx_word' id='word_1_62' title='bbox 944 483 1047 524; x_wconf 79' lang='lat' dir='ltr'>mihi</span> <span class='ocrx_word' id='word_1_63' title='bbox 1072 481 1346 523; x_wconf 79' lang='lat' dir='ltr'>succedatur:</span> <span class='ocrx_word' id='word_1_64' title='bbox 1371 481 1435 520; x_wconf 89' lang='lat' dir='ltr'>sin</span> <span class='ocrx_word' id='word_1_65' title='bbox 1459 480 1503 522; x_wconf 86' lang='lat' dir='ltr'>id</span> 
     </span>
     <span class='ocr_line' id='line_1_8' title="bbox 72 536 1503 596; baseline -0.002 -16"><span class='ocrx_word' id='word_1_66' title='bbox 72 540 167 591; x_wconf 91' lang='lat' dir='ltr'>erit,</span> <span class='ocrx_word' id='word_1_67' title='bbox 191 552 237 581; x_wconf 86' lang='lat' dir='ltr'>ut</span> <span class='ocrx_word' id='word_1_68' title='bbox 259 541 422 592; x_wconf 80' lang='lat' dir='ltr'>scribis,</span> <span class='ocrx_word' id='word_1_69' title='bbox 441 551 498 592; x_wconf 88' lang='lat' dir='ltr'>et,</span> <span class='ocrx_word' id='word_1_70' title='bbox 524 552 567 581; x_wconf 91' lang='lat' dir='ltr'>ut</span> <span class='ocrx_word' id='word_1_71' title='bbox 591 556 672 596; x_wconf 88' lang='lat' dir='ltr'>ego</span> <span class='ocrx_word' id='word_1_72' title='bbox 695 542 892 591; x_wconf 82' lang='lat' dir='ltr'>arbitror,</span> <span class='ocrx_word' id='word_1_73' title='bbox 916 540 1113 595; x_wconf 80' lang='lat' dir='ltr'>spissius3</span> <span class='ocrx_word' id='word_1_74' title='bbox 1144 538 1263 589; x_wconf 89' lang='lat' dir='ltr'>illud,</span> <span class='ocrx_word' id='word_1_75' title='bbox 1294 537 1408 592; x_wconf 88' lang='lat' dir='ltr'>quod</span> <span class='ocrx_word' id='word_1_76' title='bbox 1439 536 1503 577; x_wconf 86' lang='lat' dir='ltr'>fa-</span> 
     </span>
     <span class='ocr_line' id='line_1_9' title="bbox 75 594 1503 653; baseline -0.003 -16"><span class='ocrx_word' id='word_1_77' title='bbox 75 596 156 638; x_wconf 90' lang='lat' dir='ltr'>cile</span> <span class='ocrx_word' id='word_1_78' title='bbox 177 606 254 647; x_wconf 88' lang='lat' dir='ltr'>est,</span> <span class='ocrx_word' id='word_1_79' title='bbox 285 612 337 638; x_wconf 90' lang='lat' dir='ltr'>ne</span> <span class='ocrx_word' id='word_1_80' title='bbox 365 598 467 652; x_wconf 86' lang='lat' dir='ltr'>quid</span> <span class='ocrx_word' id='word_1_81' title='bbox 492 598 595 638; x_wconf 79' lang='lat' dir='ltr'>milii</span> <span class='ocrx_word' id='word_1_82' title='bbox 621 599 823 653; x_wconf 85' lang='lat' dir='ltr'>temporis</span> <span class='ocrx_word' id='word_1_83' title='bbox 852 607 1118 653; x_wconf 81' lang='lat' dir='ltr'><strong>prorogetur.</strong></span> <span class='ocrx_word' id='word_1_84' title='bbox 1180 595 1248 636; x_wconf 89' lang='lat' dir='ltr'>De</span> <span class='ocrx_word' id='word_1_85' title='bbox 1270 594 1503 649; x_wconf 82' lang='lat' dir='ltr'><strong>republica,</strong></span> 
     </span>
     <span class='ocr_line' id='line_1_10' title="bbox 75 650 1505 710; baseline -0.003 -16"><span class='ocrx_word' id='word_1_86' title='bbox 75 667 128 694; x_wconf 88' lang='lat' dir='ltr'>ex</span> <span class='ocrx_word' id='word_1_87' title='bbox 154 655 251 704; x_wconf 89' lang='lat' dir='ltr'>tuis,</span> <span class='ocrx_word' id='word_1_88' title='bbox 277 665 320 695; x_wconf 86' lang='lat' dir='ltr'>ut</span> <span class='ocrx_word' id='word_1_89' title='bbox 343 664 467 695; x_wconf 79' lang='lat' dir='ltr'>antea</span> <span class='ocrx_word' id='word_1_90' title='bbox 491 656 568 695; x_wconf 87' lang='lat' dir='ltr'>tibi</span> <span class='ocrx_word' id='word_1_91' title='bbox 593 655 758 710; x_wconf 77' lang='lat' dir='ltr'>scripsi,</span> <span class='ocrx_word' id='word_1_92' title='bbox 782 669 877 695; x_wconf 91' lang='lat' dir='ltr'>cum</span> <span class='ocrx_word' id='word_1_93' title='bbox 907 654 1146 709; x_wconf 66' lang='lat' dir='ltr'>praesentia,</span> <span class='ocrx_word' id='word_1_94' title='bbox 1172 663 1260 692; x_wconf 87' lang='lat' dir='ltr'>tum</span> <span class='ocrx_word' id='word_1_95' title='bbox 1284 652 1414 692; x_wconf 87' lang='lat' dir='ltr'>etiam</span> <span class='ocrx_word' id='word_1_96' title='bbox 1438 650 1505 690; x_wconf 87' lang='lat' dir='ltr'>fu-</span> 
     </span>
     <span class='ocr_line' id='line_1_11' title="bbox 78 708 1505 767; baseline -0.001 -17"><span class='ocrx_word' id='word_1_97' title='bbox 78 719 173 750; x_wconf 86' lang='lat' dir='ltr'>tura</span> <span class='ocrx_word' id='word_1_98' title='bbox 195 712 329 767; x_wconf 83' lang='lat' dir='ltr'>magis</span> <span class='ocrx_word' id='word_1_99' title='bbox 349 722 568 767; x_wconf 80' lang='lat' dir='ltr'>exspecto.</span> <span class='ocrx_word' id='word_1_100' title='bbox 609 712 753 758; x_wconf 82' lang='lat' dir='ltr'><strong>Quare</strong></span> <span class='ocrx_word' id='word_1_101' title='bbox 778 721 823 751; x_wconf 87' lang='lat' dir='ltr'>ut</span> <span class='ocrx_word' id='word_1_102' title='bbox 841 711 893 752; x_wconf 86' lang='lat' dir='ltr'>ad</span> <span class='ocrx_word' id='word_1_103' title='bbox 917 725 984 751; x_wconf 89' lang='lat' dir='ltr'>me</span> <span class='ocrx_word' id='word_1_104' title='bbox 1006 710 1150 751; x_wconf 84' lang='lat' dir='ltr'>omnia</span> <span class='ocrx_word' id='word_1_105' title='bbox 1171 723 1298 764; x_wconf 83' lang='lat' dir='ltr'>quam</span> <span class='ocrx_word' id='word_1_106' title='bbox 1322 708 1505 764; x_wconf 83' lang='lat' dir='ltr'>diligen-</span> 
     </span>
     <span class='ocr_line' id='line_1_12' title="bbox 75 766 1194 824; baseline -0.003 -15"><span class='ocrx_word' id='word_1_107' title='bbox 75 767 238 809; x_wconf 83' lang='lat' dir='ltr'>tissime</span> <span class='ocrx_word' id='word_1_108' title='bbox 260 769 511 824; x_wconf 75' lang='lat' dir='ltr'>perscribaS,</span> <span class='ocrx_word' id='word_1_109' title='bbox 537 778 575 809; x_wconf 92' lang='lat' dir='ltr'>te</span> <span class='ocrx_word' id='word_1_110' title='bbox 599 768 870 809; x_wconf 86' lang='lat' dir='ltr'>vehementer</span> <span class='ocrx_word' id='word_1_111' title='bbox 894 782 1014 824; x_wconf 83' lang='lat' dir='ltr'>rogo.</span> <span class='ocrx_word' id='word_1_112' title='bbox 1077 766 1194 807; x_wconf 88' lang='lat' dir='ltr'>Vale.</span> 
     </span>
    </p>
   </div>
   <div class='ocr_carea' id='block_1_3' title="bbox 78 855 1571 1059">
    <p class='ocr_par' dir='ltr' id='par_1_3' title="bbox 78 855 1571 1059">
     <span class='ocr_line' id='line_1_13' title="bbox 591 855 1571 897; baseline -0.005 -3"><span class='ocrx_word' id='word_1_113' title='bbox 591 856 994 897; x_wconf 76' lang='lat' dir='ltr'><strong>ARGUMENTUM.</strong></span> <span class='ocrx_word' id='word_1_114' title='bbox 1525 855 1541 889; x_wconf 83' lang='lat' dir='ltr'>l</span> <span class='ocrx_word' id='word_1_115' title='bbox 1557 855 1571 890; x_wconf 88' lang='lat'>1</span> 
     </span>
     <span class='ocr_line' id='line_1_14' title="bbox 78 917 1509 967; baseline -0.003 -11"><span class='ocrx_word' id='word_1_116' title='bbox 78 919 354 967; x_wconf 81' lang='lat' dir='ltr'>Prorogationis</span> <span class='ocrx_word' id='word_1_117' title='bbox 372 925 467 956; x_wconf 83' lang='lat' dir='ltr'>metu</span> <span class='ocrx_word' id='word_1_118' title='bbox 484 921 660 956; x_wconf 81' lang='lat' dir='ltr'>sollicitus</span> <span class='ocrx_word' id='word_1_119' title='bbox 678 920 720 956; x_wconf 81' lang='lat' dir='ltr'>ob</span> <span class='ocrx_word' id='word_1_120' title='bbox 737 921 858 955; x_wconf 76' lang='lat' dir='ltr'>varias</span> <span class='ocrx_word' id='word_1_121' title='bbox 884 931 1024 960; x_wconf 77' lang='lat' dir='ltr'>causas,</span> <span class='ocrx_word' id='word_1_122' title='bbox 1050 919 1093 954; x_wconf 69' lang='lat' dir='ltr'>cle</span> <span class='ocrx_word' id='word_1_123' title='bbox 1114 917 1315 965; x_wconf 79' lang='lat' dir='ltr'>pantheri8‚</span> <span class='ocrx_word' id='word_1_124' title='bbox 1343 918 1378 952; x_wconf 83' lang='lat' dir='ltr'>in</span> <span class='ocrx_word' id='word_1_125' title='bbox 1408 917 1509 952; x_wconf 77' lang='lat' dir='ltr'>ludos</span> 
     </span>
     <span class='ocr_line' id='line_1_15' title="bbox 127 969 1508 1059; baseline -0.003 -51"><span class='ocrx_word' id='word_1_126' title='bbox 127 974 242 1059; x_wconf 51' lang='grc' dir='ltr'>Ξῖὶίίξῖ</span> <span class='ocrx_word' id='word_1_127' title='bbox 276 973 374 1008; x_wconf 68' lang='grc' dir='ltr'>(ἶωίὶὶ</span> <span class='ocrx_word' id='word_1_128' title='bbox 404 974 598 1020; x_wconf 76' lang='lat' dir='ltr'>capiendis,</span> <span class='ocrx_word' id='word_1_129' title='bbox 627 973 775 1009; x_wconf 72' lang='lat' dir='ltr'>scribit:</span> <span class='ocrx_word' id='word_1_130' title='bbox 809 977 844 1007; x_wconf 85' lang='lat' dir='ltr'>et</span> <span class='ocrx_word' id='word_1_131' title='bbox 875 973 944 1007; x_wconf 80' lang='lat' dir='ltr'>sibi</span> <span class='ocrx_word' id='word_1_132' title='bbox 974 984 1029 1007; x_wconf 81' lang='lat' dir='ltr'>res</span> <span class='ocrx_word' id='word_1_133' title='bbox 1060 971 1214 1006; x_wconf 82' lang='lat' dir='ltr'>urbanas</span> <span class='ocrx_word' id='word_1_134' title='bbox 1242 969 1415 1019; x_wconf 70' lang='lat' dir='ltr'>perscribi</span> <span class='ocrx_word' id='word_1_135' title='bbox 1442 981 1508 1017; x_wconf 84' lang='lat' dir='ltr'>po·</span> 
     </span>
    </p>
   </div>
   <div class='ocr_carea' id='block_1_4' title="bbox 0 1087 1623 2790">
    <p class='ocr_par' dir='ltr' id='par_1_4' title="bbox 0 1087 1623 2790">
     <span class='ocr_line' id='line_1_16' title="bbox 94 1087 1493 1141; baseline -0.001 -10"><span class='ocrx_word' id='word_1_136' title='bbox 94 1089 162 1131; x_wconf 90' lang='lat' dir='ltr'>M.</span> <span class='ocrx_word' id='word_1_137' title='bbox 184 1090 234 1132; x_wconf 91' lang='lat' dir='ltr'>T.</span> <span class='ocrx_word' id='word_1_138' title='bbox 259 1091 310 1132; x_wconf 89' lang='lat' dir='ltr'>C.</span> <span class='ocrx_word' id='word_1_139' title='bbox 346 1091 478 1132; x_wconf 89' lang='lat' dir='ltr'><strong>IMP.</strong></span> <span class='ocrx_word' id='word_1_140' title='bbox 513 1090 580 1132; x_wconf 90' lang='lat' dir='ltr'>M.</span> <span class='ocrx_word' id='word_1_141' title='bbox 605 1091 830 1141; x_wconf 89' lang='lat' dir='ltr'>COELIO,</span> <span class='ocrx_word' id='word_1_142' title='bbox 856 1089 1047 1132; x_wconf 84' lang='lat' dir='ltr'><strong>AEDILI</strong></span> <span class='ocrx_word' id='word_1_143' title='bbox 1082 1088 1331 1140; x_wconf 80' lang='lat' dir='ltr'>CURUL1‚</span> <span class='ocrx_word' id='word_1_144' title='bbox 1367 1089 1410 1130; x_wconf 90' lang='lat' dir='ltr'>S.</span> <span class='ocrx_word' id='word_1_145' title='bbox 1436 1087 1493 1129; x_wconf 89' lang='lat' dir='ltr'>D.</span> 
     </span>
     <span class='ocr_line' id='line_1_17' title="bbox 82 1146 1510 1214; baseline -0.001 -16"><span class='ocrx_word' id='word_1_146' title='bbox 82 1146 457 1199; x_wconf 83' lang='lat' dir='ltr'><strong>PUTARESNE</strong></span> <span class='ocrx_word' id='word_1_147' title='bbox 501 1174 700 1214; x_wconf 84' lang='lat' dir='ltr'>umquam</span> <span class='ocrx_word' id='word_1_148' title='bbox 748 1159 939 1199; x_wconf 81' lang='lat' dir='ltr'>accidere</span> <span class='ocrx_word' id='word_1_149' title='bbox 992 1171 1144 1213; x_wconf 79' lang='lat' dir='ltr'>posse,</span> <span class='ocrx_word' id='word_1_150' title='bbox 1181 1167 1228 1197; x_wconf 89' lang='lat' dir='ltr'>ut</span> <span class='ocrx_word' id='word_1_151' title='bbox 1276 1156 1379 1198; x_wconf 86' lang='lat' dir='ltr'>mihi</span> <span class='ocrx_word' id='word_1_152' title='bbox 1420 1170 1510 1196; x_wconf 84' lang='lat' dir='ltr'>ver-</span> 
     </span>
     <span class='ocr_line' id='line_1_18' title="bbox 81 1213 1510 1270; baseline -0.001 -15"><span class='ocrx_word' id='word_1_153' title='bbox 81 1213 137 1255; x_wconf 82' lang='lat' dir='ltr'>ba</span> <span class='ocrx_word' id='word_1_154' title='bbox 169 1215 387 1257; x_wconf 80' lang='lat' dir='ltr'><strong>deessent:</strong></span> <span class='ocrx_word' id='word_1_155' title='bbox 437 1229 574 1270; x_wconf 85' lang='lat' dir='ltr'>neque</span> <span class='ocrx_word' id='word_1_156' title='bbox 607 1217 742 1256; x_wconf 86' lang='lat' dir='ltr'>solum</span> <span class='ocrx_word' id='word_1_157' title='bbox 782 1216 862 1256; x_wconf 81' lang='lat' dir='ltr'>ista</span> <span class='ocrx_word' id='word_1_158' title='bbox 895 1224 1032 1255; x_wconf 78' lang='lat' dir='ltr'>vestra</span> <span class='ocrx_word' id='word_1_159' title='bbox 1065 1215 1266 1263; x_wconf 85' lang='lat' dir='ltr'>oratoria,</span> <span class='ocrx_word' id='word_1_160' title='bbox 1305 1213 1377 1254; x_wconf 86' lang='lat' dir='ltr'>sed</span> <span class='ocrx_word' id='word_1_161' title='bbox 1417 1213 1510 1254; x_wconf 83' lang='lat' dir='ltr'>baec</span> 
     </span>
     <span class='ocr_line' id='line_1_19' title="bbox 78 1270 1623 1327; baseline -0.001 -15"><span class='ocrx_word' id='word_1_162' title='bbox 78 1273 207 1312; x_wconf 82' lang='lat' dir='ltr'>etiam</span> <span class='ocrx_word' id='word_1_163' title='bbox 231 1273 339 1312; x_wconf 85' lang='lat' dir='ltr'>levia</span> <span class='ocrx_word' id='word_1_164' title='bbox 361 1273 593 1313; x_wconf 77' lang='lat' dir='ltr'>nostratia?</span> <span class='ocrx_word' id='word_1_165' title='bbox 644 1272 813 1313; x_wconf 78' lang='lat' dir='ltr'><strong>Desunt</strong></span> <span class='ocrx_word' id='word_1_166' title='bbox 834 1283 976 1312; x_wconf 87' lang='lat' dir='ltr'>autem</span> <span class='ocrx_word' id='word_1_167' title='bbox 1000 1280 1173 1327; x_wconf 82' lang='lat' dir='ltr'>propter</span> <span class='ocrx_word' id='word_1_168' title='bbox 1196 1270 1305 1310; x_wconf 80' lang='lat' dir='ltr'>hanc</span> <span class='ocrx_word' id='word_1_169' title='bbox 1324 1281 1554 1320; x_wconf 75' lang='lat' dir='ltr'>causatu,P·</span> <span class='ocrx_word' id='word_1_170' title='bbox 1571 1273 1623 1305; x_wconf 73' lang='grc'>24-</span> 
     </span>
     <span class='ocr_line' id='line_1_20' title="bbox 79 1324 1555 1384; baseline -0.002 -15"><span class='ocrx_word' id='word_1_171' title='bbox 79 1329 192 1384; x_wconf 89' lang='lat' dir='ltr'>quod</span> <span class='ocrx_word' id='word_1_172' title='bbox 224 1329 403 1369; x_wconf 80' lang='lat' dir='ltr'>mirifice</span> <span class='ocrx_word' id='word_1_173' title='bbox 434 1344 526 1369; x_wconf 89' lang='lat' dir='ltr'>sum</span> <span class='ocrx_word' id='word_1_174' title='bbox 558 1328 778 1378; x_wconf 89' lang='lat' dir='ltr'>sollicitus,</span> <span class='ocrx_word' id='word_1_175' title='bbox 797 1329 999 1384; x_wconf 83' lang='lat' dir='ltr'>quidnam</span> <span class='ocrx_word' id='word_1_176' title='bbox 1032 1328 1084 1368; x_wconf 89' lang='lat' dir='ltr'>de</span> <span class='ocrx_word' id='word_1_177' title='bbox 1115 1327 1347 1383; x_wconf 84' lang='lat' dir='ltr'>provinciis</span> <span class='ocrx_word' id='word_1_178' title='bbox 1369 1324 1555 1367; x_wconf 74' lang='lat' dir='ltr'>decer-a·</span> 
     </span>
     <span class='ocr_line' id='line_1_21' title="bbox 79 1384 1517 1435; baseline -0.002 -9"><span class='ocrx_word' id='word_1_179' title='bbox 79 1395 219 1426; x_wconf 85' lang='lat' dir='ltr'>natur.</span> <span class='ocrx_word' id='word_1_180' title='bbox 275 1385 437 1426; x_wconf 84' lang='lat' dir='ltr'>Mirum</span> <span class='ocrx_word' id='word_1_181' title='bbox 463 1400 530 1426; x_wconf 91' lang='lat' dir='ltr'>me</span> <span class='ocrx_word' id='word_1_182' title='bbox 551 1386 807 1426; x_wconf 89' lang='lat' dir='ltr'>desiderium</span> <span class='ocrx_word' id='word_1_183' title='bbox 833 1396 949 1426; x_wconf 87' lang='lat' dir='ltr'>tenet</span> <span class='ocrx_word' id='word_1_184' title='bbox 972 1385 1103 1435; x_wconf 81' lang='lat' dir='ltr'>urbis,</span> <span class='ocrx_word' id='word_1_185' title='bbox 1125 1384 1374 1425; x_wconf 82' lang='lat' dir='ltr'>incredibile</span> <span class='ocrx_word' id='word_1_186' title='bbox 1398 1397 1517 1424; x_wconf 89' lang='lat' dir='ltr'>meo-</span> 
     </span>
     <span class='ocr_line' id='line_1_22' title="bbox 80 1441 1516 1498; baseline -0.001 -15"><span class='ocrx_word' id='word_1_187' title='bbox 80 1456 190 1493; x_wconf 86' lang='lat' dir='ltr'>rum,</span> <span class='ocrx_word' id='word_1_188' title='bbox 226 1452 354 1498; x_wconf 83' lang='lat' dir='ltr'>atque</span> <span class='ocrx_word' id='word_1_189' title='bbox 386 1443 426 1483; x_wconf 93' lang='lat' dir='ltr'>in</span> <span class='ocrx_word' id='word_1_190' title='bbox 463 1443 611 1498; x_wconf 90' lang='lat' dir='ltr'>primis</span> <span class='ocrx_word' id='word_1_191' title='bbox 648 1443 724 1494; x_wconf 86' lang='lat' dir='ltr'>tui,</span> <span class='ocrx_word' id='word_1_192' title='bbox 759 1443 930 1484; x_wconf 78' lang='lat' dir='ltr'>satietas</span> <span class='ocrx_word' id='word_1_193' title='bbox 964 1452 1106 1482; x_wconf 86' lang='lat' dir='ltr'>autem</span> <span class='ocrx_word' id='word_1_194' title='bbox 1143 1441 1400 1497; x_wconf 78' lang='lat' dir='ltr'>provinciae:</span> <span class='ocrx_word' id='word_1_195' title='bbox 1436 1441 1516 1490; x_wconf 82' lang='lat' dir='ltr'>vel,</span> 
     </span>
     <span class='ocr_line' id='line_1_23' title="bbox 81 1498 1516 1554; baseline -0.001 -15"><span class='ocrx_word' id='word_1_196' title='bbox 81 1501 183 1554; x_wconf 88' lang='lat' dir='ltr'>quia</span> <span class='ocrx_word' id='word_1_197' title='bbox 212 1501 404 1541; x_wconf 79' lang='lat' dir='ltr'>videmur</span> <span class='ocrx_word' id='word_1_198' title='bbox 436 1514 528 1540; x_wconf 87' lang='lat' dir='ltr'>eam</span> <span class='ocrx_word' id='word_1_199' title='bbox 563 1499 719 1540; x_wconf 85' lang='lat' dir='ltr'>famam</span> <span class='ocrx_word' id='word_1_200' title='bbox 753 1500 989 1549; x_wconf 86' lang='lat' dir='ltr'>consecuti,</span> <span class='ocrx_word' id='word_1_201' title='bbox 1013 1509 1059 1539; x_wconf 91' lang='lat' dir='ltr'>ut</span> <span class='ocrx_word' id='word_1_202' title='bbox 1092 1513 1176 1539; x_wconf 91' lang='lat' dir='ltr'>non</span> <span class='ocrx_word' id='word_1_203' title='bbox 1211 1508 1298 1540; x_wconf 81' lang='lat' dir='ltr'>tam</span> <span class='ocrx_word' id='word_1_204' title='bbox 1328 1498 1516 1540; x_wconf 82' lang='lat' dir='ltr'>accessio</span> 
     </span>
     <span class='ocr_line' id='line_1_24' title="bbox 82 1555 1517 1612; baseline -0.001 -16"><span class='ocrx_word' id='word_1_205' title='bbox 82 1558 325 1611; x_wconf 67' lang='lat' dir='ltr'>quaerenda,</span> <span class='ocrx_word' id='word_1_206' title='bbox 348 1571 475 1612; x_wconf 86' lang='lat' dir='ltr'>quam</span> <span class='ocrx_word' id='word_1_207' title='bbox 499 1557 671 1597; x_wconf 87' lang='lat' dir='ltr'>fortuna</span> <span class='ocrx_word' id='word_1_208' title='bbox 691 1557 922 1598; x_wconf 84' lang='lat' dir='ltr'>metuenda</span> <span class='ocrx_word' id='word_1_209' title='bbox 945 1557 1023 1597; x_wconf 91' lang='lat' dir='ltr'>sit:</span> <span class='ocrx_word' id='word_1_210' title='bbox 1058 1555 1137 1606; x_wconf 87' lang='lat' dir='ltr'>vel,</span> <span class='ocrx_word' id='word_1_211' title='bbox 1160 1555 1261 1610; x_wconf 84' lang='lat' dir='ltr'>quia</span> <span class='ocrx_word' id='word_1_212' title='bbox 1284 1564 1421 1595; x_wconf 81' lang='lat' dir='ltr'>totum</span> <span class='ocrx_word' id='word_1_213' title='bbox 1446 1569 1517 1595; x_wconf 87' lang='lat' dir='ltr'>ne-</span> 
     </span>
     <span class='ocr_line' id='line_1_25' title="bbox 84 1612 1519 1669; baseline -0.001 -16"><span class='ocrx_word' id='word_1_214' title='bbox 84 1614 251 1669; x_wconf 87' lang='lat' dir='ltr'>gotium</span> <span class='ocrx_word' id='word_1_215' title='bbox 286 1629 371 1654; x_wconf 88' lang='lat' dir='ltr'>non</span> <span class='ocrx_word' id='word_1_216' title='bbox 403 1622 466 1654; x_wconf 88' lang='lat' dir='ltr'>est</span> <span class='ocrx_word' id='word_1_217' title='bbox 499 1614 678 1669; x_wconf 87' lang='lat' dir='ltr'>dignum</span> <span class='ocrx_word' id='word_1_218' title='bbox 703 1614 862 1654; x_wconf 90' lang='lat' dir='ltr'>viribus</span> <span class='ocrx_word' id='word_1_219' title='bbox 897 1613 1067 1663; x_wconf 80' lang='lat' dir='ltr'>nostris,</span> <span class='ocrx_word' id='word_1_220' title='bbox 1090 1613 1163 1667; x_wconf 87' lang='lat' dir='ltr'>qui</span> <span class='ocrx_word' id='word_1_221' title='bbox 1197 1612 1361 1666; x_wconf 81' lang='lat' dir='ltr'>majora</span> <span class='ocrx_word' id='word_1_222' title='bbox 1389 1626 1519 1652; x_wconf 89' lang='lat' dir='ltr'>onera</span> 
     </span>
     <span class='ocr_line' id='line_1_26' title="bbox 84 1668 1519 1726; baseline -0.001 -16"><span class='ocrx_word' id='word_1_223' title='bbox 84 1671 128 1710; x_wconf 88' lang='lat' dir='ltr'>in</span> <span class='ocrx_word' id='word_1_224' title='bbox 152 1670 371 1726; x_wconf 82' lang='lat' dir='ltr'>republica</span> <span class='ocrx_word' id='word_1_225' title='bbox 392 1671 599 1711; x_wconf 88' lang='lat' dir='ltr'>sustinere</span> <span class='ocrx_word' id='word_1_226' title='bbox 628 1679 670 1711; x_wconf 87' lang='lat' dir='ltr'>et</span> <span class='ocrx_word' id='word_1_227' title='bbox 704 1672 863 1726; x_wconf 85' lang='lat' dir='ltr'>possim</span> <span class='ocrx_word' id='word_1_228' title='bbox 896 1679 939 1711; x_wconf 86' lang='lat' dir='ltr'>et</span> <span class='ocrx_word' id='word_1_229' title='bbox 972 1670 1159 1720; x_wconf 78' lang='lat' dir='ltr'>soleam3</span> <span class='ocrx_word' id='word_1_230' title='bbox 1192 1670 1256 1709; x_wconf 88' lang='lat' dir='ltr'>vel</span> <span class='ocrx_word' id='word_1_231' title='bbox 1286 1669 1387 1723; x_wconf 86' lang='lat' dir='ltr'>quia</span> <span class='ocrx_word' id='word_1_232' title='bbox 1420 1668 1519 1709; x_wconf 88' lang='lat' dir='ltr'>belli</span> 
     </span>
     <span class='ocr_line' id='line_1_27' title="bbox 84 1725 1521 1782; baseline -0.001 -15"><span class='ocrx_word' id='word_1_233' title='bbox 84 1727 231 1782; x_wconf 86' lang='lat' dir='ltr'>magni</span> <span class='ocrx_word' id='word_1_234' title='bbox 263 1728 392 1768; x_wconf 85' lang='lat' dir='ltr'>timor</span> <span class='ocrx_word' id='word_1_235' title='bbox 422 1728 654 1782; x_wconf 85' lang='lat' dir='ltr'>impendet,</span> <span class='ocrx_word' id='word_1_236' title='bbox 677 1729 791 1782; x_wconf 88' lang='lat' dir='ltr'>quod</span> <span class='ocrx_word' id='word_1_237' title='bbox 819 1727 1012 1768; x_wconf 82' lang='lat' dir='ltr'>videmur</span> <span class='ocrx_word' id='word_1_238' title='bbox 1041 1725 1245 1782; x_wconf 83' lang='lat' dir='ltr'>effugere,</span> <span class='ocrx_word' id='word_1_239' title='bbox 1268 1726 1301 1766; x_wconf 91' lang='lat' dir='ltr'>si</span> <span class='ocrx_word' id='word_1_240' title='bbox 1334 1725 1385 1766; x_wconf 86' lang='lat' dir='ltr'>ad</span> <span class='ocrx_word' id='word_1_241' title='bbox 1417 1740 1521 1766; x_wconf 86' lang='lat' dir='ltr'>con-</span> 
     </span>
     <span class='ocr_line' id='line_1_28' title="bbox 86 1783 1521 1840; baseline -0.001 -16"><span class='ocrx_word' id='word_1_242' title='bbox 86 1785 279 1832; x_wconf 86' lang='lat' dir='ltr'>stitutam</span> <span class='ocrx_word' id='word_1_243' title='bbox 310 1784 421 1826; x_wconf 88' lang='lat' dir='ltr'>diem</span> <span class='ocrx_word' id='word_1_244' title='bbox 456 1784 723 1825; x_wconf 84' lang='lat' dir='ltr'>decedemus.</span> <span class='ocrx_word' id='word_1_245' title='bbox 786 1784 853 1826; x_wconf 89' lang='lat' dir='ltr'>De</span> <span class='ocrx_word' id='word_1_246' title='bbox 885 1783 1117 1840; x_wconf 78' lang='lat' dir='ltr'>pantheris,</span> <span class='ocrx_word' id='word_1_247' title='bbox 1141 1797 1215 1838; x_wconf 88' lang='lat' dir='ltr'>per</span> <span class='ocrx_word' id='word_1_248' title='bbox 1245 1797 1331 1831; x_wconf 89' lang='lat' dir='ltr'>eos,</span> <span class='ocrx_word' id='word_1_249' title='bbox 1354 1783 1427 1837; x_wconf 88' lang='lat' dir='ltr'>qui</span> <span class='ocrx_word' id='word_1_250' title='bbox 1451 1797 1521 1822; x_wconf 91' lang='lat' dir='ltr'>ve-</span> 
     </span>
     <span class='ocr_line' id='line_1_29' title="bbox 83 1840 1523 1897; baseline -0.002 -16"><span class='ocrx_word' id='word_1_251' title='bbox 83 1841 177 1881; x_wconf 84' lang='lat' dir='ltr'>nari</span> <span class='ocrx_word' id='word_1_252' title='bbox 200 1841 350 1892; x_wconf 89' lang='lat' dir='ltr'>solent,</span> <span class='ocrx_word' id='word_1_253' title='bbox 372 1841 515 1897; x_wconf 84' lang='lat' dir='ltr'>agitur</span> <span class='ocrx_word' id='word_1_254' title='bbox 537 1841 738 1882; x_wconf 86' lang='lat' dir='ltr'>mandato</span> <span class='ocrx_word' id='word_1_255' title='bbox 760 1856 855 1882; x_wconf 90' lang='lat' dir='ltr'>meo</span> <span class='ocrx_word' id='word_1_256' title='bbox 885 1841 1113 1896; x_wconf 83' lang='lat' dir='ltr'>diligenter</span> <span class='ocrx_word' id='word_1_257' title='bbox 1133 1857 1144 1891; x_wconf 87' lang='lat'>;</span> <span class='ocrx_word' id='word_1_258' title='bbox 1175 1840 1247 1880; x_wconf 89' lang='lat' dir='ltr'>sed</span> <span class='ocrx_word' id='word_1_259' title='bbox 1279 1840 1387 1879; x_wconf 87' lang='lat' dir='ltr'>mira</span> <span class='ocrx_word' id='word_1_260' title='bbox 1417 1854 1523 1895; x_wconf 82' lang='lat' dir='ltr'>pau-</span> 
     </span>
     <span class='ocr_line' id='line_1_30' title="bbox 88 1895 1523 1953; baseline -0.001 -15"><span class='ocrx_word' id='word_1_261' title='bbox 88 1897 194 1938; x_wconf 86' lang='lat' dir='ltr'>citas</span> <span class='ocrx_word' id='word_1_262' title='bbox 228 1908 320 1940; x_wconf 90' lang='lat' dir='ltr'>est:</span> <span class='ocrx_word' id='word_1_263' title='bbox 353 1909 396 1939; x_wconf 85' lang='lat' dir='ltr'>et</span> <span class='ocrx_word' id='word_1_264' title='bbox 426 1913 510 1948; x_wconf 81' lang='lat' dir='ltr'>eaS‚</span> <span class='ocrx_word' id='word_1_265' title='bbox 533 1913 630 1953; x_wconf 88' lang='lat' dir='ltr'>quae</span> <span class='ocrx_word' id='word_1_266' title='bbox 660 1908 771 1949; x_wconf 87' lang='lat' dir='ltr'>sunt,</span> <span class='ocrx_word' id='word_1_267' title='bbox 803 1898 923 1939; x_wconf 83' lang='lat' dir='ltr'>valde</span> <span class='ocrx_word' id='word_1_268' title='bbox 955 1899 1076 1938; x_wconf 87' lang='lat' dir='ltr'>aiunt</span> <span class='ocrx_word' id='word_1_269' title='bbox 1109 1897 1244 1953; x_wconf 89' lang='lat' dir='ltr'>queri,</span> <span class='ocrx_word' id='word_1_270' title='bbox 1267 1896 1381 1951; x_wconf 89' lang='lat' dir='ltr'>quod</span> <span class='ocrx_word' id='word_1_271' title='bbox 1414 1895 1523 1936; x_wconf 87' lang='lat' dir='ltr'>nihil</span> 
     </span>
     <span class='ocr_line' id='line_1_31' title="bbox 89 1952 1524 2011; baseline -0.002 -15"><span class='ocrx_word' id='word_1_272' title='bbox 89 1955 289 2010; x_wconf 87' lang='lat' dir='ltr'>cuiquam</span> <span class='ocrx_word' id='word_1_273' title='bbox 314 1955 560 1996; x_wconf 81' lang='lat' dir='ltr'>insidiarum</span> <span class='ocrx_word' id='word_1_274' title='bbox 585 1957 627 1996; x_wconf 86' lang='lat' dir='ltr'>in</span> <span class='ocrx_word' id='word_1_275' title='bbox 649 1970 744 1996; x_wconf 83' lang='lat' dir='ltr'>mea</span> <span class='ocrx_word' id='word_1_276' title='bbox 767 1955 1002 2011; x_wconf 84' lang='lat' dir='ltr'>provincia,</span> <span class='ocrx_word' id='word_1_277' title='bbox 1026 1955 1104 1995; x_wconf 89' lang='lat' dir='ltr'>nisi</span> <span class='ocrx_word' id='word_1_278' title='bbox 1130 1954 1225 2003; x_wconf 87' lang='lat' dir='ltr'>sibi,</span> <span class='ocrx_word' id='word_1_279' title='bbox 1248 1954 1337 1994; x_wconf 84' lang='lat' dir='ltr'>fiat.</span> <span class='ocrx_word' id='word_1_280' title='bbox 1374 1952 1524 2007; x_wconf 85' lang='lat' dir='ltr'>Itaque</span> 
     </span>
     <span class='ocr_line' id='line_1_32' title="bbox 89 2011 1525 2065; baseline -0.003 -12"><span class='ocrx_word' id='word_1_281' title='bbox 89 2013 362 2053; x_wconf 88' lang='lat' dir='ltr'>constituisse</span> <span class='ocrx_word' id='word_1_282' title='bbox 383 2012 598 2062; x_wconf 84' lang='lat' dir='ltr'>dicuntur,</span> <span class='ocrx_word' id='word_1_283' title='bbox 622 2013 663 2053; x_wconf 90' lang='lat' dir='ltr'>in</span> <span class='ocrx_word' id='word_1_284' title='bbox 697 2013 867 2053; x_wconf 79' lang='lat' dir='ltr'>Cariam</span> <span class='ocrx_word' id='word_1_285' title='bbox 899 2027 952 2052; x_wconf 88' lang='lat' dir='ltr'>ex</span> <span class='ocrx_word' id='word_1_286' title='bbox 984 2021 1130 2053; x_wconf 88' lang='lat' dir='ltr'>nostra</span> <span class='ocrx_word' id='word_1_287' title='bbox 1159 2011 1381 2065; x_wconf 75' lang='lat' dir='ltr'>provincia</span> <span class='ocrx_word' id='word_1_288' title='bbox 1402 2011 1525 2050; x_wconf 83' lang='lat' dir='ltr'>dece-</span> 
     </span>
     <span class='ocr_line' id='line_1_33' title="bbox 89 2067 1526 2125; baseline -0.001 -16"><span class='ocrx_word' id='word_1_289' title='bbox 89 2068 202 2110; x_wconf 88' lang='lat' dir='ltr'>dere.</span> <span class='ocrx_word' id='word_1_290' title='bbox 266 2069 348 2111; x_wconf 86' lang='lat' dir='ltr'>Sed</span> <span class='ocrx_word' id='word_1_291' title='bbox 373 2078 512 2111; x_wconf 85' lang='lat' dir='ltr'>tamen</span> <span class='ocrx_word' id='word_1_292' title='bbox 537 2069 680 2110; x_wconf 88' lang='lat' dir='ltr'>sedulo</span> <span class='ocrx_word' id='word_1_293' title='bbox 703 2070 766 2120; x_wconf 85' lang='lat' dir='ltr'>fit,</span> <span class='ocrx_word' id='word_1_294' title='bbox 786 2080 828 2110; x_wconf 85' lang='lat' dir='ltr'>et</span> <span class='ocrx_word' id='word_1_295' title='bbox 851 2070 892 2110; x_wconf 88' lang='lat' dir='ltr'>in</span> <span class='ocrx_word' id='word_1_296' title='bbox 917 2068 1065 2125; x_wconf 86' lang='lat' dir='ltr'>primis</span> <span class='ocrx_word' id='word_1_297' title='bbox 1087 2084 1111 2108; x_wconf 86' lang='lat' dir='ltr'>a</span> <span class='ocrx_word' id='word_1_298' title='bbox 1134 2068 1323 2108; x_wconf 81' lang='lat' dir='ltr'>Patisco.</span> <span class='ocrx_word' id='word_1_299' title='bbox 1387 2067 1526 2112; x_wconf 79' lang='lat' dir='ltr'>Quid-</span> 
     </span>
     <span class='ocr_line' id='line_1_34' title="bbox 0 2123 1525 2181; baseline -0.002 -15"><span class='ocrx_word' id='word_1_300' title='bbox 0 2158 1 2162; x_wconf 64' lang='lat'>,</span> <span class='ocrx_word' id='word_1_301' title='bbox 91 2125 192 2180; x_wconf 83' lang='lat' dir='ltr'>quid</span> <span class='ocrx_word' id='word_1_302' title='bbox 235 2127 329 2176; x_wconf 90' lang='lat' dir='ltr'>erit,</span> <span class='ocrx_word' id='word_1_303' title='bbox 372 2127 449 2167; x_wconf 85' lang='lat' dir='ltr'>tibi</span> <span class='ocrx_word' id='word_1_304' title='bbox 491 2127 596 2168; x_wconf 87' lang='lat' dir='ltr'>erit:</span> <span class='ocrx_word' id='word_1_305' title='bbox 629 2126 702 2167; x_wconf 88' lang='lat' dir='ltr'>sed</span> <span class='ocrx_word' id='word_1_306' title='bbox 739 2126 842 2181; x_wconf 88' lang='lat' dir='ltr'>quid</span> <span class='ocrx_word' id='word_1_307' title='bbox 884 2135 1008 2176; x_wconf 87' lang='lat' dir='ltr'>esset,</span> <span class='ocrx_word' id='word_1_308' title='bbox 1053 2125 1175 2180; x_wconf 84' lang='lat' dir='ltr'>plane</span> <span class='ocrx_word' id='word_1_309' title='bbox 1216 2123 1525 2164; x_wconf 84' lang='lat' dir='ltr'>nesciebamus.</span> 
     </span>
     <span class='ocr_line' id='line_1_35' title="bbox 93 2181 1526 2239; baseline -0.001 -17"><span class='ocrx_word' id='word_1_310' title='bbox 93 2181 225 2234; x_wconf 86' lang='lat' dir='ltr'>Mihi,</span> <span class='ocrx_word' id='word_1_311' title='bbox 247 2183 501 2237; x_wconf 78' lang='lat' dir='ltr'>mehercule,</span> <span class='ocrx_word' id='word_1_312' title='bbox 533 2198 701 2239; x_wconf 81' lang='lat' dir='ltr'>magnae</span> <span class='ocrx_word' id='word_1_313' title='bbox 733 2198 847 2225; x_wconf 85' lang='lat' dir='ltr'>curae</span> <span class='ocrx_word' id='word_1_314' title='bbox 879 2193 944 2222; x_wconf 90' lang='lat' dir='ltr'>est</span> <span class='ocrx_word' id='word_1_315' title='bbox 975 2182 1155 2224; x_wconf 66' lang='lat' dir='ltr'>aedilitas</span> <span class='ocrx_word' id='word_1_316' title='bbox 1190 2191 1276 2221; x_wconf 82' lang='lat' dir='ltr'>tua.</span> <span class='ocrx_word' id='word_1_317' title='bbox 1310 2181 1402 2236; x_wconf 89' lang='lat' dir='ltr'>ipse</span> <span class='ocrx_word' id='word_1_318' title='bbox 1436 2181 1526 2221; x_wconf 89' lang='lat' dir='ltr'>dies</span> 
     </span>
     <span class='ocr_line' id='line_1_36' title="bbox 95 2237 1530 2295; baseline 0 -16"><span class='ocrx_word' id='word_1_319' title='bbox 95 2253 163 2279; x_wconf 87' lang='lat' dir='ltr'>me</span> <span class='ocrx_word' id='word_1_320' title='bbox 194 2240 466 2281; x_wconf 78' lang='lat' dir='ltr'>admonebat.</span> <span class='ocrx_word' id='word_1_321' title='bbox 488 2241 636 2295; x_wconf 86' lang='lat' dir='ltr'>scripsi</span> <span class='ocrx_word' id='word_1_322' title='bbox 662 2241 777 2280; x_wconf 89' lang='lat' dir='ltr'>enim</span> <span class='ocrx_word' id='word_1_323' title='bbox 809 2240 901 2280; x_wconf 87' lang='lat' dir='ltr'>haec</span> <span class='ocrx_word' id='word_1_324' title='bbox 929 2239 1030 2294; x_wconf 86' lang='lat' dir='ltr'>ipsis</span> <span class='ocrx_word' id='word_1_325' title='bbox 1063 2238 1403 2294; x_wconf 84' lang='lat' dir='ltr'>Megalensibus.</span> <span class='ocrx_word' id='word_1_326' title='bbox 1462 2237 1530 2279; x_wconf 91' lang='lat' dir='ltr'>Tu</span> 
     </span>
     <span class='ocr_line' id='line_1_37' title="bbox 94 2293 1532 2351; baseline -0.001 -15"><span class='ocrx_word' id='word_1_327' title='bbox 94 2296 221 2337; x_wconf 82' lang='lat' dir='ltr'>veliin</span> <span class='ocrx_word' id='word_1_328' title='bbox 244 2297 295 2337; x_wconf 85' lang='lat' dir='ltr'>ad</span> <span class='ocrx_word' id='word_1_329' title='bbox 319 2311 385 2337; x_wconf 89' lang='lat' dir='ltr'>me</span> <span class='ocrx_word' id='word_1_330' title='bbox 407 2297 459 2338; x_wconf 87' lang='lat' dir='ltr'>de</span> <span class='ocrx_word' id='word_1_331' title='bbox 489 2297 605 2337; x_wconf 90' lang='lat' dir='ltr'>omni</span> <span class='ocrx_word' id='word_1_332' title='bbox 638 2297 885 2351; x_wconf 79' lang='lat' dir='ltr'>reipublicae</span> <span class='ocrx_word' id='word_1_333' title='bbox 917 2306 1029 2336; x_wconf 86' lang='lat' dir='ltr'>statu</span> <span class='ocrx_word' id='word_1_334' title='bbox 1053 2310 1181 2350; x_wconf 80' lang='lat' dir='ltr'>quain</span> <span class='ocrx_word' id='word_1_335' title='bbox 1203 2293 1532 2350; x_wconf 86' lang='lat' dir='ltr'>diligentissime</span> 
     </span>
     <span class='ocr_line' id='line_1_38' title="bbox 0 2353 1531 2790; baseline -0.001 -396"><span class='ocrx_word' id='word_1_336' title='bbox 0 2362 7 2790; x_wconf 51' lang='grc' dir='ltr'>ἱ</span> <span class='ocrx_word' id='word_1_337' title='bbox 94 2353 346 2409; x_wconf 83' lang='lat' dir='ltr'>perscribas.</span> <span class='ocrx_word' id='word_1_338' title='bbox 368 2368 417 2396; x_wconf 82' lang='lat' dir='ltr'>ea</span> <span class='ocrx_word' id='word_1_339' title='bbox 446 2354 560 2400; x_wconf 86' lang='lat' dir='ltr'>enim</span> <span class='ocrx_word' id='word_1_340' title='bbox 592 2353 829 2395; x_wconf 86' lang='lat' dir='ltr'>certissima</span> <span class='ocrx_word' id='word_1_341' title='bbox 860 2353 1037 2409; x_wconf 84' lang='lat' dir='ltr'>putabo,</span> <span class='ocrx_word' id='word_1_342' title='bbox 1059 2367 1155 2408; x_wconf 86' lang='lat' dir='ltr'>quae</span> <span class='ocrx_word' id='word_1_343' title='bbox 1183 2366 1236 2393; x_wconf 82' lang='lat' dir='ltr'>ex</span> <span class='ocrx_word' id='word_1_344' title='bbox 1261 2362 1302 2393; x_wconf 86' lang='lat' dir='ltr'>te</span> <span class='ocrx_word' id='word_1_345' title='bbox 1323 2365 1531 2407; x_wconf 88' lang='lat' dir='ltr'>cognoro.</span> 
     </span>
    </p>
   </div>
   <div class='ocr_carea' id='block_1_5' title="bbox 93 2410 214 2452">
    <p class='ocr_par' dir='ltr' id='par_1_5' title="bbox 93 2410 214 2452">
     <span class='ocr_line' id='line_1_39' title="bbox 93 2410 214 2452; baseline -0.008 0"><span class='ocrx_word' id='word_1_346' title='bbox 93 2410 214 2452; x_wconf 82' lang='lat' dir='ltr'>Vale.</span> 
     </span>
    </p>
   </div>
   <div class='ocr_carea' id='block_1_6' title="bbox 612 2495 1599 2538">
    <p class='ocr_par' dir='ltr' id='par_1_6' title="bbox 612 2495 1599 2538">
     <span class='ocr_line' id='line_1_40' title="bbox 612 2495 1599 2538; baseline -0.004 -1"><span class='ocrx_word' id='word_1_347' title='bbox 612 2499 1015 2538; x_wconf 83' lang='lat' dir='ltr'><strong>ARGUMENTUM.</strong></span> <span class='ocrx_word' id='word_1_348' title='bbox 1551 2495 1599 2533; x_wconf 71' lang='lat'>12</span> 
     </span>
    </p>
   </div>
   <div class='ocr_carea' id='block_1_7' title="bbox 98 2559 1535 2666">
    <p class='ocr_par' dir='ltr' id='par_1_7' title="bbox 98 2559 1535 2666">
     <span class='ocr_line' id='line_1_41' title="bbox 98 2559 1535 2613; baseline -0.003 -13"><span class='ocrx_word' id='word_1_349' title='bbox 98 2565 423 2613; x_wconf 81' lang='lat' dir='ltr'>Appropinquante</span> <span class='ocrx_word' id='word_1_350' title='bbox 449 2565 602 2599; x_wconf 80' lang='lat' dir='ltr'>discessu</span> <span class='ocrx_word' id='word_1_351' title='bbox 619 2576 661 2599; x_wconf 69' lang='lat' dir='ltr'>esc</span> <span class='ocrx_word' id='word_1_352' title='bbox 687 2565 887 2611; x_wconf 77' lang='lat' dir='ltr'>provincia,</span> <span class='ocrx_word' id='word_1_353' title='bbox 906 2562 1027 2598; x_wconf 85' lang='lat' dir='ltr'>urbem</span> <span class='ocrx_word' id='word_1_354' title='bbox 1056 2562 1247 2601; x_wconf 82' lang='lat' dir='ltr'>desiderat,</span> <span class='ocrx_word' id='word_1_355' title='bbox 1268 2559 1367 2606; x_wconf 79' lang='lat' dir='ltr'>cujus</span> <span class='ocrx_word' id='word_1_356' title='bbox 1384 2559 1535 2608; x_wconf 78' lang='lat' dir='ltr'>finctus</span> 
     </span>
     <span class='ocr_line' id='line_1_42' title="bbox 187 2614 1439 2666; baseline -0.004 -14"><span class='ocrx_word' id='word_1_357' title='bbox 187 2617 470 2664; x_wconf 75' lang='lat' dir='ltr'>provincialibus</span> <span class='ocrx_word' id='word_1_358' title='bbox 485 2614 636 2666; x_wconf 77' lang='lat' dir='ltr'>proefert</span> <span class='ocrx_word' id='word_1_359' title='bbox 650 2631 662 2652; x_wconf 87' lang='lat'>.·</span> <span class='ocrx_word' id='word_1_360' title='bbox 692 2620 726 2651; x_wconf 84' lang='lat' dir='ltr'>et</span> <span class='ocrx_word' id='word_1_361' title='bbox 745 2616 885 2652; x_wconf 83' lang='lat' dir='ltr'>obviam</span> <span class='ocrx_word' id='word_1_362' title='bbox 901 2615 970 2651; x_wconf 76' lang='lat' dir='ltr'>sibi</span> <span class='ocrx_word' id='word_1_363' title='bbox 989 2615 1131 2650; x_wconf 81' lang='lat' dir='ltr'>litteras</span> <span class='ocrx_word' id='word_1_364' title='bbox 1149 2615 1249 2649; x_wconf 67' lang='lat' dir='ltr'>mitti</span> <span class='ocrx_word' id='word_1_365' title='bbox 1265 2614 1439 2661; x_wconf 77' lang='lat' dir='ltr'>postulat.</span> 
     </span>
    </p>
   </div>
   <div class='ocr_carea' id='block_1_8' title="bbox 97 2746 1537 2878">
    <p class='ocr_par' dir='ltr' id='par_1_8' title="bbox 97 2746 1537 2878">
     <span class='ocr_line' id='line_1_43' title="bbox 97 2746 1537 2790; baseline -0.003 -9"><span class='ocrx_word' id='word_1_366' title='bbox 97 2751 134 2782; x_wconf 82' lang='lat' dir='ltr'>in</span> <span class='ocrx_word' id='word_1_367' title='bbox 159 2750 374 2782; x_wconf 83' lang='lat' dir='ltr'>describendis</span> <span class='ocrx_word' id='word_1_368' title='bbox 401 2750 701 2790; x_wconf 75' lang='lat' dir='ltr'>oppugnationibus</span> <span class='ocrx_word' id='word_1_369' title='bbox 726 2749 796 2779; x_wconf 84' lang='lat' dir='ltr'>haec</span> <span class='ocrx_word' id='word_1_370' title='bbox 839 2749 1131 2780; x_wconf 67' lang='lat' dir='ltr'>turribus—tantis</span> <span class='ocrx_word' id='word_1_371' title='bbox 1159 2746 1268 2788; x_wconf 73' lang='lat' dir='ltr'>opibus</span> <span class='ocrx_word' id='word_1_372' title='bbox 1295 2748 1448 2786; x_wconf 77' lang='lat' dir='ltr'>tantoque</span> <span class='ocrx_word' id='word_1_373' title='bbox 1482 2755 1537 2777; x_wconf 80' lang='lat' dir='ltr'>ne-</span> 
     </span>
     <span class='ocr_line' id='line_1_44' title="bbox 101 2791 936 2832; baseline 0.001 -11"><span class='ocrx_word' id='word_1_374' title='bbox 101 2794 351 2824; x_wconf 83' lang='lat' dir='ltr'>commemorari</span> <span class='ocrx_word' id='word_1_375' title='bbox 386 2793 504 2823; x_wconf 83' lang='lat' dir='ltr'>solent.</span> <span class='ocrx_word' id='word_1_376' title='bbox 536 2802 613 2822; x_wconf 84' lang='lat' dir='ltr'>nam</span> <span class='ocrx_word' id='word_1_377' title='bbox 650 2791 797 2832; x_wconf 85' lang='lat' dir='ltr'>profecto</span> <span class='ocrx_word' id='word_1_378' title='bbox 836 2792 936 2831; x_wconf 76' lang='lat' dir='ltr'>gotio.</span> 
     </span>
     <span class='ocr_line' id='line_1_45' title="bbox 103 2834 797 2878; baseline 0.001 -15"><span class='ocrx_word' id='word_1_379' title='bbox 103 2834 169 2878; x_wconf 61' lang='lat' dir='ltr'>iton</span> <span class='ocrx_word' id='word_1_380' title='bbox 184 2834 264 2866; x_wconf 79' lang='lat' dir='ltr'>bene</span> <span class='ocrx_word' id='word_1_381' title='bbox 286 2835 452 2866; x_wconf 85' lang='lat' dir='ltr'>cohaerent</span> <span class='ocrx_word' id='word_1_382' title='bbox 474 2834 663 2874; x_wconf 76' lang='lat' dir='ltr'>aggeribus,</span> <span class='ocrx_word' id='word_1_383' title='bbox 686 2834 797 2872; x_wconf 49' lang='lat' dir='ltr'>vineis,</span> 
     </span>
    </p>
   </div>
   <div class='ocr_carea' id='block_1_9' title="bbox 5 2914 12 3196">
    <p class='ocr_par' dir='ltr' id='par_1_9' title="bbox 5 2914 12 3196">
     <span class='ocr_line' id='line_1_46' title="bbox 5 2914 9 2995; baseline 0 0"><span class='ocrx_word' id='word_1_384' title='bbox 5 2914 9 2995; x_wconf 66' lang='lat' dir='ltr'>l</span> 
     </span>
     <span class='ocr_line' id='line_1_47' title="bbox 7 3062 12 3196; baseline 0 0"><span class='ocrx_word' id='word_1_385' title='bbox 7 3062 12 3196; x_wconf 68' lang='lat' dir='ltr'>l</span> 
     </span>
    </p>
   </div>
  </div>
 </body>
</html>
