1817 3196
433 79 511 117 AD
537 77 874 118 METELLUM
901 77 975 115 ET
1001 77 1277 115 CETEROS.

642 179 876 222 CICERO
908 179 1090 221 RUFO.

156 242 194 274 7⁵
210 237 355 300 QUO
376 248 505 289 modo
528 248 777 304 potuissem,
800 257 842 288 te
863 247 1173 297 convenissem,
1204 246 1237 286 si
1267 259 1334 297 eo,
1362 259 1448 301 quo
1479 260 1581 288 con-

156 308 366 357 stitueras,
388 306 532 346 venire
555 304 771 346 voluisses.
813 304 958 350 Quare
979 304 1057 345 etsi
1078 304 1118 337 76
1133 304 1193 344 tui
1217 303 1434 344 commodi
1455 317 1584 346 causa.

151 376 421 405 commovere
439 376 506 402 me
525 361 714 412 noluisti,
736 370 878 402 tamen
900 362 959 402 ita
975 360 1196 402 existimes
1217 360 1359 411 velim,
1376 373 1445 401 me
1464 369 1585 401 ante-

154 421 336 462 laturum
359 419 504 469 fuisse,
524 419 556 459 si
580 419 631 460 ad
655 432 724 458 me
746 419 944 469 misisses,
968 417 1230 460 voluntatem
1252 426 1369 458 tuam
1391 431 1585 458 commo-

151 477 207 518 do
230 491 339 518 meo.
370 474 438 516 Ad
460 489 523 526 ea,
546 490 643 530 quae
663 475 889 531 scripsisti,
907 475 1176 516 commodius
1195 473 1394 529 equidem
1413 487 1584 530 possem

152 535 205 575 de
226 532 403 589 singulis
430 532 482 573 ad
506 542 548 572 te
570 533 693 573 rebus
716 533 914 583 scribere,
937 533 971 572 si
996 532 1063 573 M.
1084 531 1263 582 Tullius,
1288 531 1429 572 scriba
1449 544 1585 581 meus,

152 591 336 631 adesset:
368 592 405 622 77
421 589 474 630 de
495 603 582 644 quo
604 589 709 631 mihi
731 589 1002 645 exploratum
1025 598 1104 639 est,
1134 589 1177 629 in
1208 588 1447 629 rationibus
1477 588 1586 629 dun-

152 655 273 688 taxat
296 645 540 697 referendis,
570 646 642 700 (de
673 647 825 688 ceteris
856 646 983 686 rebus
1014 645 1225 686 affirmare
1257 659 1342 685 non
1375 646 1586 701 possum,)

151 703 258 745 nihil
280 717 376 744 eum
403 703 554 744 fecisse
577 704 796 754 scientem,
829 703 946 758 quod
967 712 1078 743 esset
1098 711 1249 744 contra
1270 712 1344 743 aut
1372 716 1476 754 rem,
1511 710 1586 743 aut
1597 717 1629 747 p.
1646 708 1697 739 75.

149 760 516 802 existimationem
550 769 682 802 tuam.
713 760 826 811 dein,
857 760 891 800 si
923 760 1139 801 rationum
1170 758 1484 800 referendarum
1511 759 1629 814 jusa·

152 826 274 860 vetus
296 827 340 858 et
361 832 453 858 mos
475 818 676 873 antiquus
699 827 902 868 maneret,
931 831 998 858 me
1020 817 1250 858 relaturum
1274 817 1476 867 rationes,
1505 816 1588 857 nisi

126 884 295 916 ·tecum
320 890 396 931 pro
421 875 730 929 conjunctione
762 885 919 915 nostrae
951 874 1279 915 necessitudinis
1311 873 1589 915 contulissem

152 932 534 986 confecissemque,
565 946 652 973 non
676 931 821 972 fuisse.
883 931 1013 978 Quod
1045 931 1178 988 igitur
1209 931 1406 972 fecissem
1437 931 1488 972 ad
1521 945 1591 971 ur-

152 989 266 1040 bem,
286 989 318 1030 si
336 989 602 1030 consuetudo
615 989 797 1046 pristina
813 997 1024 1031 maneret:
1048 989 1106 1040 id,
1126 1003 1259 1044 quum
1277 987 1371 1044 lege
1388 987 1508 1030 Julia
1527 1002 1592 1029 re·

148 1044 342 1102 linquere
364 1046 550 1086 rationes
572 1046 616 1087 in
639 1046 862 1102 provincia
884 1060 1055 1087 necesse
1080 1056 1185 1095 erat,
1209 1045 1465 1101 easdemque
1489 1045 1592 1086 toti-

150 1102 248 1144 dem
275 1103 413 1144 verbis
435 1102 590 1144 referre
619 1104 673 1144 ad
704 1103 917 1153 aerarium,
949 1102 1032 1143 feci
1064 1104 1107 1143 in
1140 1103 1376 1158 provincia.
1439 1101 1592 1157 Neque

151 1159 213 1201 ita
230 1159 329 1211 feci,
351 1169 400 1200 ut
420 1168 460 1200 te
478 1160 529 1201 ad
550 1174 692 1200 meum
711 1161 936 1200 arbitrium
956 1160 1239 1200 adducerem:
1264 1159 1336 1200 sed
1356 1159 1488 1200 tribui
1508 1158 1589 1200 tibi

1504 84 1575 118 119

153 1226 335 1266 tantum,
357 1219 397 1250 78
411 1225 618 1271 quantum
643 1230 711 1256 me
733 1217 949 1266 tribuisse,
978 1230 1215 1271 numquam
1244 1216 1494 1271 poenitebit.
1526 1225 1593 1257 to·

152 1282 242 1314 tum
266 1274 380 1314 enim
404 1273 588 1313 scribam
610 1286 769 1322 meum,
792 1287 920 1327 quem
943 1273 1022 1313 tibi
1048 1273 1172 1313 video
1195 1287 1311 1313 nunc
1332 1286 1423 1312 esse
1447 1287 1594 1328 suspe-

151 1337 285 1381 ctum,
318 1330 396 1370 tibi
429 1328 599 1370 tradidi.
632 1338 676 1370 tu
709 1330 747 1370 ei
780 1329 848 1370 M.
873 1328 1110 1380 Mindium,
1142 1329 1317 1370 fratrem
1350 1338 1489 1380 tuum,
1519 1330 1594 1371 ad-

142 1387 349 1443 junxisti.
411 1386 620 1428 Rationes
654 1385 866 1428 confectae
899 1401 967 1427 me
998 1388 1175 1427 absente
1206 1397 1306 1427 sunt
1340 1395 1501 1437 tecum,
1539 1387 1594 1428 ad

149 1459 255 1500 quas
292 1458 375 1500 ego
409 1443 516 1484 nihil
548 1443 726 1486 adhibui
766 1452 922 1499 praeter
952 1443 1198 1485 lectionem.
1261 1443 1330 1484 Ita
1360 1444 1509 1499 accepi
1543 1444 1596 1485 li-

150 1503 276 1543 brum
307 1516 332 1541 a
362 1514 458 1541 meo
490 1515 611 1541 servo
643 1501 799 1551 scriba,
832 1510 880 1541 ut
909 1501 1093 1542 eundem
1128 1501 1371 1556 acceperim
1403 1515 1428 1541 a
1463 1500 1595 1542 fratre

152 1567 243 1600 tuo.
304 1557 349 1598 Si
387 1557 524 1598 honos
562 1558 598 1598 is
634 1556 731 1608 fuit,
771 1557 979 1612 majorem
1013 1558 1093 1599 tibi
1128 1557 1286 1599 habere
1321 1572 1409 1598 non
1444 1560 1593 1612 potui:

153 1616 187 1657 si
221 1614 340 1671 fideS,
378 1614 589 1669 majorem
628 1614 708 1655 tibi
742 1614 891 1665 habui,
926 1629 1054 1669 quarn
1091 1628 1215 1671 paene
1257 1615 1340 1670 ipsi
1382 1614 1512 1656 mihi:
1560 1615 1595 1655 si

153 1671 467 1729 providendum
503 1671 602 1722 fuit,
635 1686 688 1712 ne
720 1671 821 1726 quid
857 1671 993 1722 aliter,
1026 1687 1075 1713 ac
1107 1672 1187 1714 tibi
1219 1680 1263 1712 et
1292 1670 1519 1712 honestum
1552 1681 1596 1712 et

153 1729 256 1770 utile
295 1738 422 1779 esset,
460 1727 712 1769 referretur:
760 1743 848 1769 non
882 1728 1029 1779 habui,
1062 1729 1132 1769 cui
1165 1728 1310 1784 potius
1349 1728 1392 1769 id
1431 1728 1596 1784 negotii

150 1789 193 1822 79
206 1786 368 1828 darem.
420 1784 531 1826 Illud
554 1785 728 1841 quidem
751 1795 866 1826 certe
888 1784 1051 1826 factum
1073 1796 1154 1837 est,
1177 1786 1293 1840 quod
1312 1784 1596 1839 lexjubebat,

151 1850 201 1884 ut
220 1843 333 1899 apud
353 1842 458 1884 duas
480 1843 692 1893 civitates,
728 1842 1034 1883 Laodicensem
1067 1853 1110 1884 et
1132 1842 1462 1898 Apameensem‚
1499 1858 1598 1898 quae

149 1901 275 1941 nobis
314 1900 516 1941 maximae
549 1900 820 1950 videbantur,
854 1900 1060 1955 quoniam
1091 1901 1153 1941 ita
1185 1913 1356 1941 necesse
1387 1909 1497 1950 erat,
1528 1915 1597 1941 ra-

151 1958 288 2001 tiones
309 1955 529 1999 confectas
551 1966 594 1998 et
615 1956 902 1998 consolidatas
927 1957 1252 2014 deponeremus.
1315 1955 1470 2012 Itaque
1487 1957 1594 1999 huic

191 2102 232 2133 75
268 2097 344 2139 Quo
369 2096 461 2128 modo
480 2095 671 2136 potuissem]
704 2096 762 2126 Est
790 2106 849 2136 pro

150 2149 336 2183 quocumque
359 2139 469 2170 modo.-
492 2139 555 2169 nisi
580 2138 710 2179 scripsit
735 2139 850 2169 Cicero

149 2192 271 2225 quoquo
284 2182 387 2219 modo,
399 2186 434 2211 et
447 2179 589 2211 alterum
601 2181 643 2210 ob
653 2181 850 2220 scripturam

149 2226 319 2265 antiquam
331 2222 472 2255 excidit:
491 2231 567 2253 nam
581 2227 626 2252 sic
638 2222 752 2253 Cicero
767 2232 850 2253 sem·

148 2278 220 2310 per,
241 2272 277 2297 et
297 2265 343 2296 sic
364 2270 415 2296 est
435 2265 537 2296 etiam
557 2264 593 2294 in
612 2264 701 2295 libris
716 2264 848 2304 quibus-

148 2310 237 2342 dam.
262 2318 322 2339 nec
342 2312 456 2339 tamen
470 2316 530 2346 quo
553 2306 644 2336 modo
658 2315 726 2336 non
741 2307 786 2336 sic
801 2306 848 2337 di-

149 2353 248 2388 citur,
263 2350 324 2381 etsi
341 2359 426 2380 raro.
456 2349 611 2379 Ceterum
626 2348 698 2379 haec
711 2348 850 2388 epistola

152 2395 246 2426 abest
260 2393 327 2425 Ms.
343 2401 416 2422 meo
429 2396 464 2421 et
477 2391 540 2421 Gu.
555 2392 586 2422 2.

191 2436 233 2470 76
254 2435 319 2467 mei
339 2433 495 2465 commodi
515 2432 632 2472 causa]
659 2432 848 2473 Suspicatus

150 2488 224 2509 sum
239 2478 307 2509 tui.-
330 2475 417 2515 quod
439 2475 548 2516 aptius
569 2479 654 2506 esset
675 2476 850 2506 sententiae

148 2529 345 2552 commovere
355 2527 407 2549 me
419 2517 552 2549 noluisti
561 2529 571 2546 :
585 2527 663 2548 nam
679 2517 711 2547 id
723 2522 785 2553 est,
799 2518 850 2548 in-

149 2561 358 2594 commodum
375 2560 455 2591 mihi
469 2560 584 2591 afferre
597 2560 745 2591 itineris:
768 2560 850 2590 item

151 2604 256 2635 verbis
268 2605 469 2635 voluntatem
483 2607 589 2634 tuam.
610 2606 724 2641 estque
740 2607 849 2632 totum

150 2645 233 2677 illud
246 2646 397 2687 ineptum
411 2646 474 2676 mei
489 2655 516 2676 c.
539 2654 568 2675 c.
591 2653 618 2674 c.
636 2654 681 2674 m.
704 2645 848 2676 noluisti.

149 2688 236 2729 Quia
250 2692 324 2729 post
336 2692 387 2718 est
400 2687 562 2719 commodo
578 2695 658 2723 me0,
681 2691 768 2717 recte
789 2686 847 2717 illo

152 2729 238 2767 loeo,
258 2730 290 2761 ei
311 2729 560 2762 accommodata
580 2733 630 2760 est
654 2729 769 2769 prioris
785 2728 849 2759 loci

152 2773 323 2812 scriptura.
351 2771 430 2803 Non
445 2770 590 2802 dubitavi
605 2771 651 2802 sic
665 2771 848 2812 corrigere5

155 2813 236 2845 adeo
252 2823 300 2845 res
312 2819 364 2846 est
377 2813 563 2846 mifesta.

934 2099 974 2130 77
997 2106 1020 2126 α
1039 2106 1100 2136 quo
1124 2096 1205 2126 mihi
1227 2096 1269 2136 e.]
1295 2095 1414 2126 Nescio
1428 2096 1594 2136 quomodo

891 2138 955 2168 hoc
981 2138 1161 2169 toleratum
1185 2139 1247 2168 sit:
1278 2148 1355 2168 cum
1380 2139 1594 2171 manifestum

892 2181 948 2216 sit,
963 2189 1032 2211 esse
1047 2179 1163 2210 debere
1177 2181 1216 2210 de
1230 2190 1289 2220 quo
1306 2180 1385 2211 mihi
1398 2191 1427 2211 e.
1441 2191 1468 2212 e.

936 2226 976 2256 78
999 2226 1160 2261 quantum
1171 2233 1222 2253 me
1236 2226 1280 2253 tr.
1293 2233 1326 2254 n.
1342 2232 1394 2253 me
1407 2224 1591 2264 poenitebit]

893 2264 1057 2295 Posterius
1071 2274 1122 2295 me
1136 2274 1203 2294 non
1218 2264 1339 2304 placet,
1356 2270 1391 2295 et
1413 2275 1481 2296 nou
1495 2272 1545 2296 est
1560 2267 1593 2298 in

891 2306 964 2338 edd.
988 2306 1083 2337 Rom.
1110 2307 1311 2342 1469.1471.
1335 2307 1425 2339 Med.
1442 2308 1501 2338 ἃς.
1529 2308 1591 2340 ita-

893 2359 955 2388 que
970 2348 1084 2379 delevi.

930 2395 970 2425 79
981 2391 1106 2426 darem,
1117 2400 1219 2430 quam
1231 2391 1360 2431 darem]
1378 2392 1459 2422 Haec
1471 2402 1593 2433 appen-

891 2433 1000 2464 dicula
1014 2433 1165 2471 offendit,
1188 2442 1314 2474 estque,
1338 2439 1376 2464 ut
1398 2434 1527 2471 opinor,
1549 2435 1593 2465 ab

892 2475 1139 2515 interpolatore.
1165 2475 1283 2506 melius
1306 2481 1355 2506 est
1381 2477 1592 2508 Graevianum

892 2527 992 2557 quam
1004 2519 1058 2548 eui
1070 2518 1155 2553 dedi,
1168 2517 1255 2557 quod
1268 2517 1324 2548 ille
1337 2518 1383 2548 ita
1395 2523 1520 2548 certum
1534 2529 1594 2559 pu-

892 2561 999 2596 tabat,
1010 2565 1050 2591 ut
1059 2570 1099 2590 ne
1112 2560 1294 2591 Carneades
1305 2560 1433 2599 quidem
1444 2559 1594 2592 dubitare

891 2607 1013 2643 posset.
1058 2601 1120 2633 Sed
1133 2608 1168 2632 et
1182 2602 1245 2632 hoc
1259 2601 1527 2642 interpolatorem
1543 2612 1593 2633 sa-

892 2645 941 2685 pit
957 2655 968 2675 ι
989 2645 1074 2675 sicut
1097 2643 1191 2681 illud,
1215 2644 1302 2682 quod
1323 2651 1356 2674 et
1378 2645 1482 2684 ipsum
1505 2645 1539 2674 in
1554 2645 1593 2675 li.

890 2687 956 2717 bris
984 2693 1047 2723 est,
1084 2696 1184 2726 quam
1218 2685 1326 2717 Tullio
1352 2686 1476 2722 scribe,
1510 2686 1592 2718 item

891 2739 990 2769 quam
1015 2729 1074 2759 tibi
1096 2729 1131 2759 in
1157 2728 1229 2759 edd.
1256 2738 1306 2768 pr.
1332 2727 1361 2758 A
1387 2727 1452 2758 MS.
1479 2728 1590 2760 Guelf.

891 2781 1006 2802 omnes
1027 2771 1078 2801 hae
1100 2769 1325 2811 appendiculae
1346 2770 1478 2804 absunt.
1522 2771 1590 2803 lta-

894 2823 956 2853 que
971 2822 1037 2845 non
1052 2812 1198 2844 dubitavi
1212 2811 1331 2844 delere.

833 2862 904 2898 14
