1903 3218
293 96 373 132 236
672 93 850 132 EPIST.
878 93 1060 132 LIBER
1085 93 1358 133 DECIMUS

299 199 337 228 ¹5
352 196 386 238 si
416 198 512 252 quis
547 197 648 252 quid
680 206 906 252 quaereret,
941 197 1136 248 dixisset,
1172 210 1322 238 cenam
1360 204 1403 238 te
1437 207 1631 252 quaerere
1657 194 1731 236 ¹62

295 265 422 295 mane
441 255 618 296 dixeris.
678 254 755 296 Ille
776 255 881 296 baro
906 266 947 295 te
966 255 1147 310 putabat
1167 254 1465 309 quaesiturum,
1490 265 1621 293 unum
1643 264 1729 293 cae-

297 309 385 351 lum
407 321 533 362 esset,
555 326 610 352 an
634 311 976 353 innumerabilia.
1031 311 1149 358 Quid
1170 312 1223 352 ad
1246 313 1316 352 te?
1350 308 1410 350 At
1431 308 1603 350 hercule
1623 321 1731 348 cena

297 369 508 422 numquid
531 368 584 409 ad
608 370 676 410 te?
709 369 769 408 ibi
806 368 1059 423 praesertim.
1120 367 1192 409 Sic
1216 369 1348 423 igitur
1371 367 1554 407 vivitur:
1587 363 1732 419 quoti-

299 424 369 465 die
389 425 550 481 aliquid
581 425 752 480 legitur,
781 434 854 465 aut
885 424 1110 466 scribitur:
1142 424 1256 475 dein,
1279 438 1332 465 ne
1354 422 1502 465 amicis
1525 420 1632 462 nihil
1655 420 1732 460 tri-

301 481 497 532 buamus,
518 481 740 537 epulamur
762 495 846 521 una
869 495 955 521 non
979 481 1108 521 modo
1131 494 1215 521 non
1239 493 1390 522 contra
1412 480 1566 535 legem,
1591 477 1625 519 si
1648 476 1733 518 ulla

298 552 414 580 nunc
446 539 514 580 lex
549 548 628 589 est,
657 538 730 578 sed
760 538 889 578 etiam
921 539 1034 578 intra
1059 536 1213 592 legem,
1235 547 1277 578 et
1298 537 1471 593 quidem
1495 535 1730 591 aliquanto.

300 594 447 641 Quare
469 594 576 635 nihil
596 605 675 645 est,
695 594 812 650 quod
834 594 1064 635 adventum
1088 603 1280 635 nostrum
1305 594 1576 635 extimescas.
1630 590 1732 632 Non

297 651 420 692 multi
443 651 529 693 cibi
552 651 768 708 hospitem
791 652 998 707 accipies3
1034 654 1067 684 17
1084 650 1206 691 inulti
1222 651 1332 705 joci.
1382 649 1503 691 Vale.

255 874 290 905 b.
543 857 625 910 M.
664 857 970 910 TULLII
1025 855 1497 911 CICERONIS

374 970 1651 1054 EPISTOLARUM

832 1132 835 1134 .
860 1094 1067 1142 LIBER
1112 1093 1174 1136 X.

992 1190 1047 1215 AD

530 1272 639 1319 CN.
684 1272 1021 1320 PLANCUM
1065 1271 1498 1320 ETCETEROS.

266 1475 279 1508 1
816 1461 1217 1499 ARGUMENTUM.

298 1525 485 1562 Invehitur
504 1527 540 1562 inf
555 1526 709 1561 Antonii
726 1526 1002 1560 immoderatam
1017 1528 1233 1571 potentiam,
1252 1529 1287 1560 et
1306 1524 1485 1560 Plancum
1503 1523 1737 1572 transalpinae

353 1577 486 1613 Gallice
515 1579 705 1625 praesidem
733 1576 913 1616 hortatur,
949 1582 988 1612 ut
1018 1579 1054 1612 in
1084 1588 1195 1625 remp.
1228 1577 1408 1613 incumbat
1422 1592 1433 1612 .·
1463 1581 1498 1612 et
1530 1576 1674 1612 tandem
1693 1577 1736 1612 de

351 1630 484 1667 Furnio
504 1630 652 1678 benigne
668 1634 832 1676 suscepto
848 1631 992 1676 gracias
1009 1631 1100 1676 ogit.

757 1712 991 1754 CICERO
1026 1711 1290 1754 PLANCO.

302 1768 398 1833 ET
434 1791 555 1833 abfui
595 1790 870 1848 proficiscens
904 1791 945 1831 in
981 1789 1224 1832 Graeciam:
1260 1799 1303 1830 et
1334 1797 1612 1845 posteaquam
1654 1789 1735 1830 lde

296 1865 394 1892 meo
430 1863 555 1890 cursu
588 1848 836 1904 reipublicae
876 1862 967 1888 sum
1005 1861 1109 1888 voce
1139 1855 1378 1898 revocatus,
1399 1860 1636 1901 numquam
1662 1861 1736 1902 per

300 1908 367 1950 M.
390 1905 630 1949 Antonium
653 1906 823 1961 quietus
852 1904 938 1946 fui:
972 1905 1095 1958 cujus
1122 1913 1242 1946 tanta
1273 1914 1352 1953 est,
1386 1917 1473 1944 non
1508 1903 1737 1945 insolentia

300 2024 347 2052 vit
364 2023 410 2052 in.
434 2020 532 2051 habet
546 2020 646 2050 etiam
664 2021 729 2052 Ms.
754 2023 875 2054 noster,
897 2028 916 2048 a
930 2018 994 2049 Gu.

304 2068 328 2094 1.
346 2067 375 2095 2.
390 2063 482 2094 Gorl.
498 2063 601 2093 abest.
617 2062 663 2093 nil
679 2062 827 2103 impedit,
843 2062 993 2101 praeposi-

1039 2028 1102 2057 quo
1120 2017 1272 2058 pendeat.
1315 2018 1432 2056 ltaque
1447 2021 1505 2048 aut
1521 2021 1551 2048 et
1567 2022 1644 2048 ante
1660 2026 1736 2047 cum

1037 2062 1094 2090 ille
1108 2066 1158 2090 est
1171 2058 1368 2097 addendum,
1390 2063 1450 2090 aut
1463 2058 1504 2089 ad
1518 2060 1665 2100 superius
1681 2061 1737 2100 qui

299 2108 424 2138 tionem
440 2116 458 2135 e
473 2106 569 2135 verbo
586 2107 687 2145 repeti
703 2108 773 2136 sine
789 2103 994 2134 necessitate.

300 2158 376 2179 nain
392 2155 425 2178 et
441 2147 475 2177 in
490 2147 561 2177 aliis
578 2147 614 2177 fit
630 2147 700 2179 sine
714 2159 763 2178 ea.

345 2193 380 2221 15
401 2190 428 2219 si
451 2191 521 2229 quis
543 2190 713 2229 quicquam
730 2187 799 2229 qu.]
826 2187 892 2218 Cur
908 2188 995 2228 qnie-

295 2242 397 2271 quam
410 2232 426 2261 ‚7
451 2232 552 2262 immo
568 2232 655 2271 quid.
669 2234 715 2262 sic
730 2232 794 2262 Ms-
806 2235 917 2260 noster
930 2230 994 2259 Gu.

303 2277 328 2304 1.
344 2277 375 2305 2,
390 2277 425 2304 et
439 2274 484 2303 sic
498 2272 570 2303 edd.
585 2278 664 2304 ante
678 2274 874 2310 Victorium,
896 2281 992 2312 quem

285 2314 488 2346 'Gebhardus
504 2320 633 2345 secutus
648 2321 708 2346 est.

344 2358 381 2388 16
395 2368 416 2387 α
431 2355 542 2396 mane]
563 2357 636 2387 Hoc
649 2359 772 2398 primus
785 2366 843 2396 pro
859 2356 994 2395 vulgato

297 2409 317 2429 α
333 2410 384 2430 me
397 2399 487 2431 dedit
499 2399 623 2430 Victor.
639 2404 752 2439 estque
772 2404 807 2430 et
823 2400 857 2428 in
873 2399 936 2430 ano
952 2398 991 2428 li-

298 2443 356 2472 bro
371 2446 551 2482 repertum,
565 2445 604 2471 ut
619 2451 639 2472 a
653 2451 706 2472 me
721 2442 755 2472 in
779 2451 865 2478 mec,
882 2442 915 2471 in
930 2449 994 2479 quo

298 2485 386 2515 inter
400 2492 496 2515 „eane
511 2487 547 2513 et
560 2483 682 2514 dixeris
696 2490 746 2514 est
762 2492 884 2514 rasura.
900 2488 949 2513 est
961 2487 996 2512 et

299 2527 332 2556 in
347 2526 412 2557 Gu.
429 2529 456 2556 1.
472 2527 503 2557 2.
518 2524 590 2556 Nec
602 2530 715 2556 tamen
732 2525 871 2556 tacenda
885 2530 934 2555 est
950 2525 996 2555 le-

297 2569 376 2605 etio,
391 2577 490 2607 quam
505 2577 523 2598 e
539 2566 604 2598 Ms.
627 2567 835 2598 Menteliano
852 2572 947 2598 notat
962 2567 994 2597 in

297 2610 374 2642 Var.
402 2610 496 2642 Lect.
526 2609 674 2641 Graevius
702 2619 826 2640 amoene
855 2610 976 2642 ‹ii-reris
987 2620 996 2637 .-

295 2654 383 2691 quod
397 2656 447 2683 est
458 2656 493 2683 et
505 2651 538 2681 in
553 2651 633 2683 edit.
654 2651 788 2683 Mediol.
805 2661 928 2684 amoene
941 2655 992 2681 est

295 2694 414 2731 facete,
440 2693 558 2734 lepide,
584 2694 670 2724 sicut
694 2694 868 2725 amoenitas
888 2693 990 2731 lepor.

296 2736 372 2768 Hoc
387 2737 523 2767 verbum
546 2735 694 2776 profecto
715 2745 783 2766 non
797 2739 847 2770 est
862 2746 881 2766 a
895 2735 993 2766 libra-

295 2779 363 2810 riis.
379 2780 536 2811 Ceterum
549 2779 655 2810 oratio
669 2787 736 2809 non
748 2777 827 2809 satis
839 2777 992 2808 cohaeret.

297 2830 374 2852 nam
397 2821 519 2851 dixerie
541 2829 608 2853 non
634 2821 733 2852 habet
755 2821 951 2860 subjectum,
975 2830 992 2850 e

1039 2102 1242 2133 referendum
1259 2105 1320 2132 est.

1085 2148 1119 2178 17
1148 2145 1246 2175 multi
1265 2142 1348 2184 joci]
1379 2144 1431 2173 Sic
1459 2148 1494 2174 et
1524 2143 1588 2174 Ms.
1625 2148 1738 2174 noster

1023 2179 1108 2217 'sine
1130 2186 1195 2223 sed,
1218 2186 1304 2225 quod
1327 2194 1443 2216 manus
1464 2195 1528 2217 sec.
1551 2185 1687 2222 addidit,
1701 2190 1736 2217 et

1040 2229 1102 2260 Gu.
1130 2231 1157 2259 1.
1181 2231 1212 2259 2.
1237 2238 1296 2259 nec
1312 2227 1436 2258 habent
1451 2229 1503 2259 ed.
1528 2228 1627 2259 Rom.
1649 2228 1734 2260 Ven.

1041 2271 1129 2306 1469.
1159 2273 1249 2304 147¹.
1270 2270 1386 2301 Visum
1411 2275 1462 2300 est
1481 2271 1521 2301 iis
1544 2270 1655 2301 durius
1679 2270 1734 2309 qui

1036 2323 1099 2343 mm
1115 2314 1325 2384 sejungeret&
1337 2323 1357 2343 a
1371 2313 1481 2350 multi,
1495 2313 1589 2352 eique
1602 2320 1735 2352 respon-

1037 2355 1112 2386 dere
1142 2364 1300 2385 necessari

1035 2398 1178 2439 primum
1194 2397 1228 2427 in
1242 2397 1292 2428 ed.
1314 2395 1449 2427 Mediol.
1466 2396 1583 2436 reperi,
1599 2395 1685 2426 unde
1702 2397 1738 2425 in

1035 2443 1210 2479 sequentes
1232 2439 1334 2469 venit.
1354 2448 1419 2468 non
1439 2439 1537 2470 multi
1559 2438 1735 2477 conjunct·

1038 2480 1233 2522 capiendum
1258 2491 1318 2521 pro
1336 2480 1458 2520 pauci.-
1481 2481 1528 2510 ita
1550 2479 1735 2520 elegantius

1037 2529 1087 2555 est
1103 2525 1164 2555 cibi
1178 2533 1241 2554 non
1257 2523 1367 2558 multi,
1384 2523 1481 2553 multi
1487 2521 1568 2563 joci.

1084 2569 1095 2596 l
1121 2567 1160 2596 de
1185 2575 1253 2595 meo
1277 2563 1391 2604 cursu]
1421 2564 1473 2594 Sic
1501 2563 1576 2593 libri
1599 2567 1733 2594 veteres.

1039 2607 1171 2647 quidam
1204 2612 1243 2637 ut
1277 2604 1449 2637 Manutius
1484 2609 1574 2637 1540.
1603 2610 1638 2636 et
1664 2606 1733 2645 ejus

1034 2658 1185 2688 sequaces
1195 2649 1366 2680 ediderunt
1375 2648 1413 2678 de
1426 2648 1528 2679 medio
1535 2657 1646 2684 cursu,
1656 2656 1735 2678 sane

1035 2692 1163 2723 melius.
1187 2692 1233 2722 sic
1249 2697 1281 2721 et
1298 2690 1362 2721 Gu.
1391 2692 1422 2720 2.
1452 2691 1496 2720 sic
1509 2690 1593 2721 solet
1608 2689 1733 2720 Cicero.

1036 2734 1090 2765 sed
1103 2739 1217 2765 tamen
1231 2739 1263 2765 et
1280 2732 1360 2765 illud
1376 2733 1511 2769 bonum:
1523 2732 1562 2764 de
1578 2731 1733 2764 instituto

1035 2784 1145 2808 cursu.

1349 2354 1405 2384 sed
1431 2354 1611 2394 putabant:
1649 2352 1735 2392 quod
1793 2351 1795 2353 ’
