1860 3228
332 88 411 126 AD
439 87 498 125 M.
530 83 784 124 MARIUM
813 82 887 121 ET
924 82 1208 120 CETEROS,
1418 84 1491 119 163

533 182 536 185 “
574 187 978 226 ARGUMENTUM.

58 240 260 280 Intermissi
287 243 493 281 litterarum
510 240 622 290 qffi'cii
638 243 902 277 excusationem
919 239 1054 288 adfert,
1074 249 1184 287 quam
1206 248 1278 273 non
1295 237 1494 284 accipiente

416 295 598 336 Trebatio,
617 293 762 329 liberius
775 305 845 342 pro
862 304 961 328 ‘more
968 291 1132 338 jocatur.

363 361 431 402 M.
456 358 690 402 CICERO
714 360 757 401 S.
784 358 840 401 D.
863 356 1192 400 TREBATIO.

60 417 333 471 ADEONE
352 442 420 469 me
448 428 656 484 injustum
689 441 779 468 esse
811 426 1085 476 existimasti,
1107 434 1155 466 ut
1176 423 1257 465 tibi
1280 423 1496 472 irascerer,

59 487 174 540 quod
206 500 353 542 parum
386 484 490 526 mihi
529 494 730 526 constans
762 494 805 525 et
834 484 1015 525 nimium
1046 483 1228 538 cupidus
1261 478 1496 520 decedendi

62 543 264 593 viderere,
295 544 352 583 ob
382 556 562 597 eamque
592 556 762 583 causam
797 556 864 582 me
895 541 1147 581 arbitrarere
1177 539 1339 579 litteras
1369 536 1422 577 ad
1454 545 1497 576 te

52 599 222 653 jamdiu
245 614 328 640 non
352 600 547 641 misisse?
581 598 695 640 Mihi
720 599 984 654 perturbatio
1007 597 1139 638 animi
1163 597 1241 646 tui,
1257 608 1387 650 quarn
1410 592 1498 649 pri-

59 658 142 697 mis
172 656 324 697 litteris
363 657 690 713 perspiciebam,
726 655 963 696 molestiam
1005 654 1165 694 attulit.
1226 653 1379 707 Neque
1415 649 1499 691 alia

61 713 147 754 ulla
167 712 251 754 fuit
271 728 400 755 causa
421 713 749 754 intermissionis
771 712 1064 768 epistolarum,
1086 712 1168 752 nisi
1188 709 1318 765 quod,
1342 707 1415 748 ubi
1433 722 1500 748 es-

61 783 141 820 ses,
163 769 288 826 plane
318 771 578 812 nesciebam.
640 770 728 812 Hic
751 779 796 810 tu
825 784 893 810 me
913 771 1042 810 etiam
1075 767 1310 817 insimulas,
1333 780 1411 806 nec
1434 779 1500 805 sa-

61 827 353 869 tisfactionem
386 842 524 869 meam
557 827 732 884 accipis.
792 826 923 877 Audi,
954 825 1084 867 Testa
1114 826 1188 866 mi.
1249 823 1404 865 Utrum
1429 821 1500 862 su-‘

61 885 304 942 perbiorem
341 894 382 926 te
404 885 586 941 pecunia
617 883 736 936 facit,
757 899 810 925 an
831 885 947 940 quod
971 893 1013 925 te
1033 883 1264 939 imperator
1286 877 1501 922 consulit?

63 940 247 993 Moriar,
269 943 328 993 ni,
351 956 446 997 quae
471 951 544 983 tua
566 941 704 999 gloria
725 952 803 993 est,
827 953 933 998 puto
957 952 998 982 te
1020 941 1144 982 malle
1166 955 1191 981 a
1210 938 1382 980 Caesare
1397 951 1501 978 con-

62 997 158 1049 suli,
179 1013 308 1054 quam
340 999 541 1040 inaurari.
601 999 645 1040 Si
670 1014 770 1040 vero
802 1009 1031 1054 utrumque
1061 1008 1149 1040 est:
1182 997 1277 1053 quis
1306 1005 1348 1036 te
1378 994 1502 1044 feret,

60 1064 219 1111 praeter
239 1070 322 1107 me,
344 1057 417 1111 qui
449 1056 595 1097 omnia
617 1055 725 1098 ferre
748 1058 950 1112 possum?
987 1055 1086 1106 Sed,
1110 1065 1158 1096 ut
1179 1055 1232 1095 ad
1264 1067 1352 1094 rem
1383 1051 1504 1092 rede-

62 1127 147 1163 am,
170 1123 211 1154 te
243 1113 338 1154 istic
370 1114 554 1154 invitum
585 1128 671 1154 non
703 1128 809 1164 esse,
833 1113 1108 1154 vehementer
1138 1112 1331 1168 gaudeo:
1375 1117 1432 1160 et,
1456 1117 1504 1149 ut

63 1168 167 1211 illud
198 1179 290 1211 erat
319 1170 562 1222 molestum,
584 1170 644 1211 sic
674 1170 758 1211 hoc
789 1180 852 1212 est
876 1170 1136 1224 jucundum.
1195 1168 1383 1209 Tantum
1415 1180 1504 1206 me-

65 1235 156 1325 ἓᾳο,
177 1227 483 1292 neartificium
506 1239 628 1268 tuum
651 1227 729 1267 tibi
753 1241 904 1282 parurn
928 1226 1080 1282 prosit.
1137 1225 1180 1256 46
1195 1225 1325 1275 Nam,
1347 1224 1409 1264 ita
1429 1238 1504 1264 au-

95 1299 152 1336 ιο,
175 1295 273 1325 istic

1512 195 1561 232 13

221 1357 304 1394 Non
324 1370 366 1394 ex
374 1356 461 1405 jure
480 1364 625 1394 manum
642 1362 856 1401 consertum,
875 1358 937 1393 sed
954 1358 1071 1405 magis
1076 1355 1184 1406 ferro

222 1409 315 1446 Rem
331 1416 510 1459 repetunt.

68 1469 126 1512 Et
147 1479 193 1513 tu
217 1472 325 1514 soles
347 1473 402 1514 ad
425 1473 509 1514 vim
531 1472 777 1513 faciundam
801 1470 1027 1512 adhiberi?
1057 1485 1196 1526 neque
1217 1478 1296 1522 est,
1317 1470 1432 1525 quod
1457 1468 1508 1510 il-

66 1528 152 1569 lam
185 1531 487 1586 exceptionem
522 1531 566 1570 in
597 1527 828 1570 interdicto
860 1528 1164 1584 pertimescas:
1208 1531 1248 1562 47
1264 1528 1411 1575 Quon
1441 1540 1505 1568 'ru

70 1598 222 1627 Paion
258 1600 306 1628 Vl
345 1600 633 1629 n0M1N1Bus
668 1598 890 1627 ARMAns
922 1585 1071 1639 [NON]
1107 1599 1342 1626 VENEms.
1404 1585 1637 1641 Sciop,102.

69 1643 200 1695 enim,
229 1652 273 1685 te
305 1658 390 1685 non
427 1659 517 1685 esse
550 1658 775 1700 procacem
811 1644 853 1684 in
887 1642 1149 1684 lacessendo.
1209 1643 1308 1693 Sed,
1343 1651 1390 1683 ut
1421 1653 1547 1698 egoa-

67 1714 240 1756 quoque
262 1710 304 1742 te
324 1701 484 1756 aliquid
508 1702 762 1743 admoneam
783 1703 824 1731 48
837 1700 890 1740 de
911 1700 1068 1741 nostris
1083 1700 1382 1742 cautionibus:
1404 1697 1510 1740 Tre-

70 1757 184 1799 viros
207 1758 315 1799 vites
345 1773 515 1799 censeo.
546 1758 675 1799 audio
696 1757 901 1812 capitales
932 1771 1037 1798 esse.
1068 1757 1239 1798 mallem
1271 1771 1389 1808 auro,
1411 1771 1511 1808 aere,

70 1826 266 1871 argento,
287 1824 443 1857 essent.
505 1816 588 1856 Sed
620 1815 722 1856 alias
747 1815 1011 1870 jocabimur.
1070 1812 1137 1855 Tu
1167 1815 1220 1855 ad
1251 1828 1320 1855 me
1341 1814 1394 1855 de
1418 1814 1511 1855 istis

69 1873 432 1971 rebusNomniipus
465 1873 625 1914 scribas
661 1871 792 1912 velim
824 1886 952 1927 quam
987 1871 1331 1927 diligentissime.
1392 1870 1448 1912 A.
1469 1871 1512 1912 d.

73 1942 176 1971 1111.
244 1944 316 1971 on.
369 1931 474 1972 Iart.

591 1985 996 2024 ARGUMENTUM.

70 2041 320 2079 Familiariter
337 2046 372 2077 et
381 2039 506 2088 jocose
529 2040 749 2083 Trebatium,
767 2041 829 2087 qui
853 2040 996 2075 litteras
1014 2040 1136 2075 nullas
1153 2041 1314 2079 miserat,
1335 2037 1517 2086 objurgat.

498 2106 733 2149 CICERO
764 2105 1096 2148 TREBATIO.

78 2166 484 2220 CHRYSIPPUS
505 2176 694 2226 Vettius,
725 2174 830 2231 Cyri
852 2175 1078 2216 architecti
1105 2174 1299 2226 libertus,
1327 2174 1448 2226 fecit,
1469 2181 1520 2215 ut

75 2243 118 2276 te
139 2249 228 2276 non
249 2235 543 2275 immemorem
567 2243 762 2289 putarem
791 2234 889 2273 mei.
922 2231 1101 2273 salutem
1123 2233 1237 2273 enim
1270 2232 1411 2275 verbis
1432 2231 1518 2272 tuis

108 2348 159 2379 ‘46
183 2348 292 2386 Nam,
313 2349 364 2378 ita
385 2347 496 2382 audio,
516 2346 604 2386 istic]
651 2347 704 2377 Sic
726 2348 777 2377 in-

77 2391 362 2432 tex-pungendum:
387 2390 449 2420 nisi
470 2388 644 2428 legendum
668 2389 776 2425 Nam,

78 2437 117 2464 ut
139 2433 251 2470 audio,
274 2434 299 2464 i.
324 2437 364 2463 ut
385 2438 420 2463 et
443 2432 590 2461 Graevius
612 2431 716 2468 dedit,
743 2436 778 2461 et

79 2475 159 2506 Mss.
174 2476 279 2506 nostri
300 2475 425 2505 habent
438 2479 475 2504 et
487 2473 558 2503 edd.
582 2483 631 2514 pr.
645 2474 696 2503 ita
716 2483 778 2503 au-

79 2517 132 2548 dio
159 2522 211 2548 est
231 2528 250 2548 e
271 2517 336 2548 Ms.
358 2517 437 2547 Vat.
459 2526 479 2546 a
501 2515 695 2546 Gebhardo:
719 2525 780 2546 nec

79 2559 166 2600 sapit
185 2558 312 2590 librarii
333 2559 516 2599 ingenium.
563 2558 640 2588 Post
667 2558 780 2598 scripsi

81 2610 220 2633 manum
237 2601 303 2641 (vel
314 2601 447 2641 manus)
465 2610 549 2631 cons.
562 2609 640 2631 nam
652 2600 781 2630 etiamsi

83 2643 204 2675 ultima
227 2643 326 2674 litera
351 2642 602 2683 pronunciando
624 2642 706 2673 elisa
731 2646 783 2672 est

83 2685 119 2716 in
129 2683 206 2723 hoc,
219 2689 336 2716 tamen
349 2685 521 2717 scribenda
533 2690 594 2716 est.

123 2729 165 2761 47
188 2728 288 2769 ,Quod
299 2731 337 2758 tu
344 2728 441 2768 prior
460 2728 495 2757 vi
508 2728 541 2758 h.
557 2736 590 2758 α.
613 2736 679 2757 mm
690 2735 785 2757 vene·

83 2766 146 2808 ris]
170 2778 235 2800 non
254 2769 430 2800 delendum
451 2774 520 2801 est:
546 2769 664 2799 namsi
686 2768 719 2798 id
733 2777 783 2799 es-

84 2814 133 2840 set
148 2809 183 2842 in
197 2814 404 2851 exceptione,
413 2821 481 2842 non
495 2815 579 2849 erat,
591 2820 691 2850 quare
704 2810 786 2842 Tre·

818 2346 948 2378 batium
964 2347 1098 2387 juberet
1112 2356 1181 2377 non
1195 2348 1407 2378 extimescere
1422 2355 1496 2376 eam
1509 2357 1516 2375 ι

819 2393 853 2419 et
876 2389 907 2420 ei
927 2390 1083 2420 convenit
1103 2390 1204 2419 etiam
1231 2399 1380 2430 sequens,
1405 2389 1468 2419 scio
1490 2392 1520 2418 te

818 2441 883 2462 non
905 2441 968 2462 esse
982 2441 1156 2472 procacem
1177 2433 1213 2462 in
1240 2432 1430 2463 lacessendo.
1459 2435 1520 2460 nee

820 2474 901 2505 adeo
919 2475 984 2504 vim
1007 2473 1205 2510 adhibuisse,
1220 2480 1318 2514 atque
1339 2475 1458 2504 timere
1480 2471 1519 2501 il·

821 2516 877 2546 lud
893 2515 1107 2547 interdictum
1123 2516 1251 2548 debere.

864 2561 905 2590 48
928 2553 968 2589 de
987 2560 1106 2590 nostris
1125 2557 1342 2597 cautionibus]
1368 2557 1422 2587 Sic
1436 2555 1522 2587 edidi

823 2610 900 2632 cum
922 2600 1051 2632 Graevio
1065 2611 1126 2642 pro
1138 2602 1272 2632 vestris.-
1293 2606 1406 2638 estque
1419 2599 1465 2629 sic
1486 2598 1523 2628 in

825 2643 891 2674 ΜΒ.
907 2643 971 2675 Gu.
987 2653 1063 2674 nam
1087 2643 1141 2674 hic
1156 2653 1222 2673 non
1245 2643 1356 2683 agitur
1370 2641 1409 2671 de
1420 2640 1524 2672 Jcto-

827 2695 901 2716 rum
917 2685 1140 2723 cautionibus,
1155 2685 1211 2716 sed
1225 2686 1339 2716 Cicero
1355 2692 1448 2713 suam
1463 2683 1524 2714 ali-

827 2738 926 2767 quam
955 2728 1145 2759 cautionem
1177 2727 1309 2758 scribit:
1353 2727 1446 2765 quus
1479 2725 1527 2755 le-

825 2780 884 2810 pos
905 2771 1006 2801 estin
1029 2769 1192 2807 Trem‘ros,
1205 2774 1239 2800 et
1255 2770 1323 2809 ejus
1344 2767 1437 2799 verbi
1457 2775 1528 2800 am-

829 2812 1006 2854 biguitate.

763 2859 849 2895 ΜΩ
