1865 3223
307 105 385 139 344
543 99 720 137 EPIST.
746 99 932 138 LIBER
957 99 1496 142 TERTIUSDECIMUS

306 217 436 258 quem
454 217 536 259 ego
555 204 692 246 virum
711 204 924 261 optimum
944 206 1319 263 gratissimumque
1335 208 1538 264 cognovi,
1556 207 1736 264 recipias

307 260 352 301 in
374 260 730 303 necessitudinem
755 270 886 304 tuam.
932 262 1062 309 Quod
1085 265 1118 304 si
1141 263 1306 315 feceris,
1328 279 1414 305 non
1436 264 1603 316 dubito,
1627 265 1732 319 quin

306 317 354 358 in
393 331 443 358 eo
484 317 719 382 diligendo,
754 320 992 375 ceterisque
1030 330 1178 375 postea
1212 297 1568 372 commendando,
1607 321 1736 372 idem,

307 374 424 428 quod
452 388 550 431 ego,
584 390 639 416 sis
666 375 820 431 judieii
848 386 891 416 et
913 376 1145 418 voluntatis
1178 377 1416 419 habiturus.
1476 377 1608 424 Quod
1636 391 1737 419 cum

307 431 400 472 fieri
424 408 695 474 vehementer
719 431 884 483 studeo,
908 441 998 473 tum
1022 433 1153 474 etiam
1183 434 1284 475 illud
1309 449 1468 485 uereor,
1502 449 1568 485 ne,
1601 434 1636 475 si
1658 435 1739 475 mi-

306 502 387 529 nus
419 488 634 530 cumulate
667 489 864 529 videbere
896 487 1048 529 fecisse
1077 489 1237 545 aliquid
1271 491 1363 546 ejus
1396 506 1537 543 causa,
1571 505 1641 531 me
1670 490 1740 531 ille

307 545 576 610 negligenter
599 545 817 600 scripsisse
838 554 973 601 putet,
997 559 1082 587 non
1108 556 1150 587 te
1171 547 1353 589 oblitum
1374 550 1485 590 mei..
1519 548 1561 579 46
1576 547 1740 594 Quanti

308 603 422 644 enim
447 616 513 643 me
534 600 710 651 faceres,
732 616 831 643 cum
854 616 908 643 ex
931 603 1200 644 sermonibus
1222 605 1482 658 quotidianis
1505 605 1626 657 meiS‚
1650 609 1742 647 tum

309 673 364 700 ex
387 657 579 715 epistolis
601 659 727 700 etian
756 659 839 699 tuis
862 659 1005 715 potuit
1026 675 1301 716 cognoscere.

827 749 1022 787 ARGUM
1028 750 1172 787 ENTU
1175 750 1233 788 M.

683 812 923 860 Asclaponem
941 814 1118 849 medicum
1137 814 1375 849 commendat.

699 900 702 904 ·
738 883 974 926 CICERO
1005 883 1235 926 SERVIO
1267 885 1312 926 S.

311 942 693 994 ASCLAPONE
727 951 939 1003 Patrensi,
969 953 1154 1003 medico,
1184 960 1283 994 utor
1314 952 1434 994 valde
1465 951 1748 1004 familiariter,

310 1009 490 1065 ejusque
519 1023 618 1050 cum
640 1010 907 1051 consuetudo
930 1009 1035 1050 mibi
1063 1009 1260 1064 jucunda
1280 1009 1377 1060 fuit,
1401 1019 1489 1050 tum
1514 1025 1580 1051 ars
1602 1012 1749 1061 etiam,

310 1080 440 1121 quam
467 1080 561 1106 sum
594 1076 797 1130 expertus
829 1066 873 1107 in
904 1065 1142 1107 valitudine
1174 1081 1381 1108 meor.um
1444 1066 1493 1107 In
1526 1082 1610 1122 qua
1642 1068 1749 1108 mihi

310 1138 409 1164 curn
434 1123 528 1178 ipsa
548 1123 742 1174 scientia,
774 1133 866 1164 tum
897 1123 1027 1164 etiam
1056 1123 1261 1165 fidelitate
1289 1124 1661 1179 benivolentiaque
1683 1139 1748 1165 sa-

313 1178 489 1221 tisfecit.
550 1179 684 1221 Hunc
715 1181 849 1236 igitur
881 1180 958 1222 tibi
990 1181 1262 1231 commendo,
1295 1194 1338 1222 et
1367 1190 1455 1221 ate
1488 1190 1601 1236 peto,
1622 1184 1662 1214 47
1677 1181 1750 1222 des

312 1251 503 1293 operam,
534 1246 581 1277 ut
614 1215 843 1292 intelligat,
865 1237 1096 1293 diligenter
1117 1252 1185 1279 me
1208 1238 1427 1294 sc1ipsisse
1449 1237 1501 1278 de
1529 1251 1633 1288 sese,
1664 1252 1751 1278 me-

313 1308 468 1348 amque
499 1294 921 1335 commendationem
955 1295 1047 1336 usui
1082 1309 1240 1352 magno
1267 1297 1346 1337 sibi
1383 1294 1527 1335 fuisse.
1591 1293 1684 1336 Erit
1708 1295 1750 1336 id

314 1350 422 1392 mihi
444 1350 722 1392 vehementer
744 1362 929 1406 gratum.

250 1449 276 1483 ρ
289 1448 297 1482 1
832 1436 1234 1473 ARGUMENTUM.

317 1498 372 1535 M.
400 1498 552 1534 AEmilii
580 1510 653 1533 rem
669 1497 916 1546 familiarem,
947 1503 981 1533 eh
1009 1500 1045 1534 in
1070 1500 1200 1545 primis
1220 1499 1387 1534 libertum
1405 1497 1478 1544 ejus
1496 1499 1754 1534 Hammonium

915 1552 1152 1587 commendat.

564 1615 632 1658 M.
654 1616 706 1657 T.
731 1617 783 1658 C.
816 1616 946 1657 SER.
980 1616 1269 1659 SULPICIO
1302 1616 1345 1657 S.
1373 1616 1422 1657 P.
1447 1616 1504 1658 D.

320 1672 406 1726 M.
430 1682 709 1726 AEMILIUS
729 1683 922 1725 Avianus
938 1685 993 1725 ab
1014 1685 1188 1725 ineunte
1210 1684 1352 1725 adoles
1357 1685 1497 1725 centia
1521 1699 1589 1725 me
1611 1685 1756 1725 obser-

319 1741 454 1791 vnxit,
478 1755 729 1796 semperque
751 1741 919 1792 dilexit,
943 1742 1008 1783 vir
1029 1757 1127 1782 cum
1152 1742 1302 1792 bonus,
1337 1753 1425 1781 tum
1451 1741 1753 1805 perhumanus,

189 1811 220 1842 p
235 1802 308 1832 213
319 1798 360 1828 48
374 1808 417 1838 et
439 1799 481 1839 in
510 1813 627 1839 omni
654 1812 808 1853 geneie
831 1798 962 1838 officii
985 1799 1240 1853 diligendus.
1303 1798 1443 1844 Quem
1467 1799 1500 1838 si
1523 1799 1752 1839 ar-bitrarer

279 1852 410 1895 &esse
433 1855 634 1910 Sicyone,
657 1865 699 1895 et
730 1855 809 1895 nisi
834 1855 1039 1905 audirem,
1063 1856 1121 1895 ibi
1145 1870 1241 1896 eum
1265 1856 1394 1895 etiam
1419 1870 1545 1905 nunc,
1574 1855 1647 1896 ubi
1670 1869 1752 1911 ego

319 1911 487 1966 reliqui,
507 1902 686 1968 ‘Cibyrae
709 1912 981 1962 commorari,
1005 1912 1108 1952 nihil
1132 1922 1242 1953 esset
1265 1927 1450 1962 11666556,
1476 1912 1595 1975 plura
1618 1926 1684 1952 me
1701 1912 1753 1953 ad

321 1976 363 2007 te
385 1968 437 2009 de
459 1983 509 2009 eo
533 1969 731 2010 scribere
795 1968 1026 2009 Peificeret
1047 1970 1161 2010 enim
1187 1971 1274 2024 ipse
1298 1944 1492 2024 pnofec’to
1516 1984 1601 2010 suis
1624 1969 1753 2009 mori-

322 2025 417 2075 bus,
440 2040 599 2080 suaque
620 2026 903 2076 humanitate,
927 2035 972 2065 ut
995 2027 1084 2066 sine
1107 2027 1301 2081 cuijus-qu
1294 2041 1358 2066 un
1384 2026 1758 2067 commendatione

321 2082 572 2137 diligeretur
593 2084 668 2124 abs
690 2093 729 2123 te
753 2097 836 2123 non
859 2083 1012 2133 minus,
1036 2098 1163 2138 quam
1187 2093 1230 2124 et
1253 2100 1276 2123 11
1297 2098 1377 2133 mr,
1399 2093 1441 2123 et
1460 2098 1485 2123 11
1503 2084 1654 2124 cetenis
1672 2083 1759 2123 suis

322 2138 619 2180 familiaribus.
671 2140 754 2181 Sed
777 2154 874 2180 cum
900 2139 1015 2180 illum
1040 2142 1187 2181 11116556
1211 2153 1372 2196 putem,
1395 2141 1651 2181 commendo
1676 2140 1756 2180 tibi

324 2195 366 2236 in
390 2195 596 2251 majorem
619 2197 795 2238 modum
816 2197 991 2238 domum
1015 2197 1122 2251 (jus,
1145 2213 1240 2252 quae
1265 2208 1329 2238 est
1359 2198 1559 2252 Sicyone,
1583 2211 1757 2252 lemque

324 2250 593 2304 familiarem,
623 2254 813 2294 maxime
846 2253 1000 2295 Caium
1035 2255 1130 2294 Avi·
1122 2270 1249 2295 mum
1281 2254 1336 2295 H·
1330 2256 1609 2304 111111100111111,
1632 2254 1758 2294 liber-

325 2318 418 2350 tum
439 2309 555 2364 ejus:
590 2325 715 2365 quem
739 2311 911 2365 quidem
938 2311 1014 2351 tibi
1037 2312 1093 2351 eti
1099 2327 1167 2352 am
1191 2327 1267 2353 suo
1291 2312 1464 2352 nomine
1487 2287 1758 2352 commendo.

327 2365 441 2407 Nam
465 2381 561 2407 cuin
588 2378 812 2422 propterea
834 2369 938 2408 mihi
962 2379 1025 2408 est
1050 2370 1269 2424 pi'zobitus,
1303 2369 1417 2424 quod
1449 2381 1514 2409 est
1547 2369 1587 2408 in
1615 2377 1757 2423 patro-

328 2437 429 2464 num
468 2438 590 2465 suum
631 2425 776 2467 officio
814 2434 858 2465 et
896 2425 978 2466 fide
1015 2426 1110 2480 sing
1097 2426 1234 2477 11111ιί,
1272 2429 1312 2460 ⁴9
1329 2436 1417 2466 tum
1451 2426 1580 2466 etiam
1613 2439 1654 2464 111
1689 2438 1756 2465 me

369 2536 410 2566 46
433 2536 564 2577 ‚Quanti
586 2537 688 2576 enim]
715 2537 766 2566 Sic
789 2537 858 2567 edd.
883 2543 963 2569 vett.
988 2543 1023 2569 et

328 2578 401 2609 eod.
420 2588 523 2614 meus,
540 2578 602 2608 Gu.
622 2581 649 2608 l.
667 2584 698 2609 2.
716 2579 776 2609 Ed.
801 2579 898 2610 Grut.
924 2581 1022 2611 habet

328 2623 462 2650 tamen.-
485 2630 551 2651 non
571 2620 662 2650 bene.

368 2664 410 2696 47
437 2667 474 2692 ut
496 2662 550 2692 des
571 2671 715 2701 operam,
738 2662 790 2702 ut]
816 2662 893 2693 Non
917 2665 1024 2694 suavis

328 2711 379 2734 est
395 2703 547 2743 repetitio
563 2704 603 2735 ’νέ
615 2709 662 2734 ut.
687 2704 834 2735 Primum
848 2705 1022 2737 deleverim

328 2746 414 2784 quod
429 2746 462 2775 in
479 2746 584 2776 forma
600 2746 660 2777 hac
681 2756 765 2786 saepe
789 2747 904 2778 Cicero
926 2749 1026 2778 omit.

329 2787 384 2818 tit.
406 2787 558 2827 abestque
573 2798 592 2819 a
608 2789 672 2820 Ms.
689 2788 778 2819 Gorl.

371 2832 412 2860 43
441 2834 471 2861 ee
493 2832 528 2860 in
549 2841 575 2861 ο.
601 2841 720 2870 genere
740 2830 799 2872 off.
825 2832 1022 2872 diligendus]

1066 2539 1212 2569 Graevius
1237 2539 1380 2569 malebat
1402 2540 1562 2577 diligens5
1586 2547 1662 2568 cum
1685 2537 1758 2567 Ma-

1067 2582 1171 2611 nutio.
1191 2581 1316 2617 malini,
1331 2582 1355 2610 51
1372 2580 1599 2619 corrigendum
1616 2580 1671 2616 sit,
1686 2580 1758 2610 dili-

1064 2624 1285 2661 gentissimus.
1330 2623 1391 2653 Sed
1421 2630 1454 2652 et
1485 2622 1654 2661 vulgatum
1685 2621 1762 2651 ferri

1067 2671 1194 2704 potest:
1219 2671 1250 2695 et
1269 2667 1301 2694 in
1317 2666 1406 2695 omni
1418 2664 1523 2694 officio
1536 2664 1622 2700 talis,
1638 2668 1677 2693 ut
1692 2663 1765 2694 dili-

1067 2708 1191 2746 gerulus
1207 2708 1261 2737 sit.
1306 2707 1420 2736 Addidi
1437 2709 1469 2736 in
1485 2718 1502 2735 6
1520 2706 1598 2736 Μ55.
1615 2706 1707 2736 ineis.

1109 2752 1149 2782 49
1172 2754 1242 2780 tum
1265 2750 1363 2779 etiam
1388 2752 1422 2778 in
1445 2748 1508 2786 me]
1536 2748 1666 2784 Malim,
1688 2752 1761 2778 tum

1067 2792 1153 2830 quod
1171 2793 1268 2821 etiam
1294 2792 1327 2821 in
1351 2802 1420 2821 me.-
1443 2792 1558 2821 durius
1571 2790 1709 2827 videtur,
1731 2789 1763 2820 id

1069 2844 1086 2864 e
1100 2833 1319 2874 superioribus
1334 2833 1485 2873 intelligi.
