1865 3223
341 100 416 135 382
564 99 744 139 EPIST.
771 102 957 142 LIBER
984 106 1540 167 QUARTUSDECIMUS

342 198 431 240 lim.
490 200 692 257 Apertius
725 206 868 257 scribi,
910 210 1136 263 3³quand0
1170 210 1220 250 ad
1253 210 1369 251 illum
1399 212 1662 267 scripseram,
1695 228 1767 254 ne-

298 258 329 289 b.
342 269 459 297 cesse
489 273 573 299 non
608 260 702 302 fuit.
764 262 831 303 De
862 278 910 303 ea
941 279 997 315 re,
1019 275 1062 305 et
1091 266 1143 306 de
1174 268 1324 307 ceteris
1356 269 1494 319 rebus,
1523 284 1650 323 quam
1681 270 1766 324 pri-

343 327 460 353 mum
484 315 608 357 velim
640 319 762 358 nobis
794 319 954 360 litteras
987 322 1145 363 mittas.
1210 324 1498 366 Valitudinem
1523 335 1639 367 tuam
1667 340 1769 367 cura

341 370 582 426 diligenter.
643 375 762 415 Vale.
823 378 1005 431 septimo
1033 378 1133 419 Idus
1159 380 1342 425 Quintil.

278 456 320 489 11
853 465 1253 504 ARGUMENTUM.

340 523 497 560 Tulliam
517 527 565 561 acl
581 538 617 560 se
634 528 767 561 ¹venisse
789 527 876 562 dicit
892 544 903 563 .·
932 528 999 563 sibi
1023 534 1142 564 autem
1161 531 1198 564 in
1230 533 1349 567 animo
1378 545 1448 568 esse
1463 534 1588 581 filium
1616 534 1664 568 ad
1690 533 1763 568 Cre-

768 590 881 613 sarem
904 580 1054 616 mittere.
1083 582 1201 616 eodem
1222 594 1326 620 anno.

543 642 609 684 M.
632 642 682 684 Τ.
707 644 758 684 C.
793 643 1123 687 TERENTIAE
1158 648 1289 688 SUAE
1328 650 1372 689 S.
1399 650 1447 690 P.
1474 651 1529 690 D.

333 696 394 750 SI
419 711 545 761 vales,
568 712 674 752 bene
696 721 783 752 est:
819 713 951 753 valeo.
993 712 1132 754 Tullia
1154 724 1298 755 nostra
1324 716 1438 757 venit
1459 718 1510 757 ad
1535 733 1600 758 me
1624 717 1758 772 pridie

333 765 434 808 Idus
466 768 613 809 Junii:
655 769 830 823 34cujus
861 784 1025 811 summa
1058 772 1214 811 virtute
1249 782 1292 812 et
1321 773 1523 828 singulari
1564 774 1758 814 humani-

330 833 432 874 tate,
455 825 650 879 graviore
672 825 800 865 etiam
825 841 915 866 sum
936 827 1081 868 dolore
1103 828 1296 877 affectus,
1320 839 1463 870 nostra
1487 829 1645 870 factum
1669 844 1758 870 esse

328 881 606 936 negligentia,
630 892 674 922 ut
699 881 824 937 longe
846 883 927 924 alia
951 884 991 923 in
1017 884 1187 926 fortuna
1212 896 1336 936 essct,
1359 896 1487 940 atque
1510 886 1601 940 ejus
1624 887 1757 941 pietas

328 953 377 978 ac
407 938 594 993 dignitas
634 939 892 994 postulabat.
955 940 1093 981 Nobis
1123 953 1212 982 erat
1242 943 1282 983 in
1316 943 1473 993 animo,
1503 942 1754 984 Ciceronem

327 995 378 1035 ad
413 995 626 1036 Caesarem
659 997 841 1046 mittere,
863 1007 906 1037 et
937 1012 1034 1038 cum
1066 1013 1116 1039 eo
1149 999 1231 1040 Cn.
1263 999 1524 1041 Sallustium.
1584 1000 1628 1040 Si
1660 1014 1755 1054 pro-

326 1050 462 1092 fectus
493 1052 588 1103 erit,
619 1052 773 1093 faciam
814 1062 854 1093 te
885 1055 1123 1095 certiorem.
1186 1056 1473 1097 valitudinem
1508 1066 1622 1097 tuam
1655 1071 1755 1097 cura

326 1109 566 1164 diligenter.
627 1109 746 1150 Vale.
788 1125 912 1151 xvu.
942 1111 1153 1152 Kalendas
1177 1113 1361 1158 Quintil.

266 1189 311 1225 12
837 1201 1237 1238 ARGUMENTUBL

321 1261 469 1309 Scripta
488 1262 640 1310 epistola
658 1268 741 1298 ante
758 1265 977 1311 superiorem
1001 1269 1082 1311 post
1103 1264 1355 1300 Pharsalicam
1381 1276 1554 1311 pugnam,
1575 1276 1645 1311 qua
1666 1277 1751 1310 gru«

372 1315 544 1350 tulationi
569 1315 753 1357 Terentia',
774 1317 869 1362 quod
898 1316 1068 1351 liberatus
1093 1318 1265 1364 periculis
1289 1319 1322 1351 in
1346 1317 1494 1352 Italiam
1519 1318 1676 1356 redierit,
1699 1329 1752 1351 re-

368 1368 530 1413 spondet.

633 1417 699 1458 M.
721 1417 771 1458 T.
797 1418 848 1458 C.
879 1417 1207 1458 TERENTIAE
1241 1421 1284 1459 S.
1310 1419 1358 1459 l‘.
1384 1418 1439 1458 D.

322 1474 512 1535 QUOD
545 1500 620 1526 nos
659 1487 698 1526 in
740 1486 906 1526 ltaliam
944 1486 1080 1526 salvos
1120 1487 1281 1526 venisse
1315 1488 1497 1541 gaudcs;
1542 1496 1747 1542 perpetuo

316 1542 503 1596 gaudeas
521 1543 662 1583 velim.
709 1544 791 1584 Sed
815 1543 1047 1598 perturbati
1073 1543 1217 1583 dolore
1240 1543 1385 1592 animi,
1406 1545 1657 1598 magnisque
1680 1544 1745 1583 in-

308 1597 452 1652 juriis,
476 1609 621 1640 metuo
652 1614 704 1640 ne
736 1600 775 1640 id
799 1600 965 1641 consilii
989 1601 1242 1656 ceperimus,
1268 1600 1380 1654 quod
1412 1615 1496 1640 non
1527 1599 1650 1641 facile
1671 1614 1746 1640 ex-

315 1654 474 1710 plicare
509 1657 734 1711 possimus.
795 1658 954 1707 Quare,
988 1666 1194 1711 quantum
1230 1668 1364 1712 potes,
1397 1657 1566 1711 adjuva.
1629 1656 1747 1702 Quid

315 1723 458 1752 autem
482 1715 633 1769 possiS,
655 1714 759 1754 mihi
792 1716 832 1754 in
866 1725 1051 1755 mentem
1078 1729 1161 1755 non
1187 1716 1316 1756 venit.
1349 1715 1389 1753 in
1425 1717 1533 1754 viam
1560 1714 1674 1768 quod
1706 1722 1746 1754 te

314 1769 388 1809 des
411 1769 492 1810 hoc
524 1781 731 1826 tempore,
754 1771 859 1811 nihil
890 1781 978 1811 est:
1011 1782 1053 1811 et
1075 1771 1249 1825 longum
1283 1779 1346 1811 est
1378 1771 1470 1820 iter,
1493 1782 1536 1811 et
1566 1785 1650 1811 non
1677 1780 1743 1810 tu-

314 1834 433 1867 tum:
464 1837 505 1866 et
528 1842 612 1867 non
638 1828 775 1877 video,
799 1828 899 1882 quid
933 1829 1132 1883 prodesse
1156 1829 1304 1882 possis,
1329 1828 1361 1867 si
1387 1828 1562 1867 veneris.
1624 1827 1741 1867 Vale.

316 1880 373 1922 D.
399 1883 507 1938 prid.
541 1884 688 1925 Nonas
713 1884 927 1924 Novemb.
954 1884 1196 1925 Brundisio.

249 1964 298 2000 13
833 1973 1234 2010 ARGUMENTUM.

310 2023 499 2060 Permittit
518 2028 634 2065 uxori,
654 2031 694 2061 ut
721 2027 764 2061 (Ie
781 2028 908 2062 nuntio
926 2027 1140 2061 remittendo
1160 2026 1346 2061 consilium
1374 2026 1496 2072 capiat
1514 2037 1555 2060 ex
1575 2029 1742 2071 tempore.

775 2078 913 2114 Caesare
931 2080 1109 2113 dictatore
1125 2080 1265 2113 iterum.

619 2144 685 2185 M.
708 2144 758 2185 T.
783 2145 833 2186 C.
866 2144 1195 2186 TERENTIAE
1228 2146 1272 2185 S.
1299 2144 1347 2184 P.
1373 2143 1428 2184 D.

313 2200 503 2259 QUOD
533 2212 680 2267 scripsi
712 2213 763 2253 ad
789 2222 830 2253 te
854 2213 1063 2269 proximis
1094 2213 1245 2253 litteris
1276 2215 1314 2243 35
1329 2212 1380 2252 de
1412 2210 1562 2251 nuntio
1592 2210 1735 2250 remit-

311 2269 464 2309 tendo:
505 2284 599 2322 quae
637 2270 691 2309 sit
721 2270 841 2310 istius
872 2271 933 2310 vis
964 2270 1046 2311 hoc
1075 2279 1280 2324 tempore,
1302 2279 1345 2308 et
1375 2282 1471 2323 quae
1503 2267 1736 2308 concitatio

180 2348 210 2378 p.
226 2325 611 2375 mamultitudinis,
634 2326 802 2382 ignoro.
863 2328 907 2367 Si
931 2328 1183 2367 metuendus
1208 2327 1337 2366 iratus
1366 2335 1443 2374 est,
1474 2325 1514 2354 :36
1531 2324 1649 2378 quies
1674 2333 1736 2363 ta·

268 2385 298 2408 a.

348 2467 388 2496 33
411 2464 538 2504 quando
552 2465 698 2494 adinum
711 2466 919 2504 scripseram]
948 2467 1000 2496 Sic
1043 2467 1148 2496 dolore
1161 2475 1232 2494 sum
1247 2462 1397 2505 qffectus,
1415 2464 1510 2493 nimis
1528 2463 1645 2492 (lurum
1662 2471 1723 2493 est.

306 2507 376 2537 edd.
400 2517 447 2547 pr.
470 2516 570 2546 quum
593 2507 788 2536 recentiores
811 2508 914 2538 male:
947 2507 1000 2537 de·
1085 2511 1124 2538 35
1148 2509 1186 2536 de
1207 2508 1324 2536 πιινιιίι)
1339 2505 1543 2543 remittendo]
1562 2506 1611 2535 De
1627 2505 1731 2535 divor—

305 2550 397 2580 beret
410 2558 478 2580 esse
497 2549 701 2588 scripsissem.
741 2549 802 2578 Sed
818 2549 869 2578 hic
886 2549 999 2579 malim
1042 2551 1090 2579 tio
1118 2550 1238 2579 Tulliae
1271 2559 1344 2578 cum
1374 2547 1544 2577 Dolabella
1572 2548 1731 2578 faciendo.

304 2596 416 2621 tamen
446 2600 557 2631 prope,
582 2600 655 2621 cum
681 2591 727 2620 ml
748 2592 842 2620 illum
868 2592 1001 2631 scripse·
1042 2592 1090 2621 Ad
1108 2591 1312 2620 Dolabellam
1330 2591 1429 2626 igitur
1453 2599 1527 2618 mox
1550 2590 1641 2618 istius
1661 2600 1731 2629 per-

304 2637 380 2663 rim.
1042 2635 1140 2668 tinet,
1158 2642 1224 2662 non
1240 2633 1279 2662 ad
1295 2633 1466 2661 (tamarem.

346 2678 387 2705 34
410 2685 437 2705 c.
468 2684 599 2705 sunzma
632 2675 755 2705 virture
783 2674 855 2712 δια]
904 2674 998 2704 Exci·
1084 2676 1124 2705 36
1145 2676 1232 2713 quies
1246 2679 1355 2704 tamen
1372 2683 1403 2703 (ι.
1427 2673 1494 2711 i.s.
1512 2673 1560 2711 n.]
1609 2673 1731 2703 Locum

302 2717 364 2753 dit,
381 2717 509 2756 opinor,
525 2718 580 2746 in:
603 2715 697 2757 cujus
719 2717 753 2745 in
775 2726 905 2746 summa
926 2717 993 2745 ‘vir-
1039 2717 1126 2747 hunc
1152 2726 1265 2745 ornnes
1293 2717 1444 2745 vitiosum
1470 2726 1537 2745 csse
1557 2715 1726 2754 judicant:

301 2764 383 2794 cute,
401 2764 438 2788 ut
466 2759 542 2788 alibi
565 2760 598 2788 in
625 2758 686 2789 hae
708 2758 823 2788 forma.
845 2758 898 2788 hic
920 2759 994 2796 quia
1037 2759 1071 2788 in
1099 2758 1290 2794 corrig-endo
1324 2767 1389 2786 non
1419 2759 1638 2788 consentiunt.
1685 2757 1728 2787 Et

301 2801 450 2840 seqnitur
471 2802 576 2831 dolore
591 2811 616 2831 s.
632 2810 664 2831 a.
688 2801 789 2830 etiam
813 2800 916 2839 magis
938 2810 992 2830 ne-
1037 2801 1150 2830 Cicero
1166 2800 1198 2829 in
1214 2805 1285 2829 tota
1299 2800 1436 2839 epistola
1453 2800 1578 2829 brevior
1592 2805 1639 2829 est
1654 2811 1664 2836 ς,
1689 2806 1727 2828 ut

302 2843 475 2874 cessarium
503 2848 563 2873 est.
596 2841 691 2883 cujus
717 2851 848 2873 summa
872 2843 994 2874 virtute
1035 2842 1164 2873 difficile
1176 2843 1231 2881 sit,
1249 2842 1374 2881 assequi
1396 2843 1583 2882 conjectura
1596 2850 1725 2872 sensum
