1817 3196
202 77 252 112 ss
569 68 745 109 EPIST.
773 69 954 108 LIBER
981 42 1257 109 QUARTUS

202 178 307 220 lium
338 179 559 218 32secutus
589 184 713 224 esset,
734 189 829 226 nec,
852 173 980 214 fratre
1006 169 1095 214 tuo*
1112 173 1378 214 consulatum
1411 187 1465 214 ex
1488 179 1636 214 aucto-

203 236 330 277 ritate
353 244 426 275 tua
454 243 642 289 gerente,
666 232 788 272 vobis
819 231 1063 272 auctoribus
1096 231 1157 271 uti
1181 230 1377 280 voluerit,
1400 245 1512 271 nunc
1543 243 1635 270 om-

203 294 275 335 nia
294 299 524 340 tenentem,
541 299 705 329 nostras
725 288 955 329 sententias
971 287 1307 328 desideraturum
1326 301 1471 328 censes
1491 286 1637 327 fuisse.

207 349 368 391 Omnia
399 358 497 387 sunt
527 347 681 386 misera
711 346 753 385 in
784 345 902 385 bellis
925 343 1147 385 civilibus:
1180 359 1276 398 quae
1299 345 1481 399 majores
1503 342 1637 383 nostri

204 421 260 447 ne
282 404 408 446 semel
432 403 619 458 quidem,
638 411 782 442 nostra
803 410 906 442 aetas
929 415 1042 456 saepe
1057 401 1149 454 jam
1173 402 1325 442 sensit:
1349 401 1419 441 sed
1444 400 1638 441 miserius

205 462 328 513 nihil,
350 475 478 516 quam
510 460 603 514 ipsa
634 459 838 498 victoria:
871 471 966 511 quae
999 457 1166 497 etiamsi
1198 458 1246 497 ad
1281 458 1475 498 meliores
1507 456 1638 506 venit,

206 530 348 561 tamen
372 532 444 558 eos
468 517 582 571 ipsos
605 514 830 555 ferociores
860 513 1266 568 impotentioresque
1298 514 1462 565 reddit3
1494 523 1555 564 ut,
1577 522 1640 553 et-

207 577 330 619 iamsi
354 584 505 615 natura
525 572 627 613 tales
650 586 735 612 non
759 572 857 620 sint,
876 571 1128 610 necessitate
1147 584 1237 610 esse
1259 581 1483 627 cogantur.
1508 569 1642 611 multa

207 634 323 675 enim
350 629 503 672 victori
532 644 678 671 eorum
706 628 898 678 arbitrio,
925 642 998 682 per
1030 642 1137 682 quos
1172 627 1289 677 vicit,
1322 629 1451 668 etiam
1489 628 1642 676 invito,

209 688 407 731 facienda
437 696 548 727 sunt.
610 685 677 726 An
711 695 755 726 tu
778 699 863 725 non
889 685 1062 725 videbas
1092 698 1258 724 mecum
1291 684 1430 734 simul,
1451 699 1550 724 eum
1574 683 1645 724 illa

209 745 391 788 crudelis
422 753 533 784 esset
564 742 707 782 futura
738 741 947 782 victoria?
1001 740 1139 796 Igitur
1172 750 1273 781 tunc
1305 756 1474 796 quoque
1506 741 1646 796 patria

209 817 388 852 careres,
412 815 478 851 ne,
500 814 597 853 quae
620 798 768 848 nolles,
790 798 954 839 videres
974 801 986 839 ?
1031 798 1146 848 Non,
1170 798 1349 852 inquies.
1372 801 1503 854 33ego
1529 798 1644 838 enirn

209 861 302 916 ipse
326 870 511 899 tenerem
535 869 637 911 opes
660 865 702 895 et
726 855 980 910 dignitatem
1004 869 1157 895 meam.
1208 854 1269 894 At
1290 865 1380 896 erat
1403 865 1488 895 tuae
1511 855 1645 895 virtu-

209 918 279 966 tis,
307 916 349 956 in
381 913 569 954 minimis
602 922 695 953 tuas
727 926 790 952 res
822 925 1002 966 ponere:
1035 912 1087 953 de
1109 912 1329 966 republica
1351 911 1645 952 vehementius

207 974 417 1016 laborare.
480 969 662 1019 Deinde,
685 969 757 1024 qui
790 969 887 1009 finis
918 969 1040 1008 istius
1070 969 1237 1009 consilii
1261 971 1353 1010 est?
1385 984 1480 1010 nam
1505 969 1647 1010 adhuc

209 1039 254 1071 et
284 1030 445 1071 factum
479 1036 599 1067 tuum
632 1026 852 1082 probatur,
877 1032 933 1074 et,
966 1035 1012 1065 ut
1043 1025 1085 1065 in
1117 1026 1191 1065 tali
1223 1040 1281 1075 re,
1312 1026 1441 1066 etiam
1475 1025 1647 1066 fortuna

209 1087 432 1129 laudatur:
466 1083 644 1133 factum,
667 1082 783 1138 quod
814 1092 857 1122 et
889 1081 1058 1121 initium
1092 1081 1189 1121 belli
1218 1083 1455 1122 necessario
1478 1092 1647 1123 secutus

211 1145 283 1195 sis,
314 1153 357 1184 et
386 1150 582 1184 extrema
613 1141 824 1195 sapienter
856 1139 1051 1194 persequi
1082 1138 1294 1190 nolueris3
1326 1138 1512 1189 fortuna,
1532 1139 1646 1193 quod

210 1202 394 1245 honesto
425 1199 515 1240 otio
548 1197 733 1238 tenueris
764 1206 807 1236 et
837 1204 995 1235 statum
1026 1204 1070 1235 et
1100 1194 1257 1236 famam
1290 1196 1514 1252 dignitatis
1547 1206 1648 1237 tuae.

211 1259 343 1300 Nunc
367 1271 467 1298 vero
490 1269 569 1296 nec
600 1254 717 1296 locus
750 1253 829 1293 tibi
863 1251 969 1292 ullus
1001 1251 1166 1293 dulcior
1197 1267 1286 1293 esse
1318 1253 1447 1294 debet
1479 1253 1647 1309 patria:
1813 1282 1817 1301 ς

209 1330 291 1357 nec
313 1329 405 1355 eam
428 1313 606 1369 diligere
637 1312 777 1352 minus
809 1309 952 1359 debes,
975 1309 1089 1364 quod
1119 1309 1352 1351 deformior
1373 1320 1451 1361 est,
1475 1310 1546 1350 sed
1569 1309 1650 1350 mi·
1814 1309 1817 1347 l

212 1373 341 1414 sereri
372 1371 531 1427 potius,
562 1383 641 1410 nec
672 1382 765 1408 eam
797 1366 941 1407 multis
974 1366 1095 1406 claris
1120 1367 1219 1406 viris
1250 1368 1460 1417 orbatam,
1485 1367 1650 1422 privare
1815 1362 1817 1378 ¹

213 1430 344 1471 etiam
366 1428 570 1483 adspectu
594 1434 683 1466 tuo.
723 1423 936 1478 Denique,
961 1423 994 1462 si
1020 1422 1102 1463 fuit
1122 1424 1267 1479 magni
1291 1425 1438 1473 animi,
1460 1439 1544 1464 non
1570 1424 1651 1464 isse.
1815 1407 1817 1438 l

214 1486 452 1542 supplicem
469 1483 646 1533 victori3
671 1481 766 1521 vide
789 1494 840 1520 ne
864 1480 1035 1535 superbi
1060 1480 1129 1529 sit,
1151 1481 1364 1535 aspernari
1387 1480 1579 1535 ejusdem
1601 1480 1652 1521 li-

213 1543 482 1585 beralitatem
501 1557 510 1582 :
542 1549 599 1590 et,
622 1539 656 1578 si
688 1536 892 1593 sapientis
923 1546 1002 1587 est,
1024 1550 1166 1578 carere
1198 1537 1349 1592 patria,
1374 1537 1483 1588 duri,
1505 1552 1558 1578 ne
1579 1536 1654 1578 de-

215 1601 423 1642 siderare:
455 1607 512 1647 et,
537 1598 570 1638 si
593 1611 636 1637 re
658 1595 832 1650 publica
851 1608 936 1635 non
961 1594 1096 1650 possis
1120 1592 1218 1644 frui,
1241 1594 1416 1635 stultum
1441 1604 1519 1645 est,
1541 1593 1655 1636 nolle

214 1658 399 1713 privata.
461 1654 606 1710 Caput
636 1661 699 1692 est
732 1651 849 1701 illud,
879 1659 941 1700 ut,
974 1651 1005 1690 si
1040 1651 1121 1691 ista
1153 1650 1240 1691 vita
1271 1652 1350 1692 tibi
1386 1651 1654 1697 commodior

216 1728 307 1756 esse
340 1713 547 1761 videatur,
584 1709 864 1765 cogitandum
905 1717 1048 1749 tamen
1086 1707 1155 1756 sit,
1193 1721 1246 1748 ne
1285 1709 1417 1749 tutior
1455 1722 1541 1749 non
1583 1707 1653 1748 sit.

219 1786 377 1828 magna
407 1768 648 1824 gladiorum
678 1776 742 1806 est
773 1765 975 1806 licentia:
1008 1763 1080 1804 sed
1113 1764 1155 1804 in
1177 1766 1365 1806 externis
1387 1765 1491 1806 locis
1514 1765 1654 1806 minor

107 1849 141 1882 p.
156 1829 350 1870 55.etiam
381 1827 433 1867 ad
466 1825 631 1866 facinus
653 1822 923 1864 verecundia.
984 1821 1100 1861 Mihi
1132 1820 1241 1862 salus
1274 1831 1347 1862 tua
1377 1832 1509 1863 tantae
1539 1836 1653 1863 curae

174 1891 206 1913 ἃ·
220 1895 299 1937 est,
318 1893 366 1925 ut
387 1882 613 1931 Marcello,
635 1880 754 1921 fratri
779 1888 854 1920 tuo
877 1887 950 1919 aut
972 1892 1061 1936 par,
1083 1887 1156 1918 aut
1178 1889 1292 1919 certe
1316 1880 1537 1935 proximus
1559 1880 1655 1920 sim.

219 1943 361 1984 Tuum
390 1949 454 1981 est
476 1938 696 1981 consulere
719 1936 999 1993 temporibus,
1022 1945 1063 1976 et
1086 1935 1387 1987 incolumitati,
1409 1946 1452 1977 et
1476 1937 1591 1988 vitae,
1612 1946 1657 1983 et

221 1998 405 2042 fortunis
429 1996 527 2045 tuis.
589 1994 705 2037 Vale.

157 2061 210 2098 10
736 2049 1138 2088 ARGUMENTUM.

221 2121 404 2158 Hortatur
421 2117 652 2157 Marcellum,
668 2119 707 2150 ut
734 2115 891 2150 reditum
919 2117 1088 2154 maturet,
1099 2112 1182 2159 jam
1201 2126 1224 2149 a
1242 2114 1380 2150 Coesare
1397 2116 1630 2163 impetratum
1640 2131 1654 2160 ,-

463 2182 542 2206 cum
561 2170 599 2205 id
616 2169 664 2203 ad
681 2179 756 2203 rem
774 2165 847 2212 ejus
856 2164 1085 2214 familiarem
1105 2166 1210 2201 valde
1224 2168 1417 2213 pertineat.

522 2235 589 2276 M.
609 2233 659 2275 T.
682 2232 732 2274 C.
765 2232 833 2273 M.
854 2229 1198 2277 MARCELLO
1230 2233 1273 2273 S.
1297 2232 1354 2274 D.

225 2296 372 2349 ETSI
411 2303 518 2345 nihil
553 2311 644 2344 erat
680 2301 797 2350 novi,
829 2299 943 2354 quod
983 2299 1034 2339 ad
1072 2309 1113 2339 te
1152 2300 1395 2352 scriberem,
1434 2303 1657 2358 magisque

225 2364 387 2405 litteras
405 2371 497 2402 tuas
514 2359 604 2414 jam
623 2367 874 2412 exspectare
893 2356 1167 2411 incipiebam,
1184 2358 1248 2398 vel
1272 2368 1311 2398 te
1326 2358 1466 2413 potius
1490 2360 1627 2414 ipsum
1647 2379 1656 2403 ε

225 2429 386 2470 tamen,
426 2432 525 2459 cum
565 2414 830 2470 Theophilus
870 2413 1225 2469 proficisceretur,
1264 2429 1350 2454 non
1391 2416 1508 2470 potui
1551 2416 1659 2458 nihil

227 2478 265 2518 ei
297 2477 531 2519 litterarum
563 2473 676 2513 dare.
738 2470 854 2511 Cura
884 2469 1029 2524 igitur,
1055 2479 1099 2509 ut
1130 2485 1257 2524 quam
1290 2472 1473 2526 primum
1498 2474 1657 2515 venias.

227 2534 372 2579 venies
402 2532 531 2582 enim,
561 2529 668 2572 mihi
699 2527 837 2577 crede,
862 2535 1152 2582 exspectatu8‚
1183 2541 1320 2582 neque
1351 2528 1486 2569 solum
1518 2531 1659 2583 nobis,

270 2650 311 2678 32
333 2657 395 2677 sec.
419 2649 509 2681 esset,
528 2640 776 2679 nec—voluerit]
803 2639 924 2669 Simili·
1009 2641 1048 2669 33
1071 2649 1128 2677 ego
1149 2641 1234 2669 enim
1257 2641 1320 2679 ipse
1334 2645 1357 2670 t.
1373 2642 1456 2681 opes]
1482 2643 1514 2672 Si
1539 2642 1572 2672 in
1595 2644 1660 2683 ipse

227 2690 308 2720 tudo
325 2688 471 2729 postulat
488 2684 743 2717 voluisset.v0bis
759 2692 853 2721 porro
869 2692 925 2711 au·
969 2680 1166 2719 intelligitur
1190 2692 1260 2712 mea
1283 2683 1325 2718 vi,
1341 2692 1401 2722 ope
1426 2686 1483 2714 &e-
1501 2684 1591 2715 bene.
1607 2685 1658 2715 sin

228 2732 372 2762 ctoribus
385 2731 446 2766 uti,
461 2739 536 2760 cum
550 2726 727 2757 suaderetis
742 2724 852 2754 cedere
868 2734 924 2763 po-
965 2723 1086 2759 minus,
1110 2733 1176 2753 non
1200 2724 1325 2754 videtur
1347 2734 1414 2755 esse
1437 2736 1455 2755 a
1478 2725 1634 2756 Cicerone
1649 2739 1659 2764 ς

229 2775 296 2803 tius
313 2773 445 2810 Caesari,
463 2781 560 2812 quam
579 2769 702 2800 belluni
719 2766 812 2798 civile
825 2766 924 2797 susci·
967 2765 1020 2803 qui
1044 2765 1076 2794 in
1099 2766 1158 2795 tali
1180 2774 1287 2802 sensu,
1303 2767 1357 2804 qui
1373 2767 1424 2797 hic
1440 2767 1566 2798 ridetur
1580 2778 1661 2811 esse,

231 2825 317 2858 pere,
967 2807 1045 2845 dicit
1060 2816 1117 2845 ego
1133 2808 1271 2849 quidem,
1289 2817 1354 2840 non
1370 2818 1427 2849 ego
1442 2810 1518 2849 {psa
