1865 3223
480 103 562 144 AD
588 106 630 143 C.
648 100 960 143 MEMMIUM
985 102 1061 140 ET
1088 103 1273 143 ALIOS.
1513 112 1590 149 339

154 220 200 250 ut
223 218 266 250 et
288 223 427 250 mcum
452 209 653 258 amicum,
674 214 719 248 et
740 215 813 247 tua
834 206 1014 262 dignum
1037 201 1243 257 amicitia,-
1267 209 1344 249 tibi
1369 224 1587 253 commen-

151 266 223 307 do,
283 265 382 316 Cui,
398 266 738 320 quibuscumque
760 264 885 304 rebus
907 262 1262 317 commodaveris,
1289 266 1363 306 tibi
1389 268 1584 322 profecto

145 323 404 376 jucundum,
426 322 532 363 inihi
554 330 669 362 certe
689 321 770 361 erit
790 329 977 377 gratum.
1037 318 1157 361 Vale.

658 407 1062 446 ARGUMENTUM.

190 473 292 510 Petit
310 479 351 510 ut
369 473 587 511 exactionem
607 470 681 519 ejus
696 473 869 520 pecunioe,
889 483 998 520 quam
1025 470 1069 507 L.
1090 470 1263 507 Straboni
1289 471 1336 510 P.
1356 471 1541 510 Cornelius

499 525 612 567 debet,
631 536 695 560 suo
713 525 833 560 studio
853 528 887 560 et
906 524 1098 571 diligentia
1118 528 1228 559 curet.

509 590 576 632 M.
600 590 651 632 T.
676 590 727 632 C.
760 589 970 631 BRUTO
1002 589 1047 630 S.
1073 589 1122 631 P.
1149 588 1205 630 D.

144 647 209 701 L.
243 658 413 702 TITIO
452 660 679 711 Strabone,
709 659 853 714 equite
890 657 1105 708 Romano,
1132 653 1181 699 'in
1219 658 1366 714 primis
1398 659 1580 712 honesto

144 727 186 756 et
220 726 387 768 ornato,
422 716 749 758 familiarissime
789 725 900 756 utor.
962 714 1122 756 Omnia
1158 715 1262 756 mihi
1297 730 1397 757 cum
1428 732 1478 759 eo
1515 719 1578 759 in.-

142 774 366 814 1ercedunt
390 774 490 828 jura
523 787 700 814 summae
733 771 1074 813 necessitudinis.
1136 770 1256 813 Huic
1291 772 1334 813 in
1375 783 1449 814 tua
1482 790 1579 830 pro-

142 829 283 871 vincia
319 831 543 886 pecuniam
577 831 705 871 debet
740 829 790 870 P.
814 827 1056 870 Cornelius.
1117 826 1180 869 Ea
1212 843 1277 870 res
1311 844 1336 870 a
1363 830 1578 883 Volcatio,

142 888 213 939 qui
238 886 391 928 Romae
416 887 489 942 jus
512 887 633 936 dicit,
657 886 816 942 rejecta
839 886 880 926 in
906 884 1089 926 Galliam
1114 895 1193 926 est.
1254 885 1364 927 Peto
1386 902 1410 928 a
1432 897 1473 929 te
1496 888 1577 930 hoc

141 943 406 999 diligentius,
439 958 566 999 quam
606 944 638 984 si
675 958 770 983 mea
802 957 866 983 res
898 943 1023 993 es'set,
1053 956 1139 997 quo
1172 950 1238 983 est
1269 942 1491 986 honestius
1523 946 1576 987 de

139 1001 375 1041 amicorum
417 1001 599 1057 pecunia
637 1000 843 1052 laborare,
882 1012 1010 1054 quam
1049 999 1102 1040 de
1137 1013 1226 1050 sua,
1264 1010 1313 1040 ut
1351 1003 1575 1058 negotium

138 1056 455 1098 conficiendum
494 1071 630 1099 cures.
668 1057 759 1112 ipse
798 1056 1019 1111 suscipias,
1054 1056 1278 1112 transigas»,
1316 1071 1575 1114 operamque

136 1113 224 1162 des,
247 1115 387 1169 quoad
420 1114 498 1155 tibi
523 1128 693 1168 aequum
720 1122 763 1154 et
790 1124 953 1153 rectum
979 1112 1208 1164 videbitur,
1229 1124 1423 1177 utquam
1455 1131 1573 1157 com-

132 1171 383 1212 modissima
413 1171 661 1212 conditione
684 1170 860 1211 libertus
884 1169 1124 1219 Strabonis,
1147 1171 1218 1224 qui
1246 1184 1339 1225 ejus
1363 1173 1421 1212 rei
1445 1187 1574 1214 causa

137 1227 289 1268 missus
331 1238 409 1278 est,
447 1229 671 1282 negotium
710 1226 929 1275 conficiat,
966 1226 1019 1269 ad
1058 1239 1297 1281 numosqne
1340 1230 1574 1283 perveniat.

136 1282 184 1323 Id
210 1295 252 1324 et
273 1285 378 1325 mihi
399 1285 689 1340 gratissimum
711 1282 817 1323 erit:
842 1292 885 1322 et
908 1292 951 1322 tu
974 1282 1068 1338 ipse
1093 1281 1141 1322 L.
1158 1282 1319 1323 Titium
1339 1299 1573 1340 cognosces

132 1341 325 1381 amicitia
356 1350 428 1382 tua
457 1340 773 1396 dignissimum.
796 1338 911 1393 quod
943 1347 992 1379 ut
1021 1338 1102 1379 tibi
1123 1353 1237 1381 curae
1261 1341 1331 1390 sit,
1360 1352 1407 1381 ut
1429 1344 1575 1384 onmia

132 1396 271 1438 solent
301 1411 406 1449 esse,
428 1412 524 1453 quae
556 1411 626 1438 me
650 1396 754 1438 velle
785 1395 882 1447 scis,
906 1405 948 1436 te
979 1394 1255 1438 vehementer
1285 1397 1416 1439 etiam
1444 1409 1573 1455 atque

128 1453 258 1495 etiam
281 1469 404 1511 rogo.

1602 416 1649 452 14

643 1524 1047 1566 ARGUMENTUM.

130 1589 339 1627 Praecilium
355 1590 626 1633 adolescentem,
642 1595 751 1639 patre
767 1595 894 1627 natum
909 1592 1060 1627 Caesaris
1080 1592 1311 1634 amicissimo,
1327 1593 1564 1631 commendat.

562 1642 700 1679 Caesare
720 1654 762 1679 ιν
784 1654 869 1680 cos.
887 1644 966 1679 sine
983 1643 1133 1691 collega.

361 1708 428 1750 M.
449 1707 500 1750 T.
525 1708 577 1750 C.
610 1709 662 1750 C.
683 1707 924 1751 CAESARI
957 1709 1091 1751 IMP.
1124 1709 1168 1751 S.
1193 1709 1244 1751 P.
1269 1709 1326 1751 D.

126 1761 505 1818 PRAECILIUM
540 1776 619 1818 tibi
652 1777 909 1820 commendo
947 1777 1088 1829 unice,
1110 1778 1172 1819 tui
1204 1778 1449 1828 necessarii,
1475 1779 1556 1819 mei

121 1831 458 1884 familiarissimi,
482 1833 558 1874 viri
590 1833 744 1890 optimi
764 1834 939 1886 'filium3
970 1849 1098 1890 quem
1119 1849 1218 1876 cum
1240 1835 1557 1876 adolescentem

118 1888 276 1944 ipsum,
298 1900 473 1947 propter
502 1890 595 1946 ejus
626 1892 896 1943 modestiam,
923 1892 1252 1942 humanitatem,
1282 1893 1488 1943 animum,
1511 1904 1554 1933 et

117 1960 306 1987 amorem
336 1961 439 2004 erga
467 1961 536 1988 me
565 1947 839 2004 singularem,
862 1948 1041 1990 mirifice
1070 1948 1231 2004 dilig03
1264 1958 1354 1990 tum
1388 1960 1550 2005 patrem
1563 1969 1594 2000 p.
1614 1963 1685 2000 219.

117 2002 226 2057 ejuS,
248 2017 291 2044 re
323 2003 490 2055 doctus,
513 2004 704 2046 intellexi
737 2016 781 2046 et
811 2005 945 2047 didici
979 2005 1083 2046 mihi
1107 2002 1237 2046 fuisse
1258 2020 1426 2062 semper
1447 2007 1594 2047 ami-³·

117 2059 351 2101 cissimum.
411 2063 452 2092 30
466 2060 547 2112 En,
570 2059 639 2102 hic
673 2061 742 2102 ille
774 2070 852 2113 est,
874 2062 927 2103 de
959 2060 1040 2103 illis
1072 2062 1262 2103 maxime
1283 2064 1355 2118 qui
1381 2063 1553 2104 irridere

114 2125 245 2171 atque
271 2117 502 2175 objurgare
534 2132 602 2158 me
635 2117 783 2159 solitus
810 2128 889 2170 est,
911 2119 1025 2174 quod
1051 2133 1120 2160 me
1151 2134 1236 2160 non
1263 2129 1421 2171 tecum,
1445 2135 1553 2176 prae-

116 2173 260 2216 sertim
295 2189 395 2216 cum
423 2176 500 2216 abs
534 2184 576 2215 te
608 2174 1042 2218 honorificentissime
1075 2176 1294 2229 invitarer,
1315 2177 1552 2233 conjunge—

115 2243 218 2271 rem.

1582 1536 1629 1571 15

372 2286 475 2324 Ἀλλ’
492 2286 563 2337 ὃμὲν
579 2286 602 2326 ἐπ’
619 2301 698 2325 ποτε
714 2289 819 2338 θυμόν
837 2288 875 2326 iv>
889 2288 1037 2329 effluo-cn
1052 2288 1183 2331 ἔπειθεν,

371 2341 407 2370 3¹
422 2338 485 2381 Ὠς
503 2339 611 2385 νεφέλη
630 2336 783 2387 ἔκάλυψε
796 2341 950 2390 pineum.

110 2400 352 2459 Audiebam
374 2402 489 2443 enim
512 2413 678 2444 nostros
701 2417 898 2460 proceres
919 2403 1203 2456 clamitantes,

150 2531 192 2560 30
213 2529 285 2568 En,
302 2532 354 2562 Ῑιίι·
374 2532 430 2564 ille
451 2533 566 2573 eim-de
588 2532 666 2572 illis]
691 2533 804 2565 Corri-

110 2576 195 2609 gunt
210 2571 299 2603 Hem
321 2584 338 2604 e
363 2575 462 2610 libi-iS‚
481 2577 536 2614 qui
559 2575 719 2606 haberent
739 2585 803 2612 em,

109 2613 196 2651 quod
217 2619 252 2644 et
279 2616 426 2647 Graevius
455 2618 589 2658 recepit.
613 2617 713 2648 male.
735 2626 805 2648 non

109 2660 159 2684 est
175 2660 290 2695 aptum
306 2659 491 2690 sententiae.
507 2669 574 2690 non
591 2658 644 2690 hic
659 2666 709 2689 est
725 2663 814 2690 con-'

110 2698 250 2734 questio,
279 2699 337 2729 sed
364 2699 615 2732 demonstratio.
658 2701 738 2732 Mox
767 2701 807 2731 de

107 2739 176 2768 illis
196 2740 309 2771 aberat
328 2751 348 2772 a
370 2742 450 2775 MSS.
469 2743 616 2783 Hittorp.
632 2748 666 2774 et
689 2744 759 2774 Pal.
773 2743 805 2774 6.

111 2779 198 2818 quod
219 2781 369 2822 placebat
391 2784 532 2816 Graevio.
550 2795 617 2815 non
640 2786 708 2816 coit
730 2795 806 2816 cum

114 2827 285 2854 contextu.
310 2834 386 2860 narn
408 2826 540 2858 deberet
562 2827 665 2866 sequi,
681 2828 737 2868 qui
757 2838 806 2859 so-

848 2534 900 2565 liti
913 2537 1004 2565 sunt.
1017 2543 1057 2565 ae
1071 2533 1209 2565 fortasse
1230 2532 1278 2563 sic
1297 2537 1348 2563 est
1372 2541 1391 2562 a
1413 2531 1544 2563 Cicero.

847 2586 906 2606 ne:
930 2576 1008 2615 quia
1040 2580 1115 2616 post
1141 2581 1211 2606 est:
1235 2575 1292 2613 ¹red
1310 2578 1422 2605 tumen
1449 2573 1544 2604 iidem

847 2628 899 2649 me
907 2618 1134 2653 consolantur,
1149 2621 1362 2648 et—-movent.

889 2663 926 2691 31
951 2659 1012 2692 Ὠς
1031 2660 1132 2698 νεφέλη
1149 2658 1224 2697 &c.]
1242 2657 1338 2698 Apud
1361 2657 1546 2688 Homerum

848 2701 912 2733 hoc
947 2702 1191 2733 herinstichium
1218 2706 1267 2730 est
1298 2705 1372 2740 post
1401 2699 1545 2730 alterum

849 2754 976 2775 vei-sum
1001 2745 1127 2782 ἄλκιμος
1149 2742 1220 2773 ἔστι.
1246 2743 1356 2780 itaque
1374 2751 1414 2771 eo
1435 2746 1542 2771 trans<

849 2796 986 2826 posuere
1000 2786 1166 2816 Victorius
1180 2790 1212 2815 et
1230 2783 1390 2814 Graevius.
1421 2783 1483 2814 Sed
1497 2783 1542 2812 vi-

850 2828 947 2860 detur
963 2828 1039 2860 huic
1053 2828 1126 2859 loco
1141 2827 1260 2868 aptior.

792 2876 867 2911 32
