1817 3196
251 120 323 153 134
633 112 813 151 EPIST.
843 111 1030 150 LIBER
1057 110 1282 148 SEXTUS

208 226 211 227 ’
248 217 289 250 26
308 231 392 259 non
415 230 539 274 posse
561 216 777 273 prohiberi
799 216 1017 272 republica
1037 215 1212 256 diutius.
1244 215 1281 246 27
1299 212 1442 262 Nolet,
1465 211 1546 252 hoc
1564 219 1672 252 tem-

281 274 364 315 oris
403 274 549 329 potius
579 288 669 314 esse
702 273 929 327 aliquando
965 271 1234 320 beneficium,
1267 284 1392 323 quam
1410 269 1502 322 jam
1530 281 1667 308 suurn.

249 289 360 372 lI'Jixi
383 330 435 371 de
458 329 641 371 Caesare.
665 344 776 369 nunc
799 329 939 369 dicam
961 329 1014 368 de
1032 339 1272 383 temporum
1295 339 1518 379 rerumque
1548 333 1672 365 natu-

250 401 310 428 ra.
373 387 512 427 Nemo
535 396 599 427 est
622 397 706 426 tam
729 385 927 425 inimicus
946 385 985 425 ei
1003 399 1157 433 causae,
1177 397 1303 438 quam
1329 381 1558 436 Pompeius
1580 380 1671 420 ani-

250 452 390 484 matus
413 443 561 483 melius
583 456 711 497 quam
735 450 904 495 paratus
926 451 1182 494 susceperat,
1204 440 1274 493 qui
1300 453 1374 480 uos
1403 437 1535 478 malos
1557 438 1672 478 cives

250 499 404 550 dicere,
427 510 500 539 aut
524 498 715 539 homines
738 498 956 551 improbos
979 496 1145 537 audeat.
1207 495 1257 535 In
1279 511 1363 550 quo
1386 493 1582 535 admirari
1606 507 1674 533 so-

249 556 316 598 leo
339 556 608 612 gravitatem,
636 563 680 594 et
701 553 932 609 justitiam,
967 562 1010 593 et
1045 551 1296 606 sapientiam
1321 551 1517 593 Caesaris.
1551 563 1673 590 num-

251 627 396 668 quam,
418 611 498 651 nisi
522 610 965 659 honorificentissime,
995 608 1250 663 Pompeium
1282 607 1480 663 appellat.
1539 606 1598 647 At
1629 605 1674 646 in

252 669 344 724 ejus
367 683 589 723 personam
613 667 747 708 multa
768 666 871 708 fecit
899 666 1103 721 asperius.
1161 665 1388 705 Armorum
1427 665 1520 713 ista,
1546 674 1588 704 et
1611 662 1674 702 vi·

251 726 400 767 ctoriae
420 734 519 765 sunt
536 724 664 773 facta,
687 737 770 764 non
796 723 992 764 Caesaris.
1052 721 1112 762 At
1133 736 1209 761 nos
1231 721 1587 775 quemadmodum
1611 728 1676 759 est

251 781 531 838 complexus?
563 779 758 821 Cassium
793 779 873 820 sibi
911 778 1093 834 legavit:
1129 778 1308 818 Brutum
1346 776 1498 818 Galliae
1523 775 1675 832 praefe-

251 839 336 880 cit:
369 837 607 892 Sulpicium
631 835 839 878 Graeciaez
875 834 1223 883 Marcellum,cui
1246 833 1433 874 maxime
1455 846 1676 874 succense-

253 896 341 945 bat,
363 908 463 935 cum
485 907 651 933 summa
673 893 783 933 illius
805 893 1016 949 dignitate
1036 892 1235 932 restituit.
1297 890 1396 936 Quo
1428 890 1560 945 igitur
1580 889 1675 930 haec

231 953 476 1008 ,spectant?
507 952 546 981 23
563 950 721 991 Rerum
744 950 827 990 hoc
854 960 1004 990 natura
1028 960 1071 989 et
1093 947 1282 989 civilium
1317 956 1556 1002 temporum
1589 959 1674 986 non

252 1008 462 1065 patietur:
495 1020 573 1048 nec
595 1021 784 1056 manens,
807 1020 885 1047 nec
917 1014 1080 1046 mutata
1116 1005 1223 1046 ratio
1246 1003 1373 1054 feret;
1406 1004 1604 1058 primum,
1627 1009 1676 1042 ut

242 1080 338 1108 non
361 1065 405 1105 in
424 1078 551 1105 causa
570 1063 659 1119 pari
683 1063 830 1104 eadem
855 1063 910 1102 sit
931 1074 973 1102 et
994 1062 1186 1102 conditio
1205 1070 1247 1100 et
1265 1060 1436 1100 fortuna
1453 1059 1643 1100 omnium
1664 1074 1673 1099 :

251 1122 419 1172 deinde,
443 1121 553 1161 utin
584 1135 677 1161 eam
709 1120 928 1161 civitatem
961 1119 1063 1159 boni
1096 1118 1174 1158 viri
1205 1128 1247 1157 et
1279 1117 1379 1156 boni
1418 1117 1531 1156 cives
1563 1114 1677 1155 nulla

249 1178 490 1235 ignominia
510 1178 645 1218 notati
678 1192 762 1217 non
793 1184 1071 1226 revertantur,
1095 1175 1135 1215 in
1159 1188 1283 1229 quam
1318 1182 1382 1213 tot
1417 1172 1676 1213 nefariorum

249 1236 454 1278 scelerum
477 1234 750 1275 condemnati
773 1242 1050 1274 reverterunt.
1114 1231 1259 1272 Habes
1277 1231 1502 1285 augurium
1519 1243 1676 1279 meum,

249 1307 350 1348 quo,
373 1292 406 1332 si
428 1291 531 1347 quid
550 1291 860 1340 addubitarem,
884 1304 966 1330 non
994 1289 1134 1344 potius
1159 1297 1310 1337 uterer,
1334 1301 1460 1341 quam
1483 1287 1552 1327 illa
1573 1300 1676 1326 con-

250 1350 473 1399 solatione,
497 1363 581 1403 qua
603 1348 726 1389 facile
757 1346 910 1388 fortem
946 1347 1080 1386 virum
1116 1354 1420 1385 sustentarem:
1454 1353 1510 1393 te,
1541 1342 1572 1383 si
1601 1356 1677 1382 ex-

250 1407 416 1463 plorata
453 1405 635 1446 victoria
668 1418 785 1445 arma
822 1403 1041 1444 sumsisses
1076 1416 1153 1457 pro
1190 1401 1428 1455 republiea;
1473 1401 1533 1440 ita
1561 1399 1675 1439 enim

252 1473 342 1505 tum
375 1463 578 1518 putabas:
633 1476 717 1501 non
756 1461 881 1500 nimis
924 1473 1013 1499 esse
1046 1458 1330 1499 laudandum:
1379 1458 1460 1507 sin,
1503 1465 1676 1511 propter

251 1522 437 1561 incertos
479 1518 622 1559 exitus
661 1527 924 1571 eventusque
948 1515 1170 1564 bellorum,
1206 1528 1329 1569 posse
1379 1513 1586 1562 accidere,
1632 1520 1680 1552 ut

251 1577 531 1626 vinceremur,
573 1584 792 1630 putasses;
841 1588 927 1614 non
958 1573 1112 1613 debere
1143 1580 1184 1611 te
1225 1571 1274 1610 ad
1319 1569 1548 1610 secundam
1591 1568 1678 1609 for-

250 1643 397 1675 tunam
432 1634 539 1673 bene
574 1642 768 1686 paratum
807 1629 949 1680 fuisse,
983 1631 1022 1663 Γ’39
1038 1629 1258 1669 adversam
1294 1626 1401 1667 ferre
1434 1626 1549 1667 nullo
1585 1640 1676 1666 mo-

249 1691 305 1731 do
348 1703 484 1746 posse.
559 1687 834 1743 Disputarem
873 1687 1017 1736 etiam,
1055 1694 1216 1740 quanto
1258 1683 1409 1724 solatio
1452 1683 1531 1724 tibi
1573 1696 1677 1723 con-

251 1747 430 1788 scientia
469 1746 529 1786 tui
573 1746 692 1795 facti,
733 1751 958 1798 quantaeve
991 1741 1262 1783 delectationi
1296 1740 1338 1780 in
1370 1740 1494 1781 rebus
1529 1739 1678 1780 adver-

251 1804 306 1845 sis
332 1804 483 1844 litterae
519 1817 609 1843 esse
641 1802 859 1842 deberent.
920 1799 1312 1840 Commemorarem
1339 1811 1425 1838 non
1448 1796 1584 1837 solum
1608 1810 1679 1836 ve-

251 1871 403 1911 terum,
437 1860 508 1901 sed
543 1860 694 1900 horum
730 1858 857 1898 etiam
892 1857 1125 1898 recentium
1158 1854 1222 1895 vel
1257 1854 1428 1905 ducum,
1452 1853 1517 1894 vel
1544 1853 1679 1894 comi-

252 1927 341 1958 tum
381 1928 553 1958 tuorum
590 1914 864 1972 gravissimos
902 1928 1038 1954 casus.
1100 1912 1242 1953 Etiam
1285 1920 1485 1951 externos
1520 1909 1678 1950 multos

250 1975 386 2016 claros
411 1974 522 2014 viros
544 1972 824 2014 nominarem.
887 1971 1022 2012 Levat
1042 1970 1155 2010 enim
1175 1967 1364 2010 dolorem
1387 1970 1427 1998 30
1440 1967 1679 2008 communis

252 2031 374 2088 quasi
410 2030 516 2089 legis
558 2041 602 2072 et
632 2030 831 2070 humanae
863 2027 1123 2069 conditionis
1161 2024 1416 2067 recordatio.
1478 2023 1682 2079 Expone-

294 2193 334 2223 26
368 2202 432 2222 non
452 2190 633 2231 prohibere]
673 2190 774 2221 Recte
799 2189 945 2220 Groevius
989 2198 1037 2219 res
1052 2188 1085 2218 in
1102 2187 1234 2218 civitate
1248 2186 1355 2217 solent
1377 2185 1442 2217 alia
1456 2185 1554 2218 aliam
1569 2196 1683 2218 conse-

247 2234 411 2275 prohiberi
433 2239 468 2264 et
492 2241 568 2263 ante
584 2234 647 2271 jam
665 2232 851 2262 Lambinus
869 2241 944 2261 nam

254 2276 401 2306 latinitas
415 2277 460 2305 sic
483 2285 612 2314 prorsus
636 2274 793 2314 postulat,
809 2273 946 2304 habent-

254 2328 317 2358 que
346 2317 420 2347 libri
449 2317 537 2346 boni.
582 2317 615 2347 si
642 2316 711 2354 quis
735 2315 852 2346 malit:
885 2325 947 2345 uon

249 2369 341 2400 posse
352 2369 385 2389 se
394 2359 579 2397 prohibere,¹
605 2367 670 2387 non
684 2366 874 2397 repugnem.

298 2403 337 2434 27
362 2400 462 2431 Nolet
484 2401 539 2430 Ῐιοε
567 2404 661 2439 temp.
686 2399 758 2438 ἃς]
787 2399 855 2428 Etsi
879 2399 947 2429 sine

255 2443 359 2479 libris,
384 2448 495 2473 tamen
521 2441 603 2471 edidi
625 2442 709 2471 nolet
734 2450 791 2480 pro
815 2440 948 2479 vulgato

257 2487 376 2521 nollem
399 2484 484 2523 quod
501 2493 549 2513 res
571 2490 604 2513 et
620 2482 767 2513 latinitas
783 2483 829 2512 ita
846 2484 946 2513 mani-

257 2527 338 2557 feste
354 2526 501 2565 requirit,
517 2530 555 2555 ut
570 2525 689 2555 mirum
705 2525 760 2560 sit,
777 2523 828 2554 hic
847 2526 949 2554 nemi-

259 2578 333 2600 uem
351 2568 491 2598 haesisse.

301 2613 340 2640 28
367 2609 490 2640 Rerum
512 2613 581 2638 nat.
604 2612 633 2638 et
655 2608 798 2638 civilium
814 2608 948 2647 iempp]

259 2652 309 2682 Ea
325 2661 398 2690 quae
421 2652 476 2688 sit,
489 2656 580 2691 patet
602 2661 620 2681 e
635 2659 719 2688 seqq.
729 2649 877 2688 primum
893 2650 951 2679 &m

259 2702 376 2733 nempe
390 2692 567 2724 secundum
583 2702 633 2728 ea,
649 2700 721 2730 qua·
736 2691 804 2720 fieri
827 2691 859 2721 in
875 2691 952 2720 civi-

257 2741 327 2766 tate
340 2735 459 2772 solent,
475 2740 510 2766 et
522 2733 698 2766 secundum
720 2732 865 2770 modum,
886 2743 951 2773 quo

988 2231 1055 2270 qui,
1070 2239 1203 2260 cursam
1215 2239 1326 2260 rerum
1340 2229 1442 2259 nostri
1455 2233 1584 2259 vocant.

1031 2277 1072 2305 29
1094 2273 1170 2303 adv.
1199 2273 1289 2302 nullo
1313 2271 1404 2301 modo
1428 2275 1460 2301 te
1479 2271 1583 2310 posse]
1615 2270 1682 2301 De·

990 2314 1052 2345 levi
1080 2319 1122 2349 te,
1153 2319 1190 2344 ut
1216 2314 1362 2343 Graevius
1396 2313 1495 2344 fecit:
1528 2312 1681 2351 abestque

989 2357 1030 2387 ab
1045 2356 1177 2396 optimis
1191 2355 1281 2386 libris
1302 2365 1364 2386 scr.
1386 2355 1485 2385 etiam
1509 2358 1633 2391 nostro,
1649 2359 1684 2385 et

990 2399 1052 2429 Gu.
1074 2402 1099 2429 l.
1116 2400 1147 2429 52.
1161 2403 1196 2428 et
1210 2397 1281 2427 edd.
1298 2407 1348 2437 pr.

1033 2443 1073 2470 30
1095 2440 1272 2470 communis
1285 2449 1313 2478 q.
1329 2439 1408 2477 legis
1421 2441 1451 2467 et
1466 2439 1555 2468 hum.
1571 2439 1680 2478 cond.]

991 2481 1136 2512 Offendit
1151 2492 1202 2511 [ne
1215 2481 1267 2512 hic
1278 2490 1363 2520 saepe
1372 2480 1504 2510 verbum
1518 2481 1682 2518 humanoe,

994 2529 1032 2553 ut
1059 2524 1233 2553 insititium
1258 2528 1420 2562 putarem,
1446 2521 1683 2561 legendumque

993 2566 1172 2595 communis
1198 2565 1290 2604 quasi
1317 2565 1398 2603 Iegis
1425 2568 1455 2594 et
1483 2565 1682 2596 conditionis.

995 2616 1070 2636 nam
1088 2607 1132 2636 sic
1145 2607 1227 2637 solet
1243 2607 1356 2637 Cicero
1370 2606 1488 2644 dicere,
1501 2607 1683 2637 communis

995 2648 1045 2678 lex
1061 2656 1093 2678 et
1109 2649 1252 2678 conditio
1266 2654 1315 2678 est
1328 2647 1483 2679 humana.
1523 2647 1581 2678 Est
1597 2648 1683 2680 haud

993 2690 1089 2721 dubie
1103 2701 1123 2721 a
1137 2690 1326 2730 glossatore.
