1865 3223
483 97 562 135 AD
587 94 955 135 C.MEMM1UM
982 93 1056 130 ET
1081 94 1265 131 Amos.
1295 111 1299 114 ·
1508 98 1584 142 3¹48

158 215 330 244 necesse
349 208 429 242 est.
490 201 573 242 Sed
595 209 752 248 tamen,
782 212 914 252 quum
937 196 1057 246 milii,
1082 211 1156 251 pro
1179 198 1486 252 conjunctione
1508 214 1584 240 no-

159 268 259 310 stra,
290 257 354 299 vel
385 271 561 314 peccare
591 257 703 312 apud
729 265 771 295 te
791 257 834 295 in
857 254 1083 295 scribendo
1106 253 1229 294 licet:
1265 265 1489 310 utrumque
1511 270 1583 296 eo-

157 330 266 367 rum,
288 330 383 371 quae
407 314 559 371 negavi
582 313 687 353 mihi
719 311 915 353 facienda
946 324 1051 360 esse,
1081 309 1251 354 faciam.
1313 311 1424 351 Nam
1458 321 1500 352 et
1529 313 1580 353 ad

155 372 214 422 id,
244 372 360 427 quod
396 371 528 412 Attici
558 384 687 411 causa
720 380 760 410 te
783 367 1012 410 ostendisti
1045 381 1135 408 esse
1160 366 1388 416 facturum,
1411 377 1578 409 tantum

156 429 284 470 velim
320 428 463 478 addas,
499 437 706 483 quantum
743 439 797 467 ex
834 435 980 466 nostro
1017 437 1160 465 amore
1195 423 1450 464 accessionis
1488 424 1710 465 fictir-212-

156 495 322 541 potest:
364 495 420 536 et,
460 483 574 538 quod
612 484 740 524 modo
776 484 950 523 verebar
983 481 1062 521 tibi
1096 480 1255 536 gratias
1286 493 1427 536 agere,
1463 478 1620 522 nunca·

154 542 279 598 plane
307 555 404 597 ago,
428 550 553 596 teque
575 540 635 581 ita
655 540 902 589 existimare
925 537 1036 586 volo,
1059 538 1400 593 quibuscumque
1422 536 1577 578 officiis

152 599 249 640 ⁴³in
275 597 504 654 Epiroticis
528 598 784 652 reliquisque
805 597 929 637 rebus
950 595 1147 643 Atticum
1178 594 1476 646 obstrinxeris,
1507 594 1579 634 iis-

153 655 251 697 dem
269 668 337 696 me
360 654 438 696 tibi
462 654 702 711 obligatum
726 654 832 695 fore.

661 744 1064 783 ARGUMENTUM.
1600 752 1650 794 19

152 807 288 857 Rogat,
307 812 348 844 ut
361 808 550 856 Lysonem,
569 820 674 857 quem
692 814 800 845 amen
817 809 1138 848 commendat-erat,
1159 807 1195 842 in
1207 806 1323 855 fidem
1338 810 1372 841 et
1390 806 1581 841 necessitu-

713 862 832 897 dinem
849 862 1014 909 recipiat.

399 927 466 969 M.
491 927 541 969 T.
567 927 618 969 C.
650 927 779 969 SER.
803 925 1093 969 SULPICIO
1126 926 1169 966 S.
1195 925 1245 966 P.
1271 924 1327 966 D.

151 983 296 1036 CUM
331 995 499 1050 Lysone
532 995 724 1036 Patrensi
754 1006 818 1036 est
851 995 952 1035 milii
976 993 1149 1050 quidem
1173 993 1407 1048 hospitium
1435 1001 1580 1046 vetus3

148 1066 278 1106 quam
311 1067 393 1107 ego
425 1053 779 1094 necessitudinem
808 1062 956 1092 sancte
985 1050 1209 1092 colendam
1246 1060 1363 1105 puto.
1425 1049 1508 1091 Sed
1527 1065 1581 1091 ea

149 1122 278 1149 causa
298 1110 427 1150 etiam
450 1124 550 1151 cum
574 1110 665 1150 aliis
688 1110 1005 1164 compluribus:
1031 1107 1296 1148 familiaritas
1323 1116 1440 1147 tanta
1463 1107 1579 1148 nullo

150 1179 247 1206 cum
270 1165 464 1222 hospite:
489 1177 532 1207 et
551 1181 601 1207 ea
623 1181 721 1207 cum
740 1166 894 1206 officiis
917 1165 1008 1220 ejus
1033 1163 1190 1214 multis,
1214 1173 1305 1204 tum
1325 1163 1453 1204 etiam
1477 1179 1581 1205 con‘·

153 1223 377 1264 suetudine
397 1223 649 1278 quotidiana
670 1224 730 1264 sic
751 1232 814 1263 est
837 1233 977 1271 aucta,
1001 1231 1047 1261 ut
1070 1220 1176 1261 nihil
1207 1221 1262 1260 sit
1290 1220 1580 1262 familiaritate

150 1290 297 1320 nostra
316 1280 605 1334 conjunctius.
639 1279 680 1320 Is
702 1293 800 1320 cum
823 1278 974 1319 Romae
994 1291 1152 1318 annum
1178 1291 1311 1332 prope
1332 1277 1394 1317 ita
1416 1276 1580 1330 fuisset,

153 1346 198 1375 ut
222 1350 387 1378 mecum
406 1338 581 1387 viveret,
603 1337 682 1376 etsi
704 1350 870 1376 eramus
894 1335 936 1376 in
961 1349 1115 1390 magna
1135 1347 1224 1389 spe,
1247 1345 1286 1374 te.
1306 1334 1410 1374 meis
1427 1333 1579 1376 litteris

150 1392 610 1449 commendationeque
629 1393 955 1449 diligentissime
977 1391 1203 1442 facturum,
1223 1391 1264 1431 id
1288 1391 1403 1445 quod
1422 1389 1580 1443 fecisti,

151 1458 198 1489 ut
227 1449 319 1505 ejus
351 1464 453 1501 rem,
486 1460 529 1491 et
561 1450 754 1491 fortunas
781 1449 968 1490 absentis
1000 1458 1189 1489 tuerere:
1223 1457 1366 1488 tamen
1397 1448 1511 1503 quod
1537 1449 1580 1489 in

151 1506 275 1547 unius
301 1517 513 1562 potestate
534 1516 654 1548 erant
675 1507 834 1557 onmia,
856 1516 899 1547 et
921 1506 1035 1560 quod
1069 1505 1180 1560 Lyso
1211 1504 1346 1545 fuerat
1369 1504 1410 1545 in
1435 1515 1581 1546 nostra

149 1577 279 1603 causa
319 1564 558 1620 nostrisque
600 1564 824 1619 praesidiiS,
863 1562 1057 1618 quotidie
1102 1561 1260 1616 aliquid
1306 1561 1580 1602 timebamus.

151 1616 363 1661 Effectum
398 1630 537 1662 tamen
566 1632 630 1661 est
659 1631 701 1661 et
735 1621 867 1676 ipsius
899 1619 1136 1677 splendore,
1160 1629 1203 1658 et
1225 1628 1371 1658 nostro
1395 1617 1576 1673 reliqu0÷

148 1690 329 1731 rumque
351 1677 569 1733 hospitum
590 1678 746 1728 studio,
769 1688 813 1718 ut
831 1678 990 1727 omnia,
1009 1691 1106 1731 quae
1127 1674 1342 1726 vellemus,
1361 1690 1385 1715 a
1405 1674 1577 1716 Caesare

148 1732 499 1788 impetrarentur:
521 1735 635 1790 quod
660 1734 870 1789 intelliges
891 1749 943 1775 ex
970 1734 1019 1774 iis
1042 1732 1209 1782 litteris,
1230 1747 1336 1787 quas
1356 1731 1502 1773 Caesar
1522 1732 1576 1773 ad

148 1800 190 1830 te
212 1791 343 1832 dedit.
388 1791 516 1832 Nunc
538 1795 673 1832 4⁴nou
698 1791 826 1832 modo
849 1806 932 1832 non
955 1790 1212 1831 remittimus
1235 1789 1315 1830 tibi
1338 1788 1497 1843 aliquid
1521 1804 1576 1830 ex

145 1857 293 1888 nostra
310 1848 698 1898 commendatione,
718 1848 838 1903 quasi
863 1848 1005 1902 adepti
1023 1847 1117 1902 jam
1139 1847 1308 1888 omnia:
1341 1846 1412 1887 sed
1436 1860 1486 1886 eo
1509 1861 1578 1887 ve-

146 1902 387 1946 hementius
410 1921 433 1946 a
458 1915 498 1945 te
519 1906 834 1955 contendimus,
869 1917 914 1945 ut
942 1905 1152 1959 Lysonem
1178 1903 1219 1943 in
1244 1903 1369 1943 fidem
1396 1905 1580 1946 necessi-

149 1961 426 2016 tudinemque
463 1973 579 2003 tuam
613 1963 816 2017 recipias:
851 1962 973 2016 cujus
1003 1958 1135 2001 dubia
1166 1959 1354 2011 fortuna,
1386 1960 1578 2000 timidius

149 2028 291 2059 tecum
326 2020 573 2074 agebamus,
599 2030 804 2070 verentes,
837 2034 889 2060 ne
911 2017 1013 2074 quid
1045 2017 1259 2058 accideret
1279 2016 1508 2072 ejusmodi,
1533 2026 1580 2057 ut

148 2089 201 2115 ne
222 2087 268 2116 tu
290 2077 461 2131 quidem
488 2078 643 2117 mederi
670 2091 836 2133 posses:
868 2075 1092 2131 explorata
1115 2088 1213 2115 vero
1235 2073 1328 2128 ejus
1351 2073 1578 2115 incolumi-

146 2142 248 2182 tate,
269 2134 415 2174 omuia
436 2149 459 2174 a
483 2143 524 2174 te
547 2134 686 2174 studia
710 2148 874 2176 summa
896 2147 999 2174 cura
1021 2140 1136 2187 peto.
1198 2130 1309 2177 Quae
1333 2144 1386 2171 ne
1407 2130 1577 2186 singula

145 2203 404 2239 enumerem,
438 2199 571 2231 totam
608 2191 685 2231 tibi
719 2190 895 2232 domum
927 2187 1209 2238 commendo;
1255 2188 1298 2228 in
1334 2187 1398 2227 his
1431 2187 1574 2228 adole-

146 2257 332 2287 scentem
358 2247 491 2288 filium
513 2248 620 2302 ejus,
647 2262 774 2302 quem
796 2250 836 2279 ⁴5
852 2246 903 2288 C.
927 2245 1163 2286 Memmius
1186 2244 1419 2294 Gemellus,
1441 2244 1572 2285 cliens
1588 2249 1617 2282 b.

146 2317 279 2354 meus,
315 2318 410 2344 cum
446 2305 486 2344 in
523 2305 766 2345 calamitate
794 2303 935 2345 exsilii
966 2303 1029 2344 sui
1060 2301 1277 2342 Patrensis
1304 2302 1412 2343 civis
1434 2300 1574 2341 factus

146 2371 270 2412 esset,
298 2360 563 2403 Patrensium
588 2361 753 2418 legibus
776 2360 1021 2416 adoptavit;
1054 2369 1101 2399 ut
1129 2359 1222 2414 ejus
1251 2358 1386 2414 ipsius
1409 2357 1575 2398 heredi-

147 2417 335 2472 tatisjus
358 2433 615 2475 causamque
639 2429 796 2461 tueare.
859 2418 1004 2476 Caput
1032 2416 1135 2457 illud
1166 2425 1244 2466 est,
1276 2425 1322 2456 ut
1346 2415 1576 2470 Lysonem,

186 2544 226 2573 43
241 2545 275 2573 in
298 2543 620 2582 Epiroticis-rebus]
646 2544 669 2574 i.
687 2552 717 2573 e.
736 2552 836 2584 nego-
880 2542 1012 2576 dicitur,
1027 2545 1062 2571 et
1077 2549 1215 2579 sequens
1227 2547 1354 2583 quoque
1367 2537 1435 2567 sine
1449 2546 1578 2577 praepo·

149 2584 216 2621 tiis,
232 2596 302 2624 quoe
321 2586 414 2616 hahet
433 2588 464 2616 in
482 2587 592 2624 Epiro.
879 2585 998 2614 sitione
1013 2588 1083 2612 estt
1107 2583 1201 2621 quasi
1217 2581 1410 2619 adeptiJam
1425 2580 1545 2609 omnia.
1570 2584 1572 2586 ’

188 2629 228 2657 4-1
243 2637 303 2658 mm
321 2629 409 2657 modo
422 2639 483 2658 mm
499 2629 694 2657 remittimus
706 2626 763 2657 tibi
775 2628 837 2657 ali·
921 2628 962 2656 45
993 2625 1026 2655 C.
1053 2622 1244 2660 Memmius]
1261 2621 1401 2662 Quidam
1426 2621 1510 2656 libri,
1537 2629 1574 2651 ut

145 2669 238 2708 quid]
263 2670 410 2700 Alterum
429 2681 488 2700 non
514 2671 604 2700 abest
618 2671 658 2700 ab
673 2670 722 2700 ed.
739 2668 836 2701 Rom,
880 2678 981 2703 meus,
996 2671 1034 2697 ut
1059 2665 1111 2700 ed.
1129 2666 1224 2695 Grut.
1245 2664 1277 2694 C.
1296 2663 1447 2693 Maenius.
1473 2663 1569 2694 male.

146 2710 228 2740 ven.
259 2712 345 2745 1469.
370 2715 458 2745 1⁴71.
479 2714 569 2750 cujus
594 2712 706 2742 romnu-
721 2716 753 2742 et
770 2711 835 2741 alia
876 2710 999 2740 indicat
1045 2716 1228 2746 cognomen
1283 2705 1458 2741 Gemellus,
1504 2714 1574 2735 esse

145 2753 293 2793 exempla
307 2760 397 2787 sunt,
413 2756 465 2784 secl
483 2754 598 2784 metius
613 2760 662 2784 est
677 2754 761 2784 addi.
778 2754 835 2783 tibi
877 2751 1075 2782 Memmium
1091 2759 1179 2783 eum,
1196 2748 1237 2779 ad
1245 2751 1350 2787 'quem
1369 2752 1419 2777 est
1435 2747 1575 2789 epistola

145 2794 274 2826 videtur
289 2795 402 2828 melius
419 2798 538 2831 abesse,
563 2805 638 2825 nam
661 2806 701 2825 m·
723 2797 835 2835 aliqua
879 2795 985 2834 prima
1000 2793 1095 2831 huju;
1113 2790 1197 2821 libri.

145 2846 181 2865 re
205 2837 372 2867 remittere
396 2839 522 2877 aliquid
547 2838 616 2867 sine
644 2839 836 2880 pronomine
916 2855 918 2857 -

831 2885 899 2919 24
