1817 3196
285 77 336 112 10
669 76 849 116 EPIST.
879 77 1064 117 LIBER
1089 78 1315 118 PRIMUS

280 191 424 229 neum,
445 193 569 233 quam
600 194 800 235 umquam
834 192 970 230 antea,
993 182 1104 236 quod
1142 193 1235 236 post
1269 192 1387 222 tuum
1410 181 1637 223 discessum
1663 182 1697 224 is

280 234 369 275 dies
401 235 720 278 honestissimus
745 239 865 278 nobis
897 239 1032 278 suerat
1054 240 1091 278 in
1127 250 1286 289 senatu,
1310 240 1370 280 ita
1391 254 1480 279 snm
1505 254 1599 278 cnm
1625 238 1696 280 illo

279 289 462 343 locutus,
496 304 541 333 ut
567 295 667 333 milii
694 295 854 334 viderer
876 296 1062 335 animum
1089 290 1270 336 hominis
1300 298 1352 336 ab
1382 298 1495 337 omni
1521 298 1601 336 alia
1622 310 1696 336 co-

277 347 488 403 gitatione
507 350 557 390 ad
580 360 693 390 tuam
717 351 968 406 dignitatem
995 352 1189 391 tuendam
1213 353 1443 401 traducere,
1465 367 1588 406 quem
1613 367 1695 407 ego

275 404 415 459 ipsum
439 420 537 446 eum
567 408 708 457 audio,
733 422 899 462 prorsus
935 423 1029 448 eum
1062 407 1191 448 libero
1214 424 1326 449 omni
1360 411 1599 464 suspicione
1621 423 1694 448 eu-

275 461 482 516 piditatis.
514 477 609 503 eum
644 473 783 503 amem
820 465 911 519 ejus
942 464 1166 505 familiares
1190 468 1376 506 omnium
1413 467 1607 505 ordinum
1635 465 1696 505 vi·

274 517 369 567 deo,
386 520 609 573 perspicio,
630 520 669 559 id
689 521 904 575 quodjam
923 522 1119 562 omnibus
1139 532 1201 562 est
1222 534 1428 577 apertum,
1452 535 1580 562 totam
1608 535 1693 561 rein

273 573 397 615 istam
415 575 505 628 jam
530 576 691 630 pridem
715 592 739 617 a
760 578 886 618 certis
920 578 1177 628 hominibus,
1202 594 1283 619 non
1309 580 1441 619 invito
1467 594 1562 634 rege
1587 579 1694 633 ipso,

272 631 610 687 consiliariisque
630 633 736 687 ejus,
759 648 848 674 esse
869 646 1126 690 corruptam.
1164 635 1272 676 Hoec
1292 636 1437 690 scripsi
1463 652 1499 676 a.
1523 636 1563 675 d.
1590 648 1691 674 Χνι.

274 685 372 728 Kal.
397 688 519 729 Febr.
543 699 639 730 ante
668 692 816 730 lucem.
880 690 941 731 Eo
964 693 1031 732 die
1053 703 1221 732 senatus
1243 703 1331 732 erat
1356 693 1534 732 futurus.
1599 691 1690 731 Nos

270 743 314 783 in
349 754 510 796 senatu,
548 747 902 800 quemadmodum
943 764 1079 803 spero,
1112 749 1364 804 dignitatem
1407 760 1608 796 nostiam,
1645 755 1692 787 ut

269 810 414 855 potest
436 802 477 842 in
498 812 616 843 tanta
638 804 854 845 hominum
883 806 1056 860 perlidia
1077 816 1119 845 et
1140 807 1376 860 iniquitate,
1400 806 1690 845 retinebimus.

271 857 400 903 Quod
437 860 489 900 ad
527 860 771 916 popularem
807 863 1010 902 rationem
1054 864 1221 912 attinet,
1257 863 1336 903 hoc
1377 863 1567 902 videmur
1602 873 1692 900 esse

268 916 503 966 consecuti,
528 929 572 957 ut
596 932 645 957 ne
675 918 774 972 quid
798 919 867 973 agi
893 934 990 959 cuni
1023 919 1194 974 populo,
1217 929 1288 959 aut
1318 919 1440 959 salvis
1475 917 1692 972 auspiciis,

267 980 339 1011 aut
363 971 487 1014 salvis
510 972 689 1029 legibuS,
708 986 781 1016 aut
802 975 984 1029 denique
1006 977 1094 1015 sine
1120 976 1156 1016 vi
1183 977 1329 1030 possit.
1391 975 1457 1016 De
1480 975 1542 1014 his
1567 974 1691 1014 rebus

267 1027 419 1083 pridie,
440 1044 567 1084 quam
593 1030 683 1072 liaec
716 1031 878 1086 scripsi,
902 1040 1070 1072 senatus
1098 1032 1328 1072 auctoritas
1358 1031 1607 1088 gravissima
1629 1031 1693 1070 in-

268 1085 483 1126 tercessit:
516 1087 584 1127 cui
618 1102 713 1129 cum
740 1088 849 1129 Cato
873 1098 915 1128 et
946 1087 1151 1128 Caninius
1176 1088 1524 1137 intercessissent,
1547 1098 1689 1127 tamen

265 1150 331 1181 est
361 1143 608 1199 perscripta.
688 1144 791 1185 Eam
816 1145 866 1186 ad
891 1154 932 1185 te
962 1145 1244 1184 missam-esse
1274 1146 1470 1186 arbitror.
1533 1143 1598 1185 De
1622 1157 1691 1184 ce-

265 1198 365 1237 teris
388 1200 524 1250 rebus,
545 1201 751 1256 quidquid
774 1202 853 1241 erit
875 1212 1033 1250 actum,
1057 1202 1237 1241 scribam
1255 1203 1305 1242 ad
1332 1213 1396 1243 te:
1429 1211 1471 1242 et
1495 1211 1539 1241 ut
1562 1213 1690 1255 quain

263 1253 499 1297 rectissime
521 1269 702 1312 agantur
731 1259 888 1310 omnia,
912 1273 1006 1298 mea
1026 1272 1140 1308 cura,
1163 1273 1305 1314 opera,
1333 1258 1571 1315 diligentia,
1594 1271 1691 1312 gra·

263 1311 324 1351 tia
347 1313 597 1367 providebo.
660 1315 776 1356 Vale.

223 1369 250 1408 3
777 1387 1179 1425 ARGUMENTUM3

262 1445 310 1481 A.
350 1446 516 1485 Trebonii
546 1452 704 1497 negotia,
737 1464 814 1498 quae
846 1454 883 1487 in
912 1452 1098 1500 provincia
1134 1452 1262 1487 Cilicia
1295 1452 1457 1494 habebat,
1483 1450 1692 1501 proconsuli

620 1502 775 1539 Lentulo
793 1505 1072 1551 diligentissime,
1086 1505 1320 1539 commendat.

620 1568 688 1610 M.
711 1569 760 1611 Τ.
785 1570 835 1612 C.
871 1571 918 1612 P.
946 1571 1230 1613 LENTULO
1262 1572 1304 1612 S.
1331 1570 1387 1612 D.

171 1619 441 1676 1³·⁴·AULO
460 1634 688 1689 Trebonio,
715 1640 785 1693 qui
822 1640 861 1680 in
887 1652 958 1681 tua
991 1641 1211 1697 provincia
1242 1654 1397 1695 magna
1426 1639 1614 1694 negotia,
1645 1650 1690 1682 et

217 1681 417 1746 a’ampla‚
439 1701 481 1732 et
511 1695 713 1749 expedita
737 1696 879 1747 habet,
903 1698 1058 1739 multos
1081 1712 1213 1738 annos
1249 1706 1343 1736 ntor
1367 1696 1484 1737 valde
1506 1696 1688 1737 familia-

259 1751 376 1791 riter.
438 1748 478 1789 Is
501 1765 595 1790 cum
618 1762 742 1792 antea
767 1768 931 1809 semper
952 1764 993 1795 ct
1016 1769 1091 1795 sno
1118 1754 1352 1809 splendore,
1374 1763 1416 1793 et
1439 1750 1596 1802 nos'tra,
1618 1768 1688 1794 ce-

259 1815 533 1860 terorumque
564 1809 797 1850 amicorum
833 1811 1202 1852 commendatione
1230 1810 1610 1864 11gratiosissimus
1642 1811 1687 1852 in

258 1863 482 1920 provincia
504 1863 609 1906 fuit:
645 1875 731 1906 tum
758 1867 838 1908 lioc
861 1878 1050 1923 tempore
1074 1877 1245 1923 propter
1270 1876 1386 1907 tuum
1413 1867 1453 1906 in
1477 1881 1544 1907 me
1567 1881 1686 1908 amo-

257 1935 363 1971 rem,
394 1930 667 1976 nostramque
697 1925 1067 1974 necessitudinem,
1100 1926 1370 1965 vehementer
1401 1923 1596 1973 confidit,
1620 1923 1686 1965 his

257 1978 364 2018 meis
387 1977 536 2017 litteris
571 1993 614 2018 se
635 1981 747 2035 apud
782 1991 823 2022 te
845 1982 1079 2037 gratiosum
1114 1982 1227 2022 fore:
1260 1995 1354 2034 quae
1386 1994 1438 2020 ne
1471 1994 1565 2036 spes
1587 1994 1686 2022 eum

258 2033 391 2084 fallat,
415 2034 687 2076 veliementer
709 2051 813 2092 rogo
850 2048 916 2089 te;
947 2039 1284 2092 commendoque
1316 2037 1392 2077 tibi
1427 2036 1518 2091 ejus
1541 2037 1687 2078 omnia

256 2092 447 2146 negotia,
479 2090 668 2143 libertos,
701 2105 1010 2148 procurat0re5,
1043 2095 1274 2136 familiam:
1308 2094 1601 2149 inprimisque,
1625 2103 1687 2144 ut,

260 2150 297 2178 12
313 2163 408 2202 qnae
429 2146 479 2187 T.
506 2147 686 2204 Ampius
711 2150 764 2191 de
784 2152 876 2206 ejus
900 2167 941 2193 re
963 2152 1165 2200 decrevit,
1188 2167 1236 2191 ea
1255 2151 1523 2205 comprobes,
1546 2150 1686 2191 omni-

256 2204 421 2259 busque
446 2205 568 2245 rebus
600 2220 696 2246 eum
720 2208 778 2248 ita
802 2219 969 2259 tracteS‚
993 2218 1038 2250 ut
1063 2209 1287 2264 intelligat,
1310 2222 1447 2248 meam
1467 2221 1687 2250 commen·

255 2260 473 2303 dationem
492 2276 578 2303 non
602 2263 815 2319 vulgarem
840 2266 984 2307 fuisse.
1045 2266 1164 2307 Vale.

215 2342 244 2380 4
767 2355 1168 2392 ΑΗΟΠΜΕΝΤυΜᾈ

257 2413 479 2461 Conqueslus
498 2417 541 2450 de
567 2417 853 2453 adversariorum
873 2420 1074 2459 columniis,
1095 2429 1172 2465 quoe
1188 2422 1336 2464 peracta
1353 2418 1388 2452 in
1405 2416 1687 2465 senatusuerz'nt

307 2467 425 2501 eodem
447 2468 515 2506 die,
537 2480 605 2514 quo
634 2471 849 2515 superiorem
871 2470 1059 2517 epistolam
1087 2473 1170 2504 ante
1190 2470 1299 2504 lucem
1325 2471 1530 2516 scripserat,
1548 2469 1686 2517 signifi·

305 2523 375 2557 cat,
398 2519 595 2554 obtinenda>
623 2532 736 2556 causa?
753 2533 814 2570 spe
833 2521 989 2568 adjecta,
1007 2523 1077 2558 nisi
1094 2523 1159 2563 vis,
1180 2533 1286 2568 quam
1302 2521 1416 2557 solam
1437 2523 1551 2562 timet,
1573 2522 1682 2556 inter·

301 2571 461 2606 verterit.

294 2677 327 2704 lt
352 2677 603 2713 gratiosissimus
617 2679 651 2708 in
661 2678 808 2718 pr.fn.il]
835 2679 946 2709 Recte.
986 2679 1036 2708 vel
1049 2680 1194 2710 decrerit.
1209 2679 1289 2709 illud
1298 2688 1422 2708 verum:
1439 2681 1487 2708 est
1497 2678 1584 2707 enim
1598 2678 1684 2718 peri·

249 2725 326 2747 nam
341 2724 373 2747 et
390 2720 500 2749 statim
516 2722 847 2759 seqmturgratiosus.
863 2730 946 2752 male
990 2721 1112 2761 phrasis
1129 2721 1247 2751 decreti
1272 2721 1362 2756 facti,
1385 2729 1449 2750 non
1472 2720 1586 2750 futuri.
1629 2720 1682 2751 Sic

248 2757 303 2789 alii
317 2761 452 2797 gratissi
460 2771 538 2791 mus.
990 2768 1025 2794 et
1038 2764 1103 2795 Ms.
1117 2764 1180 2794 Gu.
1196 2769 1230 2794 et
1242 2768 1353 2794 noster
1366 2768 1401 2794 et
1412 2763 1461 2793 ed.
1474 2761 1570 2795 Rom.

294 2803 331 2831 12
345 2811 414 2842 quoe
423 2803 663 2845 A.-decrevzt]
681 2804 749 2836 Alii
759 2804 946 2844 decreverit,

1808 775 1817 862 φτ...
1809 696 1817 750 ,Λᾶ
1808 615 1817 682 m
1809 571 1817 612 ς»,
1808 474 1817 562 ”qq—2«
1810 454 1815 467 ν
1808 270 1815 446 1--0-2—2-—2—
1808 151 1816 264 -e--a—re
1807 0 1817 140 eanm-

1808 1357 1811 1370 -
1808 1338 1810 1346 ἡ
1808 1309 1811 1321 -
1808 1286 1810 1290 -
1808 926 1817 1260 ,ss-Q.e-ss--=„»2‹:
1809 868 1817 914 514-
