<?xml version="1.0" encoding="UTF-8"?>
<!DOCTYPE html PUBLIC "-//W3C//DTD XHTML 1.0 Transitional//EN"
    "http://www.w3.org/TR/xhtml1/DTD/xhtml1-transitional.dtd">
<html xmlns="http://www.w3.org/1999/xhtml" xml:lang="en" lang="en">
 <head>
  <title>
</title>
<meta http-equiv="Content-Type" content="text/html;charset=utf-8" />
  <meta name='ocr-system' content='tesseract 3.04.00' />
  <meta name='ocr-capabilities' content='ocr_page ocr_carea ocr_par ocr_line ocrx_word'/>
</head>
<body>
  <div class='ocr_page' id='page_1' title='image "./p1operaomnia03ciceuoft_0215.png"; bbox 0 0 1903 3218; ppageno 0'>
   <div class='ocr_carea' id='block_1_1' title="bbox 569 112 1627 152">
    <p class='ocr_par' dir='ltr' id='par_1_1' title="bbox 569 112 1627 152">
     <span class='ocr_line' id='line_1_1' title="bbox 569 112 1627 152; baseline 0 0"><span class='ocrx_word' id='word_1_1' title='bbox 569 113 751 152; x_wconf 89' lang='lat' dir='ltr'>COELII</span> <span class='ocrx_word' id='word_1_2' title='bbox 776 113 856 151; x_wconf 76' lang='lat' dir='ltr'>A‘D</span> <span class='ocrx_word' id='word_1_3' title='bbox 883 112 1258 151; x_wconf 82' lang='lat' dir='ltr'>elcERoNEM.</span> <span class='ocrx_word' id='word_1_4' title='bbox 1551 117 1627 152; x_wconf 72' lang='lat'>208</span> 
     </span>
    </p>
   </div>
   <div class='ocr_carea' id='block_1_2' title="bbox 191 215 1752 1126">
    <p class='ocr_par' dir='ltr' id='par_1_2' title="bbox 191 215 1742 1126">
     <span class='ocr_line' id='line_1_2' title="bbox 199 215 1628 280; baseline 0.001 -23"><span class='ocrx_word' id='word_1_5' title='bbox 199 217 350 259; x_wconf 81' lang='lat' dir='ltr'>randas</span> <span class='ocrx_word' id='word_1_6' title='bbox 372 217 593 273; x_wconf 84' lang='lat' dir='ltr'>utriusque</span> <span class='ocrx_word' id='word_1_7' title='bbox 615 216 764 280; x_wconf 84' lang='lat' dir='ltr'>copias</span> <span class='ocrx_word' id='word_1_8' title='bbox 789 224 832 257; x_wconf 82' lang='lat' dir='ltr'>et</span> <span class='ocrx_word' id='word_1_9' title='bbox 852 216 894 247; x_wconf 81' lang='lat'>6⁰</span> <span class='ocrx_word' id='word_1_10' title='bbox 906 216 957 257; x_wconf 84' lang='lat' dir='ltr'>ad</span> <span class='ocrx_word' id='word_1_11' title='bbox 979 216 1219 271; x_wconf 81' lang='lat' dir='ltr'>eligendam</span> <span class='ocrx_word' id='word_1_12' title='bbox 1246 223 1424 270; x_wconf 85' lang='lat' dir='ltr'>partem.</span> <span class='ocrx_word' id='word_1_13' title='bbox 1488 215 1628 271; x_wconf 83' lang='lat' dir='ltr'>Prope</span> 
     </span>
     <span class='ocr_line' id='line_1_3' title="bbox 199 269 1627 336; baseline -0.001 -22"><span class='ocrx_word' id='word_1_14' title='bbox 199 274 358 315; x_wconf 87' lang='lat' dir='ltr'>oblitus</span> <span class='ocrx_word' id='word_1_15' title='bbox 379 289 489 325; x_wconf 89' lang='lat' dir='ltr'>sum,</span> <span class='ocrx_word' id='word_1_16' title='bbox 512 274 626 330; x_wconf 86' lang='lat' dir='ltr'>quod</span> <span class='ocrx_word' id='word_1_17' title='bbox 649 287 838 314; x_wconf 80' lang='lat' dir='ltr'>maxnne</span> <span class='ocrx_word' id='word_1_18' title='bbox 861 273 943 313; x_wconf 82' lang='lat' dir='ltr'>fuit</span> <span class='ocrx_word' id='word_1_19' title='bbox 965 273 1253 314; x_wconf 82' lang='lat' dir='ltr'>scribendum.</span> <span class='ocrx_word' id='word_1_20' title='bbox 1315 271 1407 312; x_wconf 86' lang='lat' dir='ltr'>Scis</span> <span class='ocrx_word' id='word_1_21' title='bbox 1434 269 1627 336; x_wconf 75' lang='lat' dir='ltr'>Appium</span> 
     </span>
     <span class='ocr_line' id='line_1_4' title="bbox 199 326 1627 384; baseline -0.001 -14"><span class='ocrx_word' id='word_1_22' title='bbox 199 343 418 381; x_wconf 77' lang='lat' dir='ltr'>censoiem</span> <span class='ocrx_word' id='word_1_23' title='bbox 442 331 513 372; x_wconf 90' lang='lat' dir='ltr'>hic</span> <span class='ocrx_word' id='word_1_24' title='bbox 535 338 704 371; x_wconf 84' lang='lat' dir='ltr'>ostenta</span> <span class='ocrx_word' id='word_1_25' title='bbox 727 329 894 371; x_wconf 81' lang='lat' dir='ltr'>facere?</span> <span class='ocrx_word' id='word_1_26' title='bbox 924 330 977 370; x_wconf 90' lang='lat' dir='ltr'>de</span> <span class='ocrx_word' id='word_1_27' title='bbox 1007 329 1140 384; x_wconf 83' lang='lat' dir='ltr'>signis</span> <span class='ocrx_word' id='word_1_28' title='bbox 1174 338 1217 369; x_wconf 89' lang='lat' dir='ltr'>et</span> <span class='ocrx_word' id='word_1_29' title='bbox 1251 326 1421 378; x_wconf 81' lang='lat' dir='ltr'>tabulis,</span> <span class='ocrx_word' id='word_1_30' title='bbox 1453 328 1505 367; x_wconf 88' lang='lat' dir='ltr'>de</span> <span class='ocrx_word' id='word_1_31' title='bbox 1535 330 1627 383; x_wconf 84' lang='lat' dir='ltr'>agri</span> 
     </span>
     <span class='ocr_line' id='line_1_5' title="bbox 199 384 1628 443; baseline -0.002 -17"><span class='ocrx_word' id='word_1_32' title='bbox 199 387 345 438; x_wconf 88' lang='lat' dir='ltr'>modo,</span> <span class='ocrx_word' id='word_1_33' title='bbox 364 389 417 429; x_wconf 87' lang='lat' dir='ltr'>de</span> <span class='ocrx_word' id='word_1_34' title='bbox 436 401 518 429; x_wconf 87' lang='lat' dir='ltr'>aere</span> <span class='ocrx_word' id='word_1_35' title='bbox 534 386 672 428; x_wconf 86' lang='lat' dir='ltr'>alieno</span> <span class='ocrx_word' id='word_1_36' title='bbox 696 387 900 428; x_wconf 79' lang='lat' dir='ltr'>acerrime</span> <span class='ocrx_word' id='word_1_37' title='bbox 922 388 1076 443; x_wconf 78' lang='lat' dir='ltr'>agere?</span> <span class='ocrx_word' id='word_1_38' title='bbox 1109 385 1362 426; x_wconf 79' lang='lat' dir='ltr'>Peisuasum</span> <span class='ocrx_word' id='word_1_39' title='bbox 1378 392 1442 424; x_wconf 84' lang='lat' dir='ltr'>est</span> <span class='ocrx_word' id='word_1_40' title='bbox 1458 384 1512 434; x_wconf 86' lang='lat' dir='ltr'>ei,</span> <span class='ocrx_word' id='word_1_41' title='bbox 1529 399 1628 424; x_wconf 90' lang='lat' dir='ltr'>cen-</span> 
     </span>
     <span class='ocr_line' id='line_1_6' title="bbox 201 415 1625 501; baseline -0.001 -18"><span class='ocrx_word' id='word_1_42' title='bbox 201 458 356 501; x_wconf 85' lang='lat' dir='ltr'>suram,</span> <span class='ocrx_word' id='word_1_43' title='bbox 398 444 634 486; x_wconf 84' lang='lat' dir='ltr'>lomentum</span> <span class='ocrx_word' id='word_1_44' title='bbox 677 453 751 484; x_wconf 85' lang='lat' dir='ltr'>aut</span> <span class='ocrx_word' id='word_1_45' title='bbox 793 419 975 484; x_wconf 65' lang='lat' dir='ltr'>nitrum0</span> <span class='ocrx_word' id='word_1_46' title='bbox 985 457 1089 484; x_wconf 90' lang='lat' dir='ltr'>esse</span> <span class='ocrx_word' id='word_1_47' title='bbox 1127 456 1264 484; x_wconf 75' lang='lat' dir='ltr'>entare</span> <span class='ocrx_word' id='word_1_48' title='bbox 1297 439 1402 481; x_wconf 82' lang='lat' dir='ltr'>mihi</span> <span class='ocrx_word' id='word_1_49' title='bbox 1445 415 1625 482; x_wconf 78' lang='lat' dir='ltr'>videtur,</span> 
     </span>
     <span class='ocr_line' id='line_1_7' title="bbox 201 496 1626 553; baseline -0.002 -13"><span class='ocrx_word' id='word_1_50' title='bbox 201 496 321 540; x_wconf 87' lang='lat' dir='ltr'>Nam</span> <span class='ocrx_word' id='word_1_51' title='bbox 335 501 477 541; x_wconf 87' lang='lat' dir='ltr'>sordes</span> <span class='ocrx_word' id='word_1_52' title='bbox 499 500 638 540; x_wconf 90' lang='lat' dir='ltr'>eluere</span> <span class='ocrx_word' id='word_1_53' title='bbox 660 500 774 552; x_wconf 82' lang='lat' dir='ltr'>vult3</span> <span class='ocrx_word' id='word_1_54' title='bbox 807 514 933 541; x_wconf 80' lang='lat' dir='ltr'>venas</span> <span class='ocrx_word' id='word_1_55' title='bbox 953 500 1033 540; x_wconf 87' lang='lat' dir='ltr'>sibi</span> <span class='ocrx_word' id='word_1_56' title='bbox 1057 514 1206 540; x_wconf 89' lang='lat' dir='ltr'>omnes</span> <span class='ocrx_word' id='word_1_57' title='bbox 1226 508 1268 539; x_wconf 91' lang='lat' dir='ltr'>et</span> <span class='ocrx_word' id='word_1_58' title='bbox 1292 498 1453 538; x_wconf 82' lang='lat' dir='ltr'>viscera</span> <span class='ocrx_word' id='word_1_59' title='bbox 1474 498 1626 553; x_wconf 86' lang='lat' dir='ltr'>aperit.</span> 
     </span>
     <span class='ocr_line' id='line_1_8' title="bbox 197 533 1625 612; baseline 0 -16"><span class='ocrx_word' id='word_1_60' title='bbox 197 555 348 607; x_wconf 82' lang='lat' dir='ltr'>Curre,</span> <span class='ocrx_word' id='word_1_61' title='bbox 370 571 444 612; x_wconf 81' lang='lat' dir='ltr'>per</span> <span class='ocrx_word' id='word_1_62' title='bbox 465 557 603 598; x_wconf 87' lang='lat' dir='ltr'>deos</span> <span class='ocrx_word' id='word_1_63' title='bbox 591 567 721 612; x_wconf 85' lang='lat' dir='ltr'>atque</span> <span class='ocrx_word' id='word_1_64' title='bbox 743 533 955 607; x_wconf 51' lang='lat' dir='ltr'>nomines,</span> <span class='ocrx_word' id='word_1_65' title='bbox 970 567 1014 597; x_wconf 92' lang='lat' dir='ltr'>et</span> <span class='ocrx_word' id='word_1_66' title='bbox 1032 571 1157 611; x_wconf 89' lang='lat' dir='ltr'>quam</span> <span class='ocrx_word' id='word_1_67' title='bbox 1184 569 1368 612; x_wconf 77' lang='lat' dir='ltr'>pinnum</span> <span class='ocrx_word' id='word_1_68' title='bbox 1382 554 1476 594; x_wconf 87' lang='lat' dir='ltr'>haec</span> <span class='ocrx_word' id='word_1_69' title='bbox 1494 555 1625 596; x_wconf 87' lang='lat' dir='ltr'>risum</span> 
     </span>
     <span class='ocr_line' id='line_1_9' title="bbox 199 610 1625 678; baseline -0.002 -25"><span class='ocrx_word' id='word_1_70' title='bbox 199 613 318 654; x_wconf 89' lang='lat' dir='ltr'>veni:</span> <span class='ocrx_word' id='word_1_71' title='bbox 353 612 459 669; x_wconf 84' lang='lat' dir='ltr'>legis</span> <span class='ocrx_word' id='word_1_72' title='bbox 494 614 729 655; x_wconf 85' lang='lat' dir='ltr'>Scantiniae</span> <span class='ocrx_word' id='word_1_73' title='bbox 754 614 975 678; x_wconf 29' lang='lat' dir='ltr'>‘judicium</span> <span class='ocrx_word' id='word_1_74' title='bbox 1011 614 1123 669; x_wconf 84' lang='lat' dir='ltr'>apud</span> <span class='ocrx_word' id='word_1_75' title='bbox 1160 612 1350 654; x_wconf 79' lang='lat' dir='ltr'>Diusum</span> <span class='ocrx_word' id='word_1_76' title='bbox 1385 611 1500 652; x_wconf 87' lang='lat' dir='ltr'>fieri:</span> <span class='ocrx_word' id='word_1_77' title='bbox 1533 610 1625 667; x_wconf 86' lang='lat' dir='ltr'>Ap-</span> 
     </span>
     <span class='ocr_line' id='line_1_10' title="bbox 197 669 1623 732; baseline 0.001 -23"><span class='ocrx_word' id='word_1_78' title='bbox 197 669 312 724; x_wconf 91' lang='lat' dir='ltr'>pium</span> <span class='ocrx_word' id='word_1_79' title='bbox 334 670 386 711; x_wconf 89' lang='lat' dir='ltr'>de</span> <span class='ocrx_word' id='word_1_80' title='bbox 409 670 565 712; x_wconf 85' lang='lat' dir='ltr'>tabulis</span> <span class='ocrx_word' id='word_1_81' title='bbox 588 681 631 711; x_wconf 93' lang='lat' dir='ltr'>et</span> <span class='ocrx_word' id='word_1_82' title='bbox 653 671 786 727; x_wconf 88' lang='lat' dir='ltr'>signis</span> <span class='ocrx_word' id='word_1_83' title='bbox 809 684 948 726; x_wconf 67' lang='lat' dir='ltr'>agere</span> <span class='ocrx_word' id='word_1_84' title='bbox 1011 669 1148 711; x_wconf 82' lang='lat' dir='ltr'><strong>Crede</strong></span> <span class='ocrx_word' id='word_1_85' title='bbox 1168 670 1288 732; x_wconf 72' lang='lat' dir='ltr'>mihi³</span> <span class='ocrx_word' id='word_1_86' title='bbox 1306 678 1369 709; x_wconf 89' lang='lat' dir='ltr'>est</span> <span class='ocrx_word' id='word_1_87' title='bbox 1393 681 1623 723; x_wconf 85' lang='lat' dir='ltr'>properan-</span> 
     </span>
     <span class='ocr_line' id='line_1_11' title="bbox 192 704 1622 783; baseline 0.001 -18"><span class='ocrx_word' id='word_1_88' title='bbox 192 725 309 766; x_wconf 85' lang='lat' dir='ltr'>dum.</span> <span class='ocrx_word' id='word_1_89' title='bbox 371 726 503 768; x_wconf 88' lang='lat' dir='ltr'>Cu1i0</span> <span class='ocrx_word' id='word_1_90' title='bbox 526 737 669 769; x_wconf 84' lang='lat' dir='ltr'>noste1</span> <span class='ocrx_word' id='word_1_91' title='bbox 690 704 916 783; x_wconf 54' lang='lat' dir='ltr'>sapierfter</span> <span class='ocrx_word' id='word_1_92' title='bbox 941 726 980 767; x_wconf 92' lang='lat' dir='ltr'>id</span> <span class='ocrx_word' id='word_1_93' title='bbox 1004 728 1119 781; x_wconf 85' lang='lat' dir='ltr'>quod</span> <span class='ocrx_word' id='word_1_94' title='bbox 1148 726 1311 767; x_wconf 78' lang='lat' dir='ltr'>remisit</span> <span class='ocrx_word' id='word_1_95' title='bbox 1333 725 1384 766; x_wconf 88' lang='lat' dir='ltr'>de</span> <span class='ocrx_word' id='word_1_96' title='bbox 1408 725 1622 780; x_wconf 79' lang='lat' dir='ltr'>stipendio</span> 
     </span>
     <span class='ocr_line' id='line_1_12' title="bbox 195 780 1623 838; baseline 0.001 -16"><span class='ocrx_word' id='word_1_97' title='bbox 195 780 409 838; x_wconf 89' lang='lat' dir='ltr'>Pompeii,</span> <span class='ocrx_word' id='word_1_98' title='bbox 433 784 583 825; x_wconf 81' lang='lat' dir='ltr'>fecisse</span> <span class='ocrx_word' id='word_1_99' title='bbox 616 784 901 826; x_wconf 82' lang='lat' dir='ltr'>existimatur.</span> <span class='ocrx_word' id='word_1_100' title='bbox 962 783 1031 825; x_wconf 84' lang='lat' dir='ltr'>Ad</span> <span class='ocrx_word' id='word_1_101' title='bbox 1062 798 1286 834; x_wconf 85' lang='lat' dir='ltr'>summam,</span> <span class='ocrx_word' id='word_1_102' title='bbox 1316 783 1487 838; x_wconf 70' lang='lat' dir='ltr'>quaeris,</span> <span class='ocrx_word' id='word_1_103' title='bbox 1519 783 1623 836; x_wconf 87' lang='lat' dir='ltr'>quid</span> 
     </span>
     <span class='ocr_line' id='line_1_13' title="bbox 192 838 1624 894; baseline 0.001 -16"><span class='ocrx_word' id='word_1_104' title='bbox 192 847 338 894; x_wconf 87' lang='lat' dir='ltr'>putem</span> <span class='ocrx_word' id='word_1_105' title='bbox 363 841 569 884; x_wconf 70' lang='lat' dir='ltr'>1⁰·utu1um.</span> <span class='ocrx_word' id='word_1_106' title='bbox 622 842 667 883; x_wconf 90' lang='lat' dir='ltr'>Si</span> <span class='ocrx_word' id='word_1_107' title='bbox 687 842 889 882; x_wconf 82' lang='lat' dir='ltr'>alteruter</span> <span class='ocrx_word' id='word_1_108' title='bbox 921 855 1065 881; x_wconf 85' lang='lat' dir='ltr'>eorum</span> <span class='ocrx_word' id='word_1_109' title='bbox 1099 841 1150 881; x_wconf 88' lang='lat' dir='ltr'>ad</span> <span class='ocrx_word' id='word_1_110' title='bbox 1184 839 1432 881; x_wconf 85' lang='lat' dir='ltr'>Parthicum</span> <span class='ocrx_word' id='word_1_111' title='bbox 1466 838 1624 880; x_wconf 88' lang='lat' dir='ltr'>bellum</span> 
     </span>
     <span class='ocr_line' id='line_1_14' title="bbox 192 896 1623 962; baseline 0 -26"><span class='ocrx_word' id='word_1_112' title='bbox 192 910 277 936; x_wconf 89' lang='lat' dir='ltr'>non</span> <span class='ocrx_word' id='word_1_113' title='bbox 308 905 391 948; x_wconf 86' lang='lat' dir='ltr'>eat,</span> <span class='ocrx_word' id='word_1_114' title='bbox 423 899 546 939; x_wconf 87' lang='lat' dir='ltr'>video</span> <span class='ocrx_word' id='word_1_115' title='bbox 584 912 760 954; x_wconf 80' lang='lat' dir='ltr'>magnas</span> <span class='ocrx_word' id='word_1_116' title='bbox 790 898 1035 962; x_wconf 80' lang='lat' dir='ltr'><strong>impendere</strong></span> <span class='ocrx_word' id='word_1_117' title='bbox 1057 898 1306 961; x_wconf 85' lang='lat' dir='ltr'>discordias,</span> <span class='ocrx_word' id='word_1_118' title='bbox 1329 911 1433 952; x_wconf 84' lang='lat' dir='ltr'>quas</span> <span class='ocrx_word' id='word_1_119' title='bbox 1464 896 1623 937; x_wconf 82' lang='lat' dir='ltr'>ferrum</span> 
     </span>
     <span class='ocr_line' id='line_1_15' title="bbox 191 932 1622 1011; baseline 0.001 -19"><span class='ocrx_word' id='word_1_120' title='bbox 191 962 234 992; x_wconf 87' lang='lat' dir='ltr'>et</span> <span class='ocrx_word' id='word_1_121' title='bbox 257 953 319 994; x_wconf 88' lang='lat' dir='ltr'>vis</span> <span class='ocrx_word' id='word_1_122' title='bbox 335 954 567 1009; x_wconf 83' lang='lat' dir='ltr'>judicabit.</span> <span class='ocrx_word' id='word_1_123' title='bbox 629 932 820 1011; x_wconf 55' lang='grc' dir='ltr'>Ηῦῑειςυε</span> <span class='ocrx_word' id='word_1_124' title='bbox 850 970 993 996; x_wconf 77' lang='lat' dir='ltr'>animo</span> <span class='ocrx_word' id='word_1_125' title='bbox 1019 965 1061 996; x_wconf 87' lang='lat' dir='ltr'>et</span> <span class='ocrx_word' id='word_1_126' title='bbox 1084 955 1221 1010; x_wconf 85' lang='lat' dir='ltr'>copiis</span> <span class='ocrx_word' id='word_1_127' title='bbox 1243 963 1307 995; x_wconf 85' lang='lat' dir='ltr'>est</span> <span class='ocrx_word' id='word_1_128' title='bbox 1329 962 1516 1009; x_wconf 72' lang='lat' dir='ltr'>pai-‚atus</span> <span class='ocrx_word' id='word_1_129' title='bbox 1576 953 1622 994; x_wconf 87' lang='lat' dir='ltr'>Si</span> 
     </span>
     <span class='ocr_line' id='line_1_16' title="bbox 191 1009 1752 1069; baseline 0.002 -21"><span class='ocrx_word' id='word_1_130' title='bbox 191 1009 281 1049; x_wconf 85' lang='lat' dir='ltr'>sine</span> <span class='ocrx_word' id='word_1_131' title='bbox 316 1019 388 1051; x_wconf 93' lang='lat' dir='ltr'>tuo</span> <span class='ocrx_word' id='word_1_132' title='bbox 414 1013 602 1067; x_wconf 75' lang='lat' dir='ltr'>peiiculo</span> <span class='ocrx_word' id='word_1_133' title='bbox 634 1012 723 1053; x_wconf 79' lang='lat' dir='ltr'>fieri</span> <span class='ocrx_word' id='word_1_134' title='bbox 759 1022 919 1069; x_wconf 82' lang='lat' dir='ltr'>posset,</span> <span class='ocrx_word' id='word_1_135' title='bbox 940 1013 974 1043; x_wconf 82' lang='lat'>61</span> <span class='ocrx_word' id='word_1_136' title='bbox 994 1026 1200 1068; x_wconf 83' lang='lat' dir='ltr'>magnum</span> <span class='ocrx_word' id='word_1_137' title='bbox 1222 1010 1519 1067; x_wconf 87' lang='lat' dir='ltr'>etjucundum</span> <span class='ocrx_word' id='word_1_138' title='bbox 1542 1010 1665 1055; x_wconf 81' lang='lat' dir='ltr'>tibip</span> <span class='ocrx_word' id='word_1_139' title='bbox 1685 1018 1752 1047; x_wconf 84' lang='lat'>124</span> 
     </span>
     <span class='ocr_line' id='line_1_17' title="bbox 191 1067 1664 1126; baseline -0.001 -16"><span class='ocrx_word' id='word_1_140' title='bbox 191 1069 365 1110; x_wconf 85' lang='lat' dir='ltr'>f01tuna</span> <span class='ocrx_word' id='word_1_141' title='bbox 387 1070 678 1124; x_wconf 84' lang='lat' dir='ltr'>spectaculum</span> <span class='ocrx_word' id='word_1_142' title='bbox 703 1070 894 1126; x_wconf 62' lang='lat' dir='ltr'>patabat.</span> <span class='ocrx_word' id='word_1_143' title='bbox 1632 1067 1664 1090; x_wconf 55' lang='grc' dir='ltr'>ὃ·</span> 
     </span>
    </p>
   </div>
   <div class='ocr_carea' id='block_1_3' title="bbox 703 1159 1105 1196">
    <p class='ocr_par' dir='ltr' id='par_1_3' title="bbox 703 1159 1105 1196">
     <span class='ocr_line' id='line_1_18' title="bbox 703 1159 1105 1196; baseline -0.002 0"><span class='ocrx_word' id='word_1_144' title='bbox 703 1159 1105 1196; x_wconf 83' lang='lat' dir='ltr'><strong>ARGUMENTUM.</strong></span> 
     </span>
    </p>
   </div>
   <div class='ocr_carea' id='block_1_4' title="bbox 206 1219 1602 1321">
    <p class='ocr_par' dir='ltr' id='par_1_4' title="bbox 206 1219 1602 1321">
     <span class='ocr_line' id='line_1_19' title="bbox 206 1219 1602 1270; baseline 0.001 -15"><span class='ocrx_word' id='word_1_145' title='bbox 206 1219 420 1269; x_wconf 78' lang='lat' dir='ltr'>Pompeium</span> <span class='ocrx_word' id='word_1_146' title='bbox 438 1224 634 1270; x_wconf 78' lang='lat' dir='ltr'>vituperat,</span> <span class='ocrx_word' id='word_1_147' title='bbox 657 1223 832 1258; x_wconf 76' lang='lat' dir='ltr'>Caesarem</span> <span class='ocrx_word' id='word_1_148' title='bbox 850 1222 1001 1257; x_wconf 78' lang='lat' dir='ltr'>laudat:</span> <span class='ocrx_word' id='word_1_149' title='bbox 1031 1222 1181 1269; x_wconf 75' lang='lat' dir='ltr'>cupidus</span> <span class='ocrx_word' id='word_1_150' title='bbox 1200 1221 1430 1257; x_wconf 66' lang='lat' dir='ltr'>conveniendi</span> <span class='ocrx_word' id='word_1_151' title='bbox 1447 1222 1483 1256; x_wconf 75' lang='grc' dir='ltr'>εἰ</span> <span class='ocrx_word' id='word_1_152' title='bbox 1500 1220 1602 1256; x_wconf 82' lang='lat' dir='ltr'>adlo-</span> 
     </span>
     <span class='ocr_line' id='line_1_20' title="bbox 305 1273 1507 1321; baseline 0.001 -13"><span class='ocrx_word' id='word_1_153' title='bbox 305 1274 436 1320; x_wconf 79' lang='lat' dir='ltr'>quendi</span> <span class='ocrx_word' id='word_1_154' title='bbox 456 1274 635 1310; x_wconf 78' lang='lat' dir='ltr'><em>Ciceronis</em></span> <span class='ocrx_word' id='word_1_155' title='bbox 646 1289 659 1314; x_wconf 91' lang='lat'><em>;</em></span> <span class='ocrx_word' id='word_1_156' title='bbox 689 1276 732 1310; x_wconf 79' lang='lat' dir='ltr'>de</span> <span class='ocrx_word' id='word_1_157' title='bbox 751 1275 878 1309; x_wconf 74' lang='lat' dir='ltr'>itinere</span> <span class='ocrx_word' id='word_1_158' title='bbox 896 1274 944 1308; x_wconf 81' lang='lat' dir='ltr'>acl</span> <span class='ocrx_word' id='word_1_159' title='bbox 961 1273 1086 1321; x_wconf 79' lang='lat' dir='ltr'>Alpes,</span> <span class='ocrx_word' id='word_1_160' title='bbox 1107 1277 1141 1308; x_wconf 80' lang='lat' dir='ltr'>et</span> <span class='ocrx_word' id='word_1_161' title='bbox 1161 1273 1332 1309; x_wconf 76' lang='lat' dir='ltr'>Domitio</span> <span class='ocrx_word' id='word_1_162' title='bbox 1351 1274 1507 1310; x_wconf 62' lang='lat' dir='ltr'>dimissa</span> 
     </span>
    </p>
   </div>
   <div class='ocr_carea' id='block_1_5' title="bbox 192 1338 1624 1464">
    <p class='ocr_par' dir='ltr' id='par_1_5' title="bbox 192 1338 1624 1464">
     <span class='ocr_line' id='line_1_21' title="bbox 574 1338 1249 1391; baseline -0.003 -9"><span class='ocrx_word' id='word_1_163' title='bbox 574 1339 816 1382; x_wconf 89' lang='lat' dir='ltr'>COELIUS</span> <span class='ocrx_word' id='word_1_164' title='bbox 850 1338 1172 1391; x_wconf 87' lang='lat' dir='ltr'>CICERONI,</span> <span class='ocrx_word' id='word_1_165' title='bbox 1204 1340 1249 1381; x_wconf 89' lang='lat' dir='ltr'>S.</span> 
     </span>
     <span class='ocr_line' id='line_1_22' title="bbox 192 1393 1624 1464; baseline 0.001 -18"><span class='ocrx_word' id='word_1_166' title='bbox 192 1393 556 1454; x_wconf 85' lang='lat' dir='ltr'><strong>ECQUANDO</strong></span> <span class='ocrx_word' id='word_1_167' title='bbox 590 1418 635 1449; x_wconf 90' lang='lat' dir='ltr'>tu</span> <span class='ocrx_word' id='word_1_168' title='bbox 665 1408 885 1450; x_wconf 89' lang='lat' dir='ltr'>hominem</span> <span class='ocrx_word' id='word_1_169' title='bbox 924 1407 1195 1464; x_wconf 82' lang='lat' dir='ltr'>ineptiorem,</span> <span class='ocrx_word' id='word_1_170' title='bbox 1228 1422 1357 1462; x_wconf 85' lang='lat' dir='ltr'>quam</span> <span class='ocrx_word' id='word_1_171' title='bbox 1390 1416 1511 1448; x_wconf 91' lang='lat' dir='ltr'>tuum</span> <span class='ocrx_word' id='word_1_172' title='bbox 1542 1405 1624 1448; x_wconf 89' lang='lat' dir='ltr'>Cn.</span> 
     </span>
    </p>
   </div>
   <div class='ocr_carea' id='block_1_6' title="bbox 191 1465 1628 1862">
    <p class='ocr_par' dir='ltr' id='par_1_6' title="bbox 191 1465 1628 1862">
     <span class='ocr_line' id='line_1_23' title="bbox 193 1465 1626 1521; baseline -0.001 -15"><span class='ocrx_word' id='word_1_173' title='bbox 193 1465 449 1520; x_wconf 82' lang='lat' dir='ltr'>Pompeium</span> <span class='ocrx_word' id='word_1_174' title='bbox 474 1465 634 1516; x_wconf 79' lang='lat' dir='ltr'>vidisti,</span> <span class='ocrx_word' id='word_1_175' title='bbox 667 1466 740 1521; x_wconf 90' lang='lat' dir='ltr'>qui</span> <span class='ocrx_word' id='word_1_176' title='bbox 775 1475 914 1506; x_wconf 82' lang='lat' dir='ltr'>tantas</span> <span class='ocrx_word' id='word_1_177' title='bbox 946 1466 1107 1516; x_wconf 82' lang='lat' dir='ltr'><strong>turbas,</strong></span> <span class='ocrx_word' id='word_1_178' title='bbox 1128 1465 1169 1495; x_wconf 73' lang='lat'>62</span> <span class='ocrx_word' id='word_1_179' title='bbox 1181 1467 1254 1519; x_wconf 74' lang='lat' dir='ltr'>qui</span> <span class='ocrx_word' id='word_1_180' title='bbox 1281 1474 1368 1505; x_wconf 84' lang='lat' dir='ltr'>tam</span> <span class='ocrx_word' id='word_1_181' title='bbox 1393 1479 1538 1521; x_wconf 84' lang='lat' dir='ltr'>nugax</span> <span class='ocrx_word' id='word_1_182' title='bbox 1561 1478 1626 1504; x_wconf 89' lang='lat' dir='ltr'>es-</span> 
     </span>
     <span class='ocr_line' id='line_1_24' title="bbox 192 1521 1627 1578; baseline -0.001 -15"><span class='ocrx_word' id='word_1_183' title='bbox 192 1532 269 1574; x_wconf 85' lang='lat' dir='ltr'>set,</span> <span class='ocrx_word' id='word_1_184' title='bbox 292 1523 548 1564; x_wconf 85' lang='lat' dir='ltr'>commorit?</span> <span class='ocrx_word' id='word_1_185' title='bbox 581 1521 772 1578; x_wconf 84' lang='lat' dir='ltr'>Ecquem</span> <span class='ocrx_word' id='word_1_186' title='bbox 805 1533 948 1563; x_wconf 83' lang='lat' dir='ltr'>autem</span> <span class='ocrx_word' id='word_1_187' title='bbox 980 1521 1152 1563; x_wconf 86' lang='lat' dir='ltr'>Caesare</span> <span class='ocrx_word' id='word_1_188' title='bbox 1187 1531 1335 1562; x_wconf 85' lang='lat' dir='ltr'>nostlo</span> <span class='ocrx_word' id='word_1_189' title='bbox 1364 1521 1404 1551; x_wconf 83' lang='lat'>63</span> <span class='ocrx_word' id='word_1_190' title='bbox 1418 1522 1627 1562; x_wconf 74' lang='lat' dir='ltr'>acniorem</span> 
     </span>
     <span class='ocr_line' id='line_1_25' title="bbox 194 1578 1627 1635; baseline -0.001 -16"><span class='ocrx_word' id='word_1_191' title='bbox 194 1579 236 1620; x_wconf 91' lang='lat' dir='ltr'>in</span> <span class='ocrx_word' id='word_1_192' title='bbox 259 1579 385 1620; x_wconf 88' lang='lat' dir='ltr'>rebus</span> <span class='ocrx_word' id='word_1_193' title='bbox 411 1579 631 1635; x_wconf 80' lang='lat' dir='ltr'>gerendis3</span> <span class='ocrx_word' id='word_1_194' title='bbox 662 1581 814 1621; x_wconf 85' lang='lat' dir='ltr'>eodem</span> <span class='ocrx_word' id='word_1_195' title='bbox 833 1580 931 1619; x_wconf 77' lang='lat' dir='ltr'><strong>64jn</strong></span> <span class='ocrx_word' id='word_1_196' title='bbox 957 1579 1137 1619; x_wconf 82' lang='lat' dir='ltr'>victoria</span> <span class='ocrx_word' id='word_1_197' title='bbox 1159 1578 1521 1634; x_wconf 84' lang='lat' dir='ltr'>temperatiorem,</span> <span class='ocrx_word' id='word_1_198' title='bbox 1552 1586 1627 1618; x_wconf 87' lang='lat' dir='ltr'>aut</span> 
     </span>
     <span class='ocr_line' id='line_1_26' title="bbox 191 1634 1626 1701; baseline -0.001 -25"><span class='ocrx_word' id='word_1_199' title='bbox 191 1635 348 1701; x_wconf 85' lang='lat' dir='ltr'>legisti,</span> <span class='ocrx_word' id='word_1_200' title='bbox 387 1645 462 1677; x_wconf 84' lang='lat' dir='ltr'>aut</span> <span class='ocrx_word' id='word_1_201' title='bbox 493 1636 678 1678; x_wconf 81' lang='lat' dir='ltr'>audisti?</span> <span class='ocrx_word' id='word_1_202' title='bbox 709 1636 748 1667; x_wconf 76' lang='lat'>65</span> <span class='ocrx_word' id='word_1_203' title='bbox 763 1636 880 1683; x_wconf 83' lang='lat' dir='ltr'>Quid</span> <span class='ocrx_word' id='word_1_204' title='bbox 910 1639 1002 1677; x_wconf 84' lang='lat' dir='ltr'>est?</span> <span class='ocrx_word' id='word_1_205' title='bbox 1033 1650 1148 1676; x_wconf 88' lang='lat' dir='ltr'>nunc</span> <span class='ocrx_word' id='word_1_206' title='bbox 1185 1636 1263 1676; x_wconf 89' lang='lat' dir='ltr'>tibi</span> <span class='ocrx_word' id='word_1_207' title='bbox 1296 1635 1431 1676; x_wconf 75' lang='lat' dir='ltr'>nosni</span> <span class='ocrx_word' id='word_1_208' title='bbox 1454 1634 1626 1685; x_wconf 86' lang='lat' dir='ltr'>milites,</span> 
     </span>
     <span class='ocr_line' id='line_1_27' title="bbox 192 1692 1628 1749; baseline -0.002 -15"><span class='ocrx_word' id='word_1_209' title='bbox 192 1693 265 1748; x_wconf 89' lang='lat' dir='ltr'>qui</span> <span class='ocrx_word' id='word_1_210' title='bbox 287 1693 524 1736; x_wconf 71' lang='lat' dir='ltr'>dunissimis</span> <span class='ocrx_word' id='word_1_211' title='bbox 546 1702 589 1733; x_wconf 89' lang='lat' dir='ltr'>et</span> <span class='ocrx_word' id='word_1_212' title='bbox 608 1693 898 1749; x_wconf 71' lang='lat' dir='ltr'>fnigidissimis</span> <span class='ocrx_word' id='word_1_213' title='bbox 921 1692 1040 1743; x_wconf 89' lang='lat' dir='ltr'>locis,</span> <span class='ocrx_word' id='word_1_214' title='bbox 1063 1693 1282 1733; x_wconf 79' lang='lat' dir='ltr'>teterrima</span> <span class='ocrx_word' id='word_1_215' title='bbox 1299 1692 1455 1743; x_wconf 83' lang='lat' dir='ltr'>hieme,</span> <span class='ocrx_word' id='word_1_216' title='bbox 1470 1692 1628 1732; x_wconf 88' lang='lat' dir='ltr'>bellum</span> 
     </span>
     <span class='ocr_line' id='line_1_28' title="bbox 191 1749 1628 1804; baseline -0.002 -13"><span class='ocrx_word' id='word_1_217' title='bbox 191 1749 451 1791; x_wconf 80' lang='lat' dir='ltr'>ambulando</span> <span class='ocrx_word' id='word_1_218' title='bbox 473 1749 767 1800; x_wconf 81' lang='lat' dir='ltr'>confecerunt,</span> <span class='ocrx_word' id='word_1_219' title='bbox 789 1750 911 1790; x_wconf 85' lang='lat' dir='ltr'>malis</span> <span class='ocrx_word' id='word_1_220' title='bbox 935 1750 1184 1790; x_wconf 84' lang='lat' dir='ltr'>orbiculatis</span> <span class='ocrx_word' id='word_1_221' title='bbox 1206 1764 1297 1789; x_wconf 80' lang='lat' dir='ltr'>esse</span> <span class='ocrx_word' id='word_1_222' title='bbox 1319 1749 1430 1804; x_wconf 85' lang='lat' dir='ltr'>pasti</span> <span class='ocrx_word' id='word_1_223' title='bbox 1454 1749 1628 1790; x_wconf 83' lang='lat' dir='ltr'>videan-</span> 
     </span>
     <span class='ocr_line' id='line_1_29' title="bbox 193 1806 1628 1862; baseline -0.001 -14"><span class='ocrx_word' id='word_1_224' title='bbox 193 1815 274 1848; x_wconf 83' lang='lat' dir='ltr'>tur.</span> <span class='ocrx_word' id='word_1_225' title='bbox 320 1807 361 1837; x_wconf 83' lang='lat'>66</span> <span class='ocrx_word' id='word_1_226' title='bbox 375 1806 615 1862; x_wconf 84' lang='lat' dir='ltr'>Quidjam,</span> <span class='ocrx_word' id='word_1_227' title='bbox 637 1807 808 1862; x_wconf 79' lang='lat' dir='ltr'>inquis?</span> <span class='ocrx_word' id='word_1_228' title='bbox 841 1806 1040 1848; x_wconf 88' lang='lat' dir='ltr'>Gloriose</span> <span class='ocrx_word' id='word_1_229' title='bbox 1063 1806 1222 1847; x_wconf 81' lang='lat' dir='ltr'>onmia.</span> <span class='ocrx_word' id='word_1_230' title='bbox 1283 1806 1327 1846; x_wconf 82' lang='lat' dir='ltr'>Si</span> <span class='ocrx_word' id='word_1_231' title='bbox 1352 1820 1476 1857; x_wconf 83' lang='lat' dir='ltr'>scias,</span> <span class='ocrx_word' id='word_1_232' title='bbox 1498 1819 1628 1861; x_wconf 86' lang='lat' dir='ltr'>quam</span> 
     </span>
    </p>
   </div>
   <div class='ocr_carea' id='block_1_7' title="bbox 1637 1150 1685 1186">
    <p class='ocr_par' dir='ltr' id='par_1_7' title="bbox 1637 1150 1685 1186">
     <span class='ocr_line' id='line_1_30' title="bbox 1637 1150 1685 1186; baseline 0.021 -1"><span class='ocrx_word' id='word_1_233' title='bbox 1637 1150 1685 1186; x_wconf 67' lang='lat'>15</span> 
     </span>
    </p>
   </div>
   <div class='ocr_carea' id='block_1_8' title="bbox 183 1958 891 2883">
    <p class='ocr_par' dir='ltr' id='par_1_8' title="bbox 183 1958 890 2116">
     <span class='ocr_line' id='line_1_31' title="bbox 233 1958 887 1998; baseline -0.002 -9"><span class='ocrx_word' id='word_1_234' title='bbox 233 1958 274 1989; x_wconf 88' lang='grc'>60</span> <span class='ocrx_word' id='word_1_235' title='bbox 295 1959 341 1988; x_wconf 80' lang='lat' dir='ltr'>ad</span> <span class='ocrx_word' id='word_1_236' title='bbox 365 1959 550 1997; x_wconf 79' lang='lat' dir='ltr'>eligendam</span> <span class='ocrx_word' id='word_1_237' title='bbox 564 1958 713 1998; x_wconf 76' lang='lat' dir='ltr'>partem]</span> <span class='ocrx_word' id='word_1_238' title='bbox 738 1959 793 1989; x_wconf 88' lang='lat' dir='ltr'>Sic</span> <span class='ocrx_word' id='word_1_239' title='bbox 823 1959 887 1989; x_wconf 87' lang='lat' dir='ltr'>Ms.</span> 
     </span>
     <span class='ocr_line' id='line_1_32' title="bbox 191 2001 890 2039; baseline -0.001 -8"><span class='ocrx_word' id='word_1_240' title='bbox 191 2001 253 2032; x_wconf 89' lang='lat' dir='ltr'>Gu.</span> <span class='ocrx_word' id='word_1_241' title='bbox 267 2001 413 2031; x_wconf 73' lang='lat' dir='ltr'>Graevius</span> <span class='ocrx_word' id='word_1_242' title='bbox 429 2012 446 2031; x_wconf 87' lang='lat' dir='ltr'>e</span> <span class='ocrx_word' id='word_1_243' title='bbox 463 2001 526 2030; x_wconf 86' lang='lat' dir='ltr'>Ms.</span> <span class='ocrx_word' id='word_1_244' title='bbox 543 2001 709 2038; x_wconf 80' lang='lat' dir='ltr'>Lambini,</span> <span class='ocrx_word' id='word_1_245' title='bbox 723 2002 890 2039; x_wconf 75' lang='lat' dir='ltr'>eligendas</span> 
     </span>
     <span class='ocr_line' id='line_1_33' title="bbox 183 2043 890 2083; baseline 0 -10"><span class='ocrx_word' id='word_1_246' title='bbox 183 2047 309 2083; x_wconf 81' lang='lat' dir='ltr'>partes.</span> <span class='ocrx_word' id='word_1_247' title='bbox 356 2043 465 2073; x_wconf 85' lang='lat' dir='ltr'>Etiam</span> <span class='ocrx_word' id='word_1_248' title='bbox 494 2043 580 2073; x_wconf 85' lang='lat' dir='ltr'>infra</span> <span class='ocrx_word' id='word_1_249' title='bbox 606 2054 657 2083; x_wconf 89' lang='lat' dir='ltr'>ep.</span> <span class='ocrx_word' id='word_1_250' title='bbox 689 2046 736 2077; x_wconf 90' lang='lat'>17.</span> <span class='ocrx_word' id='word_1_251' title='bbox 757 2047 890 2082; x_wconf 78' lang='lat' dir='ltr'>partem</span> 
     </span>
     <span class='ocr_line' id='line_1_34' title="bbox 189 2085 481 2116; baseline -0.003 0"><span class='ocrx_word' id='word_1_252' title='bbox 189 2085 234 2116; x_wconf 86' lang='lat' dir='ltr'>sie</span> <span class='ocrx_word' id='word_1_253' title='bbox 248 2085 331 2116; x_wconf 82' lang='lat' dir='ltr'>dixit</span> <span class='ocrx_word' id='word_1_254' title='bbox 348 2085 481 2115; x_wconf 81' lang='lat' dir='ltr'>Coelius.</span> 
     </span>
    </p>

    <p class='ocr_par' dir='ltr' id='par_1_9' title="bbox 185 2127 890 2368">
     <span class='ocr_line' id='line_1_35' title="bbox 232 2127 888 2167; baseline -0.002 -9"><span class='ocrx_word' id='word_1_255' title='bbox 232 2127 269 2158; x_wconf 88' lang='grc'>61</span> <span class='ocrx_word' id='word_1_256' title='bbox 289 2136 449 2165; x_wconf 80' lang='lat' dir='ltr'>magnum</span> <span class='ocrx_word' id='word_1_257' title='bbox 460 2127 681 2167; x_wconf 77' lang='lat' dir='ltr'>etjuczmdum</span> <span class='ocrx_word' id='word_1_258' title='bbox 693 2128 769 2167; x_wconf 83' lang='lat' dir='ltr'>&amp;c.]</span> <span class='ocrx_word' id='word_1_259' title='bbox 786 2127 888 2157; x_wconf 88' lang='lat' dir='ltr'>Nem-</span> 
     </span>
     <span class='ocr_line' id='line_1_36' title="bbox 190 2169 890 2209; baseline -0.001 -9"><span class='ocrx_word' id='word_1_260' title='bbox 190 2178 230 2209; x_wconf 89' lang='lat' dir='ltr'>pe</span> <span class='ocrx_word' id='word_1_261' title='bbox 245 2169 279 2199; x_wconf 94' lang='lat' dir='ltr'>in</span> <span class='ocrx_word' id='word_1_262' title='bbox 294 2169 508 2199; x_wconf 85' lang='lat' dir='ltr'>contentione</span> <span class='ocrx_word' id='word_1_263' title='bbox 536 2169 680 2209; x_wconf 86' lang='lat' dir='ltr'>Pompeii</span> <span class='ocrx_word' id='word_1_264' title='bbox 702 2175 737 2199; x_wconf 86' lang='lat' dir='ltr'>et</span> <span class='ocrx_word' id='word_1_265' title='bbox 753 2170 890 2200; x_wconf 79' lang='lat' dir='ltr'>Caesaris</span> 
     </span>
     <span class='ocr_line' id='line_1_37' title="bbox 191 2210 890 2251; baseline 0 -10"><span class='ocrx_word' id='word_1_266' title='bbox 191 2210 374 2251; x_wconf 83' lang='lat' dir='ltr'>periculosa</span> <span class='ocrx_word' id='word_1_267' title='bbox 390 2211 489 2250; x_wconf 80' lang='lat' dir='ltr'>ipsis3</span> <span class='ocrx_word' id='word_1_268' title='bbox 506 2211 593 2250; x_wconf 88' lang='lat' dir='ltr'>quod</span> <span class='ocrx_word' id='word_1_269' title='bbox 607 2221 665 2250; x_wconf 82' lang='lat' dir='ltr'>per</span> <span class='ocrx_word' id='word_1_270' title='bbox 678 2221 732 2242; x_wconf 81' lang='lat' dir='ltr'>eos</span> <span class='ocrx_word' id='word_1_271' title='bbox 748 2212 890 2243; x_wconf 82' lang='lat' dir='ltr'>maxime</span> 
     </span>
     <span class='ocr_line' id='line_1_38' title="bbox 191 2252 888 2292; baseline 0.001 -10"><span class='ocrx_word' id='word_1_272' title='bbox 191 2252 226 2282; x_wconf 90' lang='lat' dir='ltr'>in</span> <span class='ocrx_word' id='word_1_273' title='bbox 254 2253 388 2283; x_wconf 84' lang='lat' dir='ltr'>exilium</span> <span class='ocrx_word' id='word_1_274' title='bbox 410 2254 531 2292; x_wconf 79' lang='lat' dir='ltr'>ejectus</span> <span class='ocrx_word' id='word_1_275' title='bbox 552 2253 670 2284; x_wconf 77' lang='lat' dir='ltr'>fuerat.</span> <span class='ocrx_word' id='word_1_276' title='bbox 715 2252 777 2283; x_wconf 88' lang='lat' dir='ltr'>Ed.</span> <span class='ocrx_word' id='word_1_277' title='bbox 801 2253 888 2283; x_wconf 87' lang='lat' dir='ltr'>Med.</span> 
     </span>
     <span class='ocr_line' id='line_1_39' title="bbox 185 2295 890 2335; baseline 0 -10"><span class='ocrx_word' id='word_1_278' title='bbox 185 2296 323 2335; x_wconf 79' lang='lat' dir='ltr'>parabit</span> <span class='ocrx_word' id='word_1_279' title='bbox 333 2307 342 2324; x_wconf 84' lang='grc'>.-</span> <span class='ocrx_word' id='word_1_280' title='bbox 365 2295 441 2325; x_wconf 73' lang='lat' dir='ltr'>ferri</span> <span class='ocrx_word' id='word_1_281' title='bbox 456 2302 577 2335; x_wconf 86' lang='lat' dir='ltr'>posset,</span> <span class='ocrx_word' id='word_1_282' title='bbox 595 2296 621 2325; x_wconf 81' lang='lat' dir='ltr'>si</span> <span class='ocrx_word' id='word_1_283' title='bbox 637 2298 720 2325; x_wconf 85' lang='lat' dir='ltr'>esset</span> <span class='ocrx_word' id='word_1_284' title='bbox 735 2299 812 2326; x_wconf 84' lang='lat' dir='ltr'>ante</span> <span class='ocrx_word' id='word_1_285' title='bbox 818 2305 890 2335; x_wconf 77' lang='lat' dir='ltr'>pos-</span> 
     </span>
     <span class='ocr_line' id='line_1_40' title="bbox 190 2338 244 2368; baseline 0 -1"><span class='ocrx_word' id='word_1_286' title='bbox 190 2338 244 2368; x_wconf 75' lang='lat' dir='ltr'>sit.</span> 
     </span>
    </p>

    <p class='ocr_par' dir='ltr' id='par_1_10' title="bbox 189 2377 891 2672">
     <span class='ocr_line' id='line_1_41' title="bbox 233 2377 891 2419; baseline -0.002 -9"><span class='ocrx_word' id='word_1_287' title='bbox 233 2380 274 2410; x_wconf 74' lang='lat'>62</span> <span class='ocrx_word' id='word_1_288' title='bbox 295 2379 351 2419; x_wconf 73' lang='lat' dir='ltr'>qui</span> <span class='ocrx_word' id='word_1_289' title='bbox 378 2383 449 2410; x_wconf 72' lang='lat' dir='ltr'>tam</span> <span class='ocrx_word' id='word_1_290' title='bbox 476 2389 592 2418; x_wconf 64' lang='lat' dir='ltr'>nugas:</span> <span class='ocrx_word' id='word_1_291' title='bbox 620 2378 711 2417; x_wconf 70' lang='lat' dir='ltr'>ess-ee]</span> <span class='ocrx_word' id='word_1_292' title='bbox 738 2377 812 2409; x_wconf 80' lang='lat' dir='ltr'>Hoc</span> <span class='ocrx_word' id='word_1_293' title='bbox 832 2379 891 2409; x_wconf 88' lang='lat' dir='ltr'>du-</span> 
     </span>
     <span class='ocr_line' id='line_1_42' title="bbox 191 2421 889 2457; baseline 0.001 -6"><span class='ocrx_word' id='word_1_294' title='bbox 191 2421 258 2452; x_wconf 87' lang='lat' dir='ltr'>rius</span> <span class='ocrx_word' id='word_1_295' title='bbox 273 2427 323 2452; x_wconf 85' lang='lat' dir='ltr'>est</span> <span class='ocrx_word' id='word_1_296' title='bbox 347 2422 433 2452; x_wconf 81' lang='lat' dir='ltr'>inter</span> <span class='ocrx_word' id='word_1_297' title='bbox 455 2423 570 2452; x_wconf 78' lang='lat' dir='ltr'>turbas</span> <span class='ocrx_word' id='word_1_298' title='bbox 591 2421 772 2457; x_wconf 80' lang='lat' dir='ltr'>commorit,</span> <span class='ocrx_word' id='word_1_299' title='bbox 787 2422 889 2452; x_wconf 84' lang='lat' dir='ltr'>corri-</span> 
     </span>
     <span class='ocr_line' id='line_1_43' title="bbox 190 2462 887 2503; baseline 0.001 -10"><span class='ocrx_word' id='word_1_300' title='bbox 190 2463 332 2503; x_wconf 80' lang='lat' dir='ltr'>gendum</span> <span class='ocrx_word' id='word_1_301' title='bbox 348 2470 398 2494; x_wconf 87' lang='lat' dir='ltr'>est</span> <span class='ocrx_word' id='word_1_302' title='bbox 409 2474 509 2503; x_wconf 80' lang='lat' dir='ltr'>quum</span> <span class='ocrx_word' id='word_1_303' title='bbox 524 2469 548 2494; x_wconf 76' lang='lat' dir='ltr'>t.</span> <span class='ocrx_word' id='word_1_304' title='bbox 562 2474 595 2495; x_wconf 80' lang='lat' dir='ltr'>n.</span> <span class='ocrx_word' id='word_1_305' title='bbox 609 2467 696 2494; x_wconf 44' lang='lat' dir='ltr'>esset.</span> <span class='ocrx_word' id='word_1_306' title='bbox 720 2462 778 2493; x_wconf 79' lang='lat' dir='ltr'>Ed.</span> <span class='ocrx_word' id='word_1_307' title='bbox 790 2464 887 2495; x_wconf 87' lang='lat' dir='ltr'>Rom.</span> 
     </span>
     <span class='ocr_line' id='line_1_44' title="bbox 189 2506 888 2545; baseline 0.001 -10"><span class='ocrx_word' id='word_1_308' title='bbox 189 2507 244 2545; x_wconf 82' lang='lat' dir='ltr'>qui</span> <span class='ocrx_word' id='word_1_309' title='bbox 258 2510 328 2536; x_wconf 80' lang='lat' dir='ltr'>tam</span> <span class='ocrx_word' id='word_1_310' title='bbox 343 2515 496 2544; x_wconf 78' lang='lat' dir='ltr'>nugaces.</span> <span class='ocrx_word' id='word_1_311' title='bbox 520 2506 582 2536; x_wconf 89' lang='lat' dir='ltr'>Ed.</span> <span class='ocrx_word' id='word_1_312' title='bbox 604 2509 691 2540; x_wconf 81' lang='grc'><strong>1471.</strong></span> <span class='ocrx_word' id='word_1_313' title='bbox 708 2507 888 2544; x_wconf 76' lang='lat' dir='ltr'>commovit,</span> 
     </span>
     <span class='ocr_line' id='line_1_45' title="bbox 190 2547 888 2587; baseline 0.001 -10"><span class='ocrx_word' id='word_1_314' title='bbox 190 2549 276 2586; x_wconf 87' lang='lat' dir='ltr'>quod</span> <span class='ocrx_word' id='word_1_315' title='bbox 289 2549 322 2578; x_wconf 86' lang='lat' dir='ltr'>in</span> <span class='ocrx_word' id='word_1_316' title='bbox 338 2554 451 2579; x_wconf 85' lang='lat' dir='ltr'>nostra</span> <span class='ocrx_word' id='word_1_317' title='bbox 466 2549 667 2579; x_wconf 76' lang='lat' dir='ltr'>correctione</span> <span class='ocrx_word' id='word_1_318' title='bbox 684 2556 750 2577; x_wconf 90' lang='lat' dir='ltr'>non</span> <span class='ocrx_word' id='word_1_319' title='bbox 767 2547 888 2587; x_wconf 84' lang='lat' dir='ltr'>impro-</span> 
     </span>
     <span class='ocr_line' id='line_1_46' title="bbox 191 2589 889 2630; baseline 0 -10"><span class='ocrx_word' id='word_1_320' title='bbox 191 2589 278 2620; x_wconf 88' lang='lat' dir='ltr'>bem.</span> <span class='ocrx_word' id='word_1_321' title='bbox 323 2589 386 2620; x_wconf 68' lang='lat' dir='ltr'>Sed</span> <span class='ocrx_word' id='word_1_322' title='bbox 411 2591 547 2620; x_wconf 89' lang='lat' dir='ltr'>omnino</span> <span class='ocrx_word' id='word_1_323' title='bbox 575 2591 645 2621; x_wconf 89' lang='lat' dir='ltr'>haec</span> <span class='ocrx_word' id='word_1_324' title='bbox 682 2590 889 2630; x_wconf 83' lang='lat' dir='ltr'>interpositio</span> 
     </span>
     <span class='ocr_line' id='line_1_47' title="bbox 192 2631 489 2672; baseline 0.003 -11"><span class='ocrx_word' id='word_1_325' title='bbox 192 2631 272 2662; x_wconf 82' lang='lat' dir='ltr'>mihi</span> <span class='ocrx_word' id='word_1_326' title='bbox 287 2641 353 2662; x_wconf 89' lang='lat' dir='ltr'>non</span> <span class='ocrx_word' id='word_1_327' title='bbox 371 2632 489 2672; x_wconf 83' lang='lat' dir='ltr'>placet.</span> 
     </span>
    </p>

    <p class='ocr_par' dir='ltr' id='par_1_11' title="bbox 191 2673 889 2840">
     <span class='ocr_line' id='line_1_48' title="bbox 235 2673 889 2713; baseline 0.002 -9"><span class='ocrx_word' id='word_1_328' title='bbox 235 2673 275 2704; x_wconf 81' lang='lat'>63</span> <span class='ocrx_word' id='word_1_329' title='bbox 303 2675 461 2704; x_wconf 65' lang='lat' dir='ltr'>aerimem</span> <span class='ocrx_word' id='word_1_330' title='bbox 486 2676 522 2705; x_wconf 76' lang='lat' dir='ltr'>in</span> <span class='ocrx_word' id='word_1_331' title='bbox 547 2673 594 2713; x_wconf 85' lang='lat' dir='ltr'>r.]</span> <span class='ocrx_word' id='word_1_332' title='bbox 632 2675 746 2704; x_wconf 82' lang='lat' dir='ltr'>Sermo</span> <span class='ocrx_word' id='word_1_333' title='bbox 773 2679 823 2705; x_wconf 87' lang='lat' dir='ltr'>est</span> <span class='ocrx_word' id='word_1_334' title='bbox 850 2674 889 2705; x_wconf 86' lang='lat' dir='ltr'>de</span> 
     </span>
     <span class='ocr_line' id='line_1_49' title="bbox 193 2715 889 2756; baseline 0.001 -11"><span class='ocrx_word' id='word_1_335' title='bbox 193 2715 288 2745; x_wconf 81' lang='lat' dir='ltr'>rebus</span> <span class='ocrx_word' id='word_1_336' title='bbox 315 2717 412 2756; x_wconf 80' lang='lat' dir='ltr'>gestis</span> <span class='ocrx_word' id='word_1_337' title='bbox 436 2717 469 2747; x_wconf 88' lang='lat' dir='ltr'>in</span> <span class='ocrx_word' id='word_1_338' title='bbox 491 2716 650 2756; x_wconf 82' lang='lat' dir='ltr'>principio</span> <span class='ocrx_word' id='word_1_339' title='bbox 666 2716 755 2753; x_wconf 77' lang='lat' dir='ltr'>belli,</span> <span class='ocrx_word' id='word_1_340' title='bbox 778 2717 811 2747; x_wconf 89' lang='lat' dir='ltr'>in</span> <span class='ocrx_word' id='word_1_341' title='bbox 830 2716 889 2746; x_wconf 89' lang='lat' dir='ltr'>Hi-</span> 
     </span>
     <span class='ocr_line' id='line_1_50' title="bbox 191 2758 888 2796; baseline 0.003 -10"><span class='ocrx_word' id='word_1_342' title='bbox 191 2759 317 2796; x_wconf 83' lang='lat' dir='ltr'>spania,</span> <span class='ocrx_word' id='word_1_343' title='bbox 333 2758 374 2788; x_wconf 78' lang='lat' dir='ltr'>ad</span> <span class='ocrx_word' id='word_1_344' title='bbox 396 2758 578 2789; x_wconf 80' lang='lat' dir='ltr'>Corfinium</span> <span class='ocrx_word' id='word_1_345' title='bbox 597 2764 631 2788; x_wconf 87' lang='lat' dir='ltr'>et</span> <span class='ocrx_word' id='word_1_346' title='bbox 657 2758 888 2790; x_wconf 80' lang='lat' dir='ltr'>Brundisium:</span> 
     </span>
     <span class='ocr_line' id='line_1_51' title="bbox 193 2799 803 2840; baseline 0.005 -13"><span class='ocrx_word' id='word_1_347' title='bbox 193 2807 271 2837; x_wconf 77' lang='lat' dir='ltr'>quas</span> <span class='ocrx_word' id='word_1_348' title='bbox 285 2799 473 2830; x_wconf 84' lang='lat' dir='ltr'>brevissimo</span> <span class='ocrx_word' id='word_1_349' title='bbox 488 2805 554 2830; x_wconf 86' lang='lat' dir='ltr'>tem</span> <span class='ocrx_word' id='word_1_350' title='bbox 561 2810 636 2840; x_wconf 80' lang='lat' dir='ltr'>pore</span> <span class='ocrx_word' id='word_1_351' title='bbox 651 2801 803 2831; x_wconf 84' lang='lat' dir='ltr'>confecit.</span> 
     </span>
    </p>

    <p class='ocr_par' dir='ltr' id='par_1_12' title="bbox 231 2840 890 2883">
     <span class='ocr_line' id='line_1_52' title="bbox 231 2840 890 2883; baseline 0.005 -12"><span class='ocrx_word' id='word_1_352' title='bbox 231 2840 274 2871; x_wconf 85' lang='lat'>64</span> <span class='ocrx_word' id='word_1_353' title='bbox 295 2841 330 2871; x_wconf 77' lang='lat' dir='ltr'>in</span> <span class='ocrx_word' id='word_1_354' title='bbox 349 2842 485 2872; x_wconf 73' lang='lat' dir='ltr'>victoria</span> <span class='ocrx_word' id='word_1_355' title='bbox 511 2843 785 2883; x_wconf 74' lang='lat' dir='ltr'>temperatiorem]</span> <span class='ocrx_word' id='word_1_356' title='bbox 811 2843 890 2874; x_wconf 81' lang='lat' dir='ltr'>Pro-</span> 
     </span>
    </p>
   </div>
   <div class='ocr_carea' id='block_1_9' title="bbox 930 1958 1634 2873">
    <p class='ocr_par' dir='ltr' id='par_1_13' title="bbox 932 1958 1633 2198">
     <span class='ocr_line' id='line_1_53' title="bbox 932 1958 1629 1997; baseline -0.003 -9"><span class='ocrx_word' id='word_1_357' title='bbox 932 1958 1014 1988; x_wconf 79' lang='lat' dir='ltr'>clive</span> <span class='ocrx_word' id='word_1_358' title='bbox 1040 1962 1111 1988; x_wconf 80' lang='lat' dir='ltr'>erat</span> <span class='ocrx_word' id='word_1_359' title='bbox 1137 1959 1298 1997; x_wconf 80' lang='lat' dir='ltr'>corrigere</span> <span class='ocrx_word' id='word_1_360' title='bbox 1325 1958 1629 1997; x_wconf 75' lang='lat' dir='ltr'>temperantiorem.-</span> 
     </span>
     <span class='ocr_line' id='line_1_54' title="bbox 932 2000 1628 2036; baseline 0.001 -7"><span class='ocrx_word' id='word_1_361' title='bbox 932 2000 987 2030; x_wconf 88' lang='lat' dir='ltr'>sed</span> <span class='ocrx_word' id='word_1_362' title='bbox 1014 2004 1048 2030; x_wconf 87' lang='lat' dir='ltr'>et</span> <span class='ocrx_word' id='word_1_363' title='bbox 1074 2000 1144 2029; x_wconf 81' lang='lat' dir='ltr'>haec</span> <span class='ocrx_word' id='word_1_364' title='bbox 1166 2001 1272 2030; x_wconf 79' lang='lat' dir='ltr'>forma</span> <span class='ocrx_word' id='word_1_365' title='bbox 1292 2001 1378 2030; x_wconf 85' lang='lat' dir='ltr'>bona</span> <span class='ocrx_word' id='word_1_366' title='bbox 1399 2005 1461 2036; x_wconf 84' lang='lat' dir='ltr'>est,</span> <span class='ocrx_word' id='word_1_367' title='bbox 1485 2001 1519 2029; x_wconf 85' lang='lat' dir='ltr'>in</span> <span class='ocrx_word' id='word_1_368' title='bbox 1533 2000 1628 2030; x_wconf 82' lang='lat' dir='ltr'>Verr.</span> 
     </span>
     <span class='ocr_line' id='line_1_55' title="bbox 934 2042 1632 2082; baseline -0.001 -10"><span class='ocrx_word' id='word_1_369' title='bbox 934 2042 992 2078; x_wconf 87' lang='lat' dir='ltr'>IV,</span> <span class='ocrx_word' id='word_1_370' title='bbox 1006 2045 1056 2072; x_wconf 79' lang='lat'>43.</span> <span class='ocrx_word' id='word_1_371' title='bbox 1067 2047 1117 2072; x_wconf 80' lang='lat' dir='ltr'>est</span> <span class='ocrx_word' id='word_1_372' title='bbox 1129 2044 1218 2072; x_wconf 80' lang='lat' dir='ltr'>homo</span> <span class='ocrx_word' id='word_1_373' title='bbox 1233 2043 1533 2082; x_wconf 53' lang='lat' dir='ltr'>temperatissimum.</span> <span class='ocrx_word' id='word_1_374' title='bbox 1547 2046 1632 2071; x_wconf 84' lang='lat' dir='ltr'>tem-</span> 
     </span>
     <span class='ocr_line' id='line_1_56' title="bbox 932 2083 1633 2123; baseline -0.001 -10"><span class='ocrx_word' id='word_1_375' title='bbox 932 2084 1083 2123; x_wconf 82' lang='lat' dir='ltr'>perantia</span> <span class='ocrx_word' id='word_1_376' title='bbox 1098 2089 1208 2115; x_wconf 81' lang='lat' dir='ltr'>autem</span> <span class='ocrx_word' id='word_1_377' title='bbox 1235 2084 1291 2114; x_wconf 84' lang='lat' dir='ltr'>illa</span> <span class='ocrx_word' id='word_1_378' title='bbox 1306 2084 1355 2113; x_wconf 81' lang='lat' dir='ltr'>vel</span> <span class='ocrx_word' id='word_1_379' title='bbox 1372 2085 1405 2113; x_wconf 84' lang='lat' dir='ltr'>in</span> <span class='ocrx_word' id='word_1_380' title='bbox 1420 2083 1569 2113; x_wconf 79' lang='lat' dir='ltr'>Domitio</span> <span class='ocrx_word' id='word_1_381' title='bbox 1583 2083 1633 2113; x_wconf 86' lang='lat' dir='ltr'>di-</span> 
     </span>
     <span class='ocr_line' id='line_1_57' title="bbox 933 2125 1629 2166; baseline 0.001 -11"><span class='ocrx_word' id='word_1_382' title='bbox 933 2126 1096 2155; x_wconf 74' lang='lat' dir='ltr'>mittendo</span> <span class='ocrx_word' id='word_1_383' title='bbox 1123 2127 1281 2162; x_wconf 79' lang='lat' dir='ltr'>cernitur,</span> <span class='ocrx_word' id='word_1_384' title='bbox 1309 2131 1406 2166; x_wconf 84' lang='lat' dir='ltr'>capto</span> <span class='ocrx_word' id='word_1_385' title='bbox 1421 2125 1577 2156; x_wconf 81' lang='lat' dir='ltr'>Corfinio.</span> <span class='ocrx_word' id='word_1_386' title='bbox 1599 2135 1629 2156; x_wconf 72' lang='lat' dir='ltr'>V.</span> 
     </span>
     <span class='ocr_line' id='line_1_58' title="bbox 933 2168 1240 2198; baseline 0.003 -1"><span class='ocrx_word' id='word_1_387' title='bbox 933 2168 1069 2198; x_wconf 86' lang='lat' dir='ltr'>Sueton.</span> <span class='ocrx_word' id='word_1_388' title='bbox 1088 2169 1171 2198; x_wconf 73' lang='lat' dir='ltr'>Caes.</span> <span class='ocrx_word' id='word_1_389' title='bbox 1188 2171 1240 2198; x_wconf 71' lang='lat'>134.</span> 
     </span>
    </p>

    <p class='ocr_par' dir='ltr' id='par_1_14' title="bbox 931 2209 1634 2704">
     <span class='ocr_line' id='line_1_59' title="bbox 975 2209 1632 2250; baseline 0.002 -10"><span class='ocrx_word' id='word_1_390' title='bbox 975 2211 1015 2241; x_wconf 87' lang='lat'>65</span> <span class='ocrx_word' id='word_1_391' title='bbox 1038 2209 1132 2250; x_wconf 70' lang='lat' dir='ltr'>Quid</span> <span class='ocrx_word' id='word_1_392' title='bbox 1158 2211 1230 2240; x_wconf 79' lang='lat' dir='ltr'>est?</span> <span class='ocrx_word' id='word_1_393' title='bbox 1259 2220 1346 2240; x_wconf 81' lang='lat' dir='ltr'>nunc</span> <span class='ocrx_word' id='word_1_394' title='bbox 1373 2210 1430 2240; x_wconf 68' lang='lat' dir='ltr'>tibi</span> <span class='ocrx_word' id='word_1_395' title='bbox 1454 2209 1528 2249; x_wconf 59' lang='grc' dir='ltr'>δια]</span> <span class='ocrx_word' id='word_1_396' title='bbox 1553 2209 1632 2241; x_wconf 89' lang='lat' dir='ltr'>Non</span> 
     </span>
     <span class='ocr_line' id='line_1_60' title="bbox 932 2252 1629 2292; baseline 0.001 -11"><span class='ocrx_word' id='word_1_397' title='bbox 932 2252 1011 2282; x_wconf 79' lang='lat' dir='ltr'>satis</span> <span class='ocrx_word' id='word_1_398' title='bbox 1040 2261 1192 2291; x_wconf 75' lang='lat' dir='ltr'>assequor</span> <span class='ocrx_word' id='word_1_399' title='bbox 1230 2254 1295 2283; x_wconf 81' lang='lat' dir='ltr'>vim</span> <span class='ocrx_word' id='word_1_400' title='bbox 1326 2253 1425 2292; x_wconf 82' lang='lat' dir='ltr'>hujus</span> <span class='ocrx_word' id='word_1_401' title='bbox 1459 2252 1629 2282; x_wconf 78' lang='lat' dir='ltr'>formulae:</span> 
     </span>
     <span class='ocr_line' id='line_1_61' title="bbox 935 2293 1634 2335; baseline 0.004 -12"><span class='ocrx_word' id='word_1_402' title='bbox 935 2293 1030 2334; x_wconf 66' lang='lat' dir='ltr'>‚Quid</span> <span class='ocrx_word' id='word_1_403' title='bbox 1049 2299 1093 2325; x_wconf 77' lang='lat' dir='ltr'>cst</span> <span class='ocrx_word' id='word_1_404' title='bbox 1105 2295 1121 2324; x_wconf 77' lang='lat'><em>?</em></span> <span class='ocrx_word' id='word_1_405' title='bbox 1143 2303 1214 2324; x_wconf 84' lang='lat' dir='ltr'>tum</span> <span class='ocrx_word' id='word_1_406' title='bbox 1229 2299 1304 2335; x_wconf 88' lang='lat' dir='ltr'>post</span> <span class='ocrx_word' id='word_1_407' title='bbox 1324 2304 1383 2331; x_wconf 83' lang='lat' dir='ltr'>pro</span> <span class='ocrx_word' id='word_1_408' title='bbox 1399 2293 1533 2333; x_wconf 78' lang='lat' dir='ltr'>vulgato</span> <span class='ocrx_word' id='word_1_409' title='bbox 1542 2296 1634 2333; x_wconf 73' lang='lat' dir='ltr'>pasti</span> 
     </span>
     <span class='ocr_line' id='line_1_62' title="bbox 933 2336 1632 2367; baseline 0.001 -2"><span class='ocrx_word' id='word_1_410' title='bbox 933 2336 1086 2366; x_wconf 67' lang='lat' dir='ltr'>videmur</span> <span class='ocrx_word' id='word_1_411' title='bbox 1110 2336 1193 2367; x_wconf 79' lang='lat' dir='ltr'>edidi</span> <span class='ocrx_word' id='word_1_412' title='bbox 1220 2338 1395 2367; x_wconf 71' lang='lat' dir='ltr'>videantur</span> <span class='ocrx_word' id='word_1_413' title='bbox 1416 2347 1434 2367; x_wconf 85' lang='lat' dir='ltr'>c</span> <span class='ocrx_word' id='word_1_414' title='bbox 1458 2336 1521 2366; x_wconf 85' lang='lat' dir='ltr'>Ms.</span> <span class='ocrx_word' id='word_1_415' title='bbox 1539 2336 1632 2367; x_wconf 85' lang='lat' dir='ltr'>Gorl.</span> 
     </span>
     <span class='ocr_line' id='line_1_63' title="bbox 934 2379 1631 2419; baseline 0.003 -12"><span class='ocrx_word' id='word_1_416' title='bbox 934 2387 1010 2407; x_wconf 74' lang='lat' dir='ltr'>nam</span> <span class='ocrx_word' id='word_1_417' title='bbox 1037 2379 1116 2409; x_wconf 77' lang='lat' dir='ltr'>alias</span> <span class='ocrx_word' id='word_1_418' title='bbox 1144 2380 1177 2409; x_wconf 67' lang='grc' dir='ltr'>»τὸ</span> <span class='ocrx_word' id='word_1_419' title='bbox 1200 2381 1256 2410; x_wconf 73' lang='lat' dir='ltr'>tibi</span> <span class='ocrx_word' id='word_1_420' title='bbox 1271 2379 1408 2419; x_wconf 77' lang='lat' dir='ltr'>frigeat:</span> <span class='ocrx_word' id='word_1_421' title='bbox 1434 2388 1631 2417; x_wconf 79' lang='lat' dir='ltr'>quamquam</span> 
     </span>
     <span class='ocr_line' id='line_1_64' title="bbox 931 2419 1632 2456; baseline 0.001 -7"><span class='ocrx_word' id='word_1_422' title='bbox 931 2421 1011 2456; x_wconf 87' lang='lat' dir='ltr'>scio,</span> <span class='ocrx_word' id='word_1_423' title='bbox 1041 2421 1073 2450; x_wconf 81' lang='lat' dir='ltr'>id</span> <span class='ocrx_word' id='word_1_424' title='bbox 1100 2421 1265 2451; x_wconf 74' lang='lat' dir='ltr'>interdum</span> <span class='ocrx_word' id='word_1_425' title='bbox 1300 2421 1492 2451; x_wconf 80' lang='lat' dir='ltr'>redundare.</span> <span class='ocrx_word' id='word_1_426' title='bbox 1550 2419 1632 2450; x_wconf 89' lang='lat' dir='ltr'>Vult</span> 
     </span>
     <span class='ocr_line' id='line_1_65' title="bbox 931 2462 1633 2499; baseline 0.001 -8"><span class='ocrx_word' id='word_1_427' title='bbox 931 2463 1020 2492; x_wconf 87' lang='lat' dir='ltr'>enim</span> <span class='ocrx_word' id='word_1_428' title='bbox 1042 2464 1112 2493; x_wconf 84' lang='lat' dir='ltr'>sine</span> <span class='ocrx_word' id='word_1_429' title='bbox 1134 2463 1233 2494; x_wconf 82' lang='lat' dir='ltr'>dubio</span> <span class='ocrx_word' id='word_1_430' title='bbox 1253 2464 1371 2499; x_wconf 75' lang='lat' dir='ltr'>dicere,</span> <span class='ocrx_word' id='word_1_431' title='bbox 1388 2462 1509 2492; x_wconf 80' lang='lat' dir='ltr'>milites</span> <span class='ocrx_word' id='word_1_432' title='bbox 1525 2462 1633 2492; x_wconf 87' lang='lat' dir='ltr'>Caesa-</span> 
     </span>
     <span class='ocr_line' id='line_1_66' title="bbox 932 2503 1633 2536; baseline -0.001 -2"><span class='ocrx_word' id='word_1_433' title='bbox 932 2506 974 2534; x_wconf 87' lang='lat' dir='ltr'>ris</span> <span class='ocrx_word' id='word_1_434' title='bbox 997 2515 1064 2535; x_wconf 82' lang='lat' dir='ltr'>esse</span> <span class='ocrx_word' id='word_1_435' title='bbox 1083 2506 1259 2536; x_wconf 82' lang='lat' dir='ltr'>admodum</span> <span class='ocrx_word' id='word_1_436' title='bbox 1275 2506 1425 2536; x_wconf 77' lang='lat' dir='ltr'>robustos</span> <span class='ocrx_word' id='word_1_437' title='bbox 1439 2508 1473 2533; x_wconf 82' lang='lat' dir='ltr'>et</span> <span class='ocrx_word' id='word_1_438' title='bbox 1487 2503 1633 2534; x_wconf 77' lang='lat' dir='ltr'>toleran-</span> 
     </span>
     <span class='ocr_line' id='line_1_67' title="bbox 931 2546 1633 2585; baseline -0.001 -9"><span class='ocrx_word' id='word_1_439' title='bbox 931 2551 980 2577; x_wconf 84' lang='lat' dir='ltr'>tes</span> <span class='ocrx_word' id='word_1_440' title='bbox 1005 2548 1230 2578; x_wconf 82' lang='lat' dir='ltr'>molestiarum</span> <span class='ocrx_word' id='word_1_441' title='bbox 1254 2548 1460 2582; x_wconf 72' lang='lat' dir='ltr'>bellicarum,</span> <span class='ocrx_word' id='word_1_442' title='bbox 1485 2546 1541 2584; x_wconf 87' lang='lat' dir='ltr'>qui</span> <span class='ocrx_word' id='word_1_443' title='bbox 1558 2550 1633 2585; x_wconf 84' lang='lat' dir='ltr'>post</span> 
     </span>
     <span class='ocr_line' id='line_1_68' title="bbox 931 2587 1631 2624; baseline -0.003 -5"><span class='ocrx_word' id='word_1_444' title='bbox 931 2589 1014 2619; x_wconf 79' lang='lat' dir='ltr'>tales</span> <span class='ocrx_word' id='word_1_445' title='bbox 1030 2589 1197 2620; x_wconf 78' lang='lat' dir='ltr'>molestias</span> <span class='ocrx_word' id='word_1_446' title='bbox 1212 2591 1260 2620; x_wconf 76' lang='lat' dir='ltr'>ita</span> <span class='ocrx_word' id='word_1_447' title='bbox 1276 2590 1359 2620; x_wconf 77' lang='lat' dir='ltr'>belle</span> <span class='ocrx_word' id='word_1_448' title='bbox 1374 2598 1405 2618; x_wconf 81' lang='lat' dir='ltr'>se</span> <span class='ocrx_word' id='word_1_449' title='bbox 1422 2587 1579 2624; x_wconf 80' lang='lat' dir='ltr'>habeant,</span> <span class='ocrx_word' id='word_1_450' title='bbox 1593 2591 1631 2617; x_wconf 84' lang='lat' dir='ltr'>ut</span> 
     </span>
     <span class='ocr_line' id='line_1_69' title="bbox 931 2629 1633 2671; baseline -0.003 -10"><span class='ocrx_word' id='word_1_451' title='bbox 931 2631 1027 2662; x_wconf 80' lang='lat' dir='ltr'>malis</span> <span class='ocrx_word' id='word_1_452' title='bbox 1049 2632 1239 2662; x_wconf 63' lang='lat' dir='ltr'>orme—natis</span> <span class='ocrx_word' id='word_1_453' title='bbox 1266 2633 1350 2671; x_wconf 67' lang='lat' dir='ltr'>pasti</span> <span class='ocrx_word' id='word_1_454' title='bbox 1390 2629 1573 2659; x_wconf 76' lang='lat' dir='ltr'>videantur.</span> <span class='ocrx_word' id='word_1_455' title='bbox 1601 2639 1633 2659; x_wconf 89' lang='lat' dir='ltr'>v.</span> 
     </span>
     <span class='ocr_line' id='line_1_70' title="bbox 933 2673 1300 2705; baseline 0 -1"><span class='ocrx_word' id='word_1_456' title='bbox 933 2673 1025 2705; x_wconf 77' lang='lat' dir='ltr'>Clav.</span> <span class='ocrx_word' id='word_1_457' title='bbox 1041 2674 1076 2704; x_wconf 85' lang='lat' dir='ltr'>in</span> <span class='ocrx_word' id='word_1_458' title='bbox 1091 2675 1300 2704; x_wconf 73' lang='lat' dir='ltr'>orbzeulatus.</span> 
     </span>
    </p>

    <p class='ocr_par' dir='ltr' id='par_1_15' title="bbox 930 2711 1634 2873">
     <span class='ocr_line' id='line_1_71' title="bbox 975 2711 1633 2756; baseline -0.005 -11"><span class='ocrx_word' id='word_1_459' title='bbox 975 2716 1016 2746; x_wconf 78' lang='lat'>66</span> <span class='ocrx_word' id='word_1_460' title='bbox 1038 2715 1157 2756; x_wconf 75' lang='lat' dir='ltr'>Ouid</span> <span class='ocrx_word' id='word_1_461' title='bbox 1137 2726 1232 2755; x_wconf 69' lang='lat' dir='ltr'>mm.-</span> <span class='ocrx_word' id='word_1_462' title='bbox 1229 2717 1362 2754; x_wconf 71' lang='lat' dir='ltr'>&#39;inquis</span> <span class='ocrx_word' id='word_1_463' title='bbox 1376 2716 1436 2745; x_wconf 70' lang='grc' dir='ltr'>ἃς.</span> <span class='ocrx_word' id='word_1_464' title='bbox 1438 2715 1452 2754; x_wconf 96' lang='grc'>]</span> <span class='ocrx_word' id='word_1_465' title='bbox 1472 2712 1524 2744; x_wconf 85' lang='lat' dir='ltr'>Sic</span> <span class='ocrx_word' id='word_1_466' title='bbox 1534 2711 1633 2753; x_wconf 77' lang='lat' dir='ltr'>plane</span> 
     </span>
     <span class='ocr_line' id='line_1_72' title="bbox 933 2753 1634 2794; baseline -0.006 -6"><span class='ocrx_word' id='word_1_467' title='bbox 933 2757 982 2788; x_wconf 85' lang='lat' dir='ltr'>ed.</span> <span class='ocrx_word' id='word_1_468' title='bbox 1000 2758 1096 2788; x_wconf 83' lang='lat' dir='ltr'>Rom.</span> <span class='ocrx_word' id='word_1_469' title='bbox 1114 2758 1202 2788; x_wconf 82' lang='lat' dir='ltr'>Med.</span> <span class='ocrx_word' id='word_1_470' title='bbox 1218 2758 1347 2788; x_wconf 77' lang='lat' dir='ltr'>etV.cn</span> <span class='ocrx_word' id='word_1_471' title='bbox 1368 2759 1458 2787; x_wconf 77' lang='lat'>1411.</span> <span class='ocrx_word' id='word_1_472' title='bbox 1475 2753 1634 2794; x_wconf 85' lang='lat' dir='ltr'>nisiquod</span> 
     </span>
     <span class='ocr_line' id='line_1_73' title="bbox 930 2796 1633 2839; baseline -0.004 -10"><span class='ocrx_word' id='word_1_473' title='bbox 930 2810 989 2839; x_wconf 83' lang='lat' dir='ltr'>pro</span> <span class='ocrx_word' id='word_1_474' title='bbox 1012 2801 1074 2830; x_wconf 79' lang='lat' dir='ltr'>sim</span> <span class='ocrx_word' id='word_1_475' title='bbox 1100 2799 1197 2830; x_wconf 88' lang='lat' dir='ltr'>modo</span> <span class='ocrx_word' id='word_1_476' title='bbox 1223 2808 1309 2836; x_wconf 73' lang='lat' dir='ltr'>sum,</span> <span class='ocrx_word' id='word_1_477' title='bbox 1324 2803 1363 2829; x_wconf 85' lang='lat' dir='ltr'>ut</span> <span class='ocrx_word' id='word_1_478' title='bbox 1377 2799 1444 2830; x_wconf 92' lang='lat' dir='ltr'>Gu.</span> <span class='ocrx_word' id='word_1_479' title='bbox 1467 2796 1565 2829; x_wconf 85' lang='lat' dir='ltr'>modo</span> <span class='ocrx_word' id='word_1_480' title='bbox 1589 2797 1633 2826; x_wconf 73' lang='lat' dir='ltr'>sis</span> 
     </span>
     <span class='ocr_line' id='line_1_74' title="bbox 931 2842 1063 2873; baseline -0.008 -1"><span class='ocrx_word' id='word_1_481' title='bbox 931 2842 1063 2873; x_wconf 72' lang='lat' dir='ltr'>habent.</span> 
     </span>
    </p>
   </div>
  </div>
 </body>
</html>
