1860 3228
230 90 304 127 184
593 85 774 126 EPIST.
801 85 986 124 LIBER
1012 85 1285 125 OCTAVUS

228 195 268 226 27
280 191 364 234 Sed
394 191 502 234 tanti
534 189 790 242 mehercule,
819 204 907 231 non
937 189 1119 231 multum
1137 189 1257 231 (ΝΜ.
1278 189 1486 231 Octavius
1504 204 1655 233 eorum

230 249 343 300 odia,
364 264 460 304 quae
494 246 672 289 Hirrum

704 256 917 304 premunt,
948 261 1043 301 quae
1075 246 1286 303 permulta
1311 257 1425 297 sunt,
1447 246 1656 288 sublevat.

233 306 362 354 Quod
385 306 437 347 ad
462 305 686 347 Philotimi
703 307 744 338 29
758 303 898 345 liberti
918 303 1109 344 officium
1139 312 1184 344 et
1206 304 1318 345 bona
1349 303 1529 345 Milonis
1559 304 1658 344 atti-

232 372 329 405 net:
361 363 554 404 dedimus
575 375 764 418 operam,
784 370 830 401 ut
850 369 894 400 et
913 359 1172 402 Philotimus
1203 375 1331 415 quam
1354 360 1654 402 honestissime

235 419 393 462 Miloni
414 419 594 469 absenti,
625 418 802 472 ejusque
833 417 1079 458 necessariis
1110 416 1388 469 satisfaceret,
1418 428 1476 466 et,
1509 432 1660 459 secun-

235 477 338 519 dum
359 477 452 532 ejus
473 476 602 517 fidem
624 486 668 515 et
694 472 979 522 sedulitatem,
1010 473 1273 515 existimatio
1297 484 1370 516 tua
1390 488 1663 515 conservare-

193 540 225 571 b·
239 543 321 575 tur.

382 533 490 574 Illud
526 546 639 573 nunc
669 546 693 571 a
729 541 770 570 te
801 539 915 584 peto,
946 530 980 569 si
1011 529 1093 570 eris
1123 534 1191 582 (ut
1221 534 1362 587 spero)
1385 531 1564 582 otiosus,
1586 531 1663 572 ali-

238 590 352 647 quod
372 590 424 631 ad
456 603 548 640 nos,
581 599 627 628 ut
660 586 946 641 intelligamus
979 601 1054 627 nos
1088 588 1166 628 tibi
1197 601 1311 629 curae
1347 602 1452 639 esse,
1482 592 1661 641 σύνταγμα,

238 647 499 689 conscribas,

561 645 648 692 Qui
673 643 751 684 tibi
772 645 897 692 istuc,
927 644 1084 698 inquis,
1105 643 1146 684 in
1166 654 1350 685 mentem
1373 646 1503 695 venit,
1525 645 1666 685 homi-

237 705 283 746 ni
306 719 391 744 uon
415 704 589 759 inepto?
619 704 660 732 30
673 700 850 755 Aliquid
881 714 935 740 ex
967 710 1054 740 tam
1086 699 1231 741 multis
1262 702 1346 741 tuis
1377 701 1666 743 monumentis

239 771 423 811 exstare,
445 759 560 815 quod
589 765 745 798 nostrae
769 756 972 797 amicitiae
1004 757 1252 798 memoriam
1286 759 1667 822 posteris-quoque

244 818 409 874 prodat.

470 813 726 869 Cujusmodi
760 813 899 862 velim,
933 823 1052 868 puto,
1088 813 1260 868 quaeriS.

1319 812 1385 855 Tu
1416 825 1557 865 citius,
1592 815 1666 870 qui

242 889 413 916 omnem
437 873 548 913 nosti
571 869 856 925 disciplinam,
878 872 914 900 31
932 870 1035 924 quid
1066 870 1254 912 maxime
1276 872 1519 922 conveniat,
1538 885 1666 913 exco-

242 930 416 987 gitabis.
449 929 617 970 Genere
631 937 789 977 tamen,
807 926 922 982 quod
941 936 984 967 et
996 926 1049 968 ad
1063 941 1140 968 nos
1154 928 1379 983 pertineat,
1392 935 1435 968 et
1451 929 1670 969 διδασκαλίου

243 987 473 1043 quandam,
495 995 543 1026 ut
566 992 754 1025 versetur
774 984 886 1025 inter
906 998 1072 1035 manus,
1095 984 1265 1026 habeat.

756 1078 1159 1116 ARGUMENTUM.

710 1142 846 1178 Scribit
864 1142 957 1177 enim
986 1142 1028 1177 de
1055 1142 1287 1178 damnatione
1305 1139 1471 1177 Messalae
1497 1146 1532 1177 et
1556 1141 1675 1177 Servii

243 1147 310 1183 Est
331 1147 423 1182 varii
439 1144 655 1192 argumenti.

1325 984 1444 1025 Vale.

295 1204 340 1234 tr.
371 1199 421 1245 pl.
442 1197 648 1243 designati:
678 1195 721 1230 de
758 1193 796 1229 C.
833 1193 1012 1229 Marcello
1042 1205 1128 1229 cos.
1164 1194 1363 1241 designato,
1397 1195 1440 1229 de
1474 1193 1674 1230 Dolabella

295 1252 430 1286 xvi-iro
448 1253 582 1288 creato,
612 1246 768 1282 Lentulo
799 1246 953 1293 repulso,

984 1246 1027 1281 de
1060 1245 1224 1285 Curione,
1246 1246 1289 1282 (Ie
1308 1246 1486 1287 Comitsts,
1511 1247 1555 1281 de
1581 1247 1672 1281 actis

293 1304 332 1338 in
348 1306 489 1342 senatu,
507 1302 550 1336 de
570 1299 720 1335 Coesaris
735 1299 855 1333 aniuzo
874 1309 961 1344 erga
982 1297 1205 1345 Pompeium,
1227 1298 1270 1333 de
1291 1299 1367 1334 suis
1385 1299 1531 1334 tandem
1557 1298 1671 1340 rebus,

294 1366 383 1402 quas
402 1352 638 1390 commendat.

500 1417 567 1458 M.
593 1415 836 1458 COELIUS
870 1415 939 1458 M.
959 1414 1267 1457 CICERONI
1300 1414 1344 1456 S.
1367 1414 1424 1456 D.

243 1477 519 1529 INVIDEO
565 1484 669 1525 tibi:
709 1491 797 1523 tam
834 1482 971 1523 multa
999 1482 1208 1536 quotidie,
1239 1497 1334 1537 quae
1367 1482 1533 1534 mirere,
1563 1482 1675 1524 istuc

242 1543 529 1602 perferuntur.

592 1541 785 1581 Primum
815 1539 933 1590 illud,
955 1538 1198 1580 absolutum
1232 1538 1489 1580 Messalam:
1520 1539 1675 1580 deinde

240 1601 425 1643 eundem
455 1598 805 1641 condemnatum.
868 1595 920 1637 C.
953 1595 1210 1637 Marcellum
1242 1595 1459 1637 consulem
1483 1594 1671 1638 factum:

242 1659 311 1700 M.
344 1656 575 1698 Claudium
607 1670 631 1695 a
662 1652 830 1709 repulsa
861 1652 1126 1709 postulatum
1163 1667 1188 1693 a
1227 1652 1363 1694 Gallis
1394 1653 1589 1695 duobus:
1624 1652 1675 1694 P.

244 1713 515 1757 Dolabellam
538 1710 927 1767 quindecimvirum
951 1709 1129 1751 factum.
1176 1712 1217 1741 32
1232 1708 1333 1751 Hoc
1354 1709 1435 1751 tibi
1458 1724 1543 1750 non
1567 1710 1677 1752 invi-

242 1773 339 1823 deo,
361 1770 548 1812 caruisse
584 1778 626 1809 te
656 1767 946 1823 pulcherrimo
978 1766 1240 1822 spectaculo,
1262 1776 1306 1808 et
1339 1766 1508 1808 Lentuli
1528 1765 1676 1808 Cruris

242 1828 399 1886 repulsi
421 1826 586 1868 vultum
611 1839 697 1865 non
723 1824 894 1864 vidisse.
955 1824 1015 1863 At
1033 1839 1117 1878 qua
1135 1838 1223 1879 spe,
1246 1839 1375 1879 quam
1397 1833 1515 1865 certa
1535 1823 1678 1880 opini-

243 1901 326 1928 one
347 1883 655 1926 descenderat?
687 1895 814 1937 quam
847 1881 941 1937 ipso
962 1879 1185 1924 diffidente
1219 1880 1471 1924 Dolabella?
1504 1879 1561 1922 Et
1582 1880 1678 1922 her·

242 2026 329 2057 risus
354 2024 458 2055 deesse
495 2033 557 2054 πονε
583 2023 721 2062 polerit:
761 2020 940 2061 corrigique

243 2067 323 2099 adeo
339 2067 470 2098 deberet
480 2066 590 2106 possit.
607 2070 641 2095 et
660 2068 774 2094 tamen
801 2068 873 2103 post
886 2073 939 2092 us-

243 2120 304 2150 que
319 2120 365 2146 eo,
381 2113 418 2139 ut
434 2118 501 2139 esse
516 2108 623 2138 debet.
659 2106 774 2145 Itaque
788 2104 942 2136 inclinavi

245 2152 286 2182 ad
300 2151 526 2190 corrigendum
540 2150 638 2189 possit
651 2161 659 2176 .·
676 2154 713 2178 ut
730 2148 807 2177 feeit
824 2147 939 2178 Lamb.

244 2194 336 2230 Post,
359 2193 436 2232 quia
460 2193 507 2223 ita
532 2192 629 2232 plane
652 2190 748 2220 habet
765 2190 827 2220 Gn.
851 2192 879 2219 1.
896 2190 941 2219 sic

243 2236 380 2266 correxi.

288 2281 326 2311 27
352 2277 418 2307 Sed
443 2276 527 2306 tanti
552 2274 649 2313 mea]
676 2273 863 2304 Addiderim
881 2276 939 2303 est.

247 2319 314 2350 Sed
325 2323 370 2350 est
385 2319 467 2349 meh.
484 2318 580 2348 tami.
626 2316 702 2346 Nou
722 2326 763 2346 m.

287 2364 327 2393 28
350 2361 401 2391 M.
426 2358 593 2398 Octavius]
615 2359 678 2397 Qui
696 2359 819 2398 pariter
843 2356 942 2387 edili-

243 2407 350 2434 tatem
365 2411 440 2433 curn
457 2401 558 2433 Coelio
575 2401 671 2440 petiit
686 2407 783 2438 atque
798 2398 878 2430 adeo
895 2399 942 2429 sa-

243 2450 317 2476 ctus
338 2450 388 2475 est
410 2443 524 2474 aedilis.
551 2453 580 2473 v.
606 2442 696 2473 Clav.
723 2442 763 2471 In
788 2441 943 2481 proximis

244 2497 354 2518 rursus
370 2485 543 2517 difficultas
565 2489 615 2515 est
640 2490 673 2513 ct
688 2484 826 2514 varietas
847 2483 881 2513 in
898 2482 943 2513 le-

242 2530 352 2560 ctione
367 2528 528 2558 librorum
543 2531 577 2557 et
591 2526 797 2564 conjecturis.
846 2526 878 2555 Si
894 2535 943 2555 eo-

242 2581 321 2601 rum
344 2580 456 2600 verum
483 2574 545 2605 est,
569 2567 666 2598 debet
691 2568 780 2606 sequi
810 2569 863 2604 qui
892 2566 940 2598 H.

239 2618 417 2652 premunt:
440 2616 480 2642 ut
506 2615 540 2641 et
564 2610 712 2640 Graevius
739 2608 860 2645 edidit;
883 2609 939 2639 sed

243 2656 344 2686 etiam
360 2656 416 2696 qui
426 2653 585 2694 permulti
598 2656 686 2688 sunt,
702 2655 740 2681 ut
763 2651 941 2681 Lambinus

243 2697 360 2727 voluit.
383 2696 439 2727 sed
459 2696 534 2735 quia
559 2693 676 2724 melius
700 2692 856 2724 dicuntur
869 2694 943 2723 odia

238 2748 400 2778 premere,
432 2747 529 2778 quam
559 2737 720 2766 homines.-
757 2735 809 2765 cui
838 2735 939 2765 etiam

243 2781 389 2812 sublevat
412 2779 608 2820 respondet;
643 2778 727 2808 forte
755 2776 871 2808 melius
896 2777 939 2807 sit

244 2822 351 2854 delere
373 2832 494 2853 eor-um.
539 2822 658 2852 Sensus
686 2825 753 2851 est:
791 2819 940 2851 videatur

984 2021 1181 2061 competitor
1197 2021 1363 2059 Octavius,
1379 2024 1455 2062 quia
1477 2031 1593 2062 parum
1608 2031 1681 2062 gra·

983 2064 1086 2093 tiosus
1110 2067 1159 2093 est
1186 2074 1222 2093 ac
1253 2064 1370 2104 dignus
1397 2065 1532 2101 honore,
1563 2064 1682 2102 facere,

986 2111 1023 2135 ut
1050 2105 1168 2135 Hirrus
1193 2106 1302 2137 minus
1325 2108 1447 2138 invisus
1474 2107 1529 2137 sit.
1572 2107 1636 2138 Sed
1650 2106 1682 2137 id

983 2156 1052 2177 non
1067 2149 1116 2177 fit.

1027 2191 1068 2222 ‘29
1090 2190 1210 2229 liberti]
1238 2190 1322 2221 Puto
1348 2191 1401 2220 hic
1430 2190 1540 2220 abesse
1562 2199 1683 2230 prono-

987 2241 1061 2261 men
1079 2233 1128 2262 tui
1144 2241 1209 2262 non
1224 2242 1326 2272 posse.
1367 2233 1452 2263 Eum
1470 2232 1584 2263 Cicero
1598 2242 1680 2273 prae-

983 2274 1106 2304 fecerat
1132 2274 1267 2304 Milonis
1289 2275 1395 2312 bonis,
1411 2274 1605 2315 interposita
1619 2274 1682 2306 fide

983 2324 1044 2346 sua
1059 2315 1097 2347 de
1111 2316 1253 2346 hominis
1267 2316 1330 2347 fide
1342 2322 1378 2347 et
1392 2316 1599 2348 dexteritate.

1028 2360 1070 2388 30
1104 2358 1408 2398 Aliquid—extare]
1449 2359 1513 2389 Hic
1545 2359 1680 2390 verbum

984 2399 1089 2437 deest,
1115 2410 1135 2430 a
1162 2410 1225 2439 quo
1256 2400 1395 2440 pendeat
1420 2404 1543 2430 extare.
1594 2401 1681 2432 Puto

985 2442 1139 2472 excidisse
1154 2443 1257 2481 cupio.

1028 2486 1063 2514 31
1091 2485 1169 2523 quid
1178 2485 1321 2514 maxime
1330 2485 1506 2520 conveniat,
1519 2485 1683 2524 excogita-

988 2525 1047 2564 bis]
1073 2525 1181 2565 Vulgo
1195 2526 1303 2556 editur
1315 2526 1408 2566 quod.
1425 2524 1456 2555 id
1474 2535 1540 2556 non
1556 2527 1685 2566 patitur

986 2568 1141 2598 maxime.
1159 2568 1219 2598 nisi
1235 2573 1311 2599 ante
1329 2567 1502 2607 legendum
1517 2569 1658 2609 aliquod.

1025 2612 1066 2639 32
1088 2609 1161 2640 Hoc
1178 2610 1235 2640 tibi
1255 2620 1318 2640 non
1330 2609 1467 2649 invideo]
1493 2609 1681 2650 Respondet

985 2651 1162 2691 superiori:
1188 2652 1318 2683 Invideo
1331 2652 1401 2689 tibi,
1425 2651 1511 2691 quod
1526 2657 1588 2690 est,
1602 2653 1681 2684 felix

984 2702 1030 2729 es,
1047 2693 1102 2732 qui
1117 2693 1180 2723 ista
1194 2703 1302 2724 coram
1316 2703 1381 2724 non
1397 2694 1522 2724 vidisti:
1547 2699 1582 2725 at
1597 2695 1659 2726 hoc
1673 2707 1681 2725 :

983 2734 1065 2764 nihil
1094 2735 1272 2774 perdidisti,
1287 2746 1360 2766 cum
1385 2745 1450 2766 non
1468 2736 1575 2767 vidisti
1594 2736 1682 2768 Len-

982 2777 1091 2807 tulum
1109 2782 1275 2816 petentem
1290 2777 1508 2810 sacerdotium
1524 2783 1558 2810 et
1574 2778 1683 2821 repul-

982 2828 1052 2850 sam
1067 2819 1241 2850 ferentem.
