1903 3218
328 76 406 137 εἶπέ
731 95 909 135 EmsT.
937 95 1119 134 LIBER
1145 96 1349 135 NONUS

328 217 354 242 a
373 209 498 258 porta
519 199 694 242 domum
714 214 851 241 meam
866 200 1044 241 venisse.
1069 214 1205 255 neque
1222 200 1304 241 hoc
1323 199 1524 248 admiror,
1537 197 1652 254 quod
1674 212 1761 239 non

284 267 317 298 b.
331 259 383 300 ad
407 268 524 299 tuam
548 258 715 313 potius;
747 257 819 298 sed
843 257 960 307 illud,
982 258 1097 312 quod
1123 272 1204 298 non
1231 257 1280 297 ad
1305 271 1440 297 suam.
1501 255 1597 311 Ego
1619 263 1762 296 autem

332 316 481 371 primis
515 316 650 356 tribus
685 315 839 365 verbis,
862 313 979 360 Quid
1013 324 1156 355 noster
1178 312 1353 355 Paetus?
1385 322 1430 353 at
1458 311 1526 353 ille
1548 311 1765 366 adjuranS,

334 371 557 427 Nusquam
590 385 633 412 se
665 385 866 424 umquam
900 369 1116 411 libentius.
1178 370 1278 412 Hoc
1311 370 1344 410 si
1377 369 1517 410 verbis
1548 377 1766 409 assecutus

332 443 392 482 es,
415 443 535 470 aures
558 429 609 468 ad
635 438 675 468 te
697 426 869 467 afferam
895 441 980 466 non
1005 427 1144 467 minus
1165 427 1398 483 elegantes.
1431 427 1494 466 sin
1523 433 1666 466 autem
1689 425 1767 465 ob-

337 487 482 527 sonio:
517 496 616 541 peto
638 499 663 524 a
685 493 741 533 te,
762 497 814 523 ne
836 482 967 538 pluris
987 498 1076 523 esse
1094 482 1258 533 balbos,
1277 497 1405 538 quam
1428 483 1608 523 disertos
1630 490 1769 536 putes.

339 543 417 584 Me
442 542 635 597 quotidie
659 539 774 581 aliud
798 553 852 580 ex
878 539 962 580 alio
994 539 1190 596 impedit.
1250 539 1350 590 Sed,
1373 541 1406 581 si
1433 554 1500 581 me
1522 537 1770 594 expediero,

338 611 386 640 ut
407 601 450 640 in
483 599 564 638 ista
586 598 680 638 loca
702 597 844 637 venire
869 595 1043 652 possim,
1066 610 1152 636 non
1183 597 1469 647 committam,
1493 606 1539 637 ut
1566 605 1607 636 te
1630 609 1724 636 sero
1747 609 1773 635 a

340 671 408 698 me
429 655 652 697 certiorem
678 652 838 694 factum
865 663 1001 707 putes.

277 734 329 767 20
855 733 1257 771 ARGUMENTUM.

339 802 494 840 Jocatur
522 814 590 849 pro
621 811 727 839 more,
755 810 792 834 se
819 797 1039 846 Epicureum
1060 796 1210 845 factum
1239 797 1372 838 dicens,
1402 795 1542 843 abjecta
1570 796 1776 844 reipublicae

390 867 490 895 cura,
509 855 659 900 ideoque
687 852 833 889 lautius,
854 861 963 897 quam
990 853 1110 888 antea,
1129 849 1378 896 excipiendum
1403 860 1487 885 esse.
1540 848 1686 884 Deinde
1711 859 1774 884 ra-

394 909 508 943 tiones
524 917 596 941 suae
614 906 696 940 vitae
713 908 749 939 et
763 903 968 938 studiorum
983 901 1186 949 perscribit.

827 966 1065 1010 CICERO
1098 965 1292 1008 PAETO.

346 1029 744 1081 DUPLICITER
774 1037 1009 1078 delectatus
1040 1050 1133 1078 sum
1165 1035 1447 1085 tuislitteris,
1469 1043 1512 1075 et
1542 1034 1656 1091 quod
1688 1034 1780 1090 ipse

345 1098 432 1147 risi,
454 1106 497 1137 et
517 1095 633 1151 quod
657 1105 697 1135 te
720 1094 911 1136 intellexi
930 1094 1022 1149 jam
1047 1106 1171 1149 posse
1194 1092 1342 1133 ridere.
1406 1091 1485 1132 Me
1509 1101 1651 1132 autem
1675 1106 1700 1131 a
1723 1100 1779 1142 te,

345 1163 393 1195 ut
423 1156 463 1184 8²¹
477 1166 664 1194 scurram
701 1151 886 1201 velitem,
921 1150 1042 1192 malis
1077 1158 1300 1190 oneratum
1341 1163 1446 1200 esse,
1479 1163 1565 1189 non
1601 1147 1780 1188 moleste

346 1211 439 1253 tuli.
501 1209 611 1250 Illud
642 1209 782 1259 doleo,
805 1209 847 1249 in
871 1209 952 1249 ista
981 1207 1075 1248 loca
1102 1206 1246 1247 venire
1271 1220 1354 1257 me,
1377 1214 1426 1246 ut
1454 1205 1778 1254 constitueram,

347 1282 432 1310 non
459 1266 661 1323 potuisse.
693 1265 915 1306 habuisses
937 1265 1050 1305 enim
1083 1278 1168 1304 non
1197 1263 1428 1318 hospitem,
1451 1262 1524 1303 sed
1551 1261 1783 1304 contuber-

347 1325 502 1366 nalem.
562 1323 622 1363 At
643 1337 770 1377 quem
797 1323 957 1363 virum?
989 1335 1074 1362 non
1099 1334 1212 1372 eum,
1231 1334 1358 1375 quem
1379 1329 1424 1360 tu
1447 1333 1490 1360 es
1510 1318 1659 1360 solitus
1717 1333 1782 1358 ro-

348 1381 529 1423 mulside
550 1380 776 1421 conficere.
842 1379 1058 1434 Integram
1083 1376 1240 1418 famem
1260 1377 1311 1417 ad
1335 1391 1465 1417 ovum
1484 1375 1632 1417 affero.
1721 1384 1784 1415 ta-

347 1454 431 1494 que
454 1452 586 1492 usque
609 1438 659 1476 ad
683 1450 824 1476 assum
849 1435 1075 1476 vitulinum
1099 1448 1230 1489 opera
1252 1433 1513 1489 perducitur.
1574 1428 1653 1473 Illa
1675 1445 1785 1482 mea,

348 1511 445 1550 quae
470 1495 634 1535 solebas
655 1502 780 1533 antea
801 1491 988 1542 laudare,
1007 1506 1033 1531 o
1057 1490 1275 1530 'nominem
1295 1489 1487 1530 facilem!
1521 1503 1546 1530 o
1568 1488 1786 1544 hospitem

349 1565 435 1594 non
469 1551 668 1608 gravem!
712 1549 925 1590 abierunt.
987 1547 1102 1589 Nam
1135 1560 1306 1587 omnem
1346 1554 1537 1586 nostram
1576 1545 1629 1586 de
1662 1558 1786 1600 repu-

351 1609 464 1650 blica
494 1621 656 1657 curam,
678 1605 989 1662 cogitationem
1022 1604 1074 1645 de
1101 1603 1283 1645 dicenda
1310 1603 1352 1644 in
1383 1611 1533 1643 senatu
1563 1601 1789 1653 sententia,

351 1665 762 1707 commentationem
802 1676 1041 1713 causarum,
1083 1661 1334 1716 abjecimus,
1396 1658 1448 1701 In
1492 1658 1668 1715 Epicuri
1710 1672 1789 1700 nos

353 1721 583 1764 adversarii
607 1721 741 1762 nostri
766 1730 905 1761 castra
926 1717 1214 1773 conjecimus:
1249 1731 1327 1758 nec
1352 1724 1496 1757 tamen
1518 1716 1571 1757 ad
1592 1715 1704 1756 hanc
1727 1714 1792 1755 in-

311 1786 320 1790 ‘
355 1779 604 1822 solentiam:
638 1778 711 1818 sed
732 1776 786 1818 ad
809 1776 924 1817 illam
949 1785 1064 1816 tuam
1097 1774 1324 1825 lautitiam,
1345 1783 1533 1814 veterem
1555 1772 1669 1822 dico,
1690 1785 1790 1813 cum

356 1838 400 1878 in
433 1845 621 1877 sumtum
655 1834 858 1875 habebas.
889 1836 929 1864 83
945 1832 1025 1873 etsi
1058 1845 1291 1887 numquam
1317 1829 1437 1886 plura
1463 1829 1626 1886 praedia
1654 1828 1794 1869 habu-

355 1894 442 1935 isti.
505 1891 692 1934 Proinde
714 1900 756 1932 te
787 1904 903 1946 para,
925 1903 1025 1930 cum
1049 1888 1225 1931 homine
1246 1897 1290 1928 et
1310 1888 1430 1928 edaci
1459 1887 1538 1928 tibi
1562 1900 1626 1927 res
1648 1894 1727 1936 est,
1749 1894 1793 1926 et

356 1951 431 2007 qui
466 1949 559 2005 jam
596 1948 758 2003 aliquid
791 1946 1018 2002 intelligat.
1059 1948 1239 1998 ὀψιμαθεῖς
1278 1954 1419 1985 autem
1458 1944 1671 1994 homines,
1709 1942 1793 1984 scis

357 2022 486 2063 quam
510 2005 740 2047 insolentes
762 2003 862 2044 sint.
893 2002 1163 2044 dediscendae
1195 2000 1274 2041 tibi
1299 2010 1398 2042 sunt
1427 1999 1642 2057 sportellae
1664 2008 1708 2040 et
1728 2013 1794 2039 ar·

359 2064 548 2121 tolagani
583 2063 662 2104 tui.
722 2064 763 2093 84
778 2060 870 2102 Nos
894 2060 989 2115 jam
1020 2059 1123 2100 artis
1156 2066 1323 2099 tantum
1355 2058 1577 2109 habemus,
1609 2066 1657 2098 ut
1687 2055 1793 2096 Ver-

358 2122 470 2163 rium
502 2130 622 2162 tuum
654 2128 698 2159 et
727 2117 974 2167 Camillum,
995 2130 1080 2172 qua
1109 2114 1321 2156 munditia
1343 2115 1567 2156 homines?
1597 2127 1684 2169 qua
1711 2112 1796 2152 ele-

347 2179 536 2234 ganda?
569 2190 722 2218 vocare
744 2175 902 2231 saepius
923 2173 1170 2215 audeamus,
1230 2171 1313 2213 Sed
1339 2172 1434 2214 vide
1462 2170 1702 2213 audaciam.
1732 2178 1796 2210 et-

228 2258 260 2288 p.
280 2249 348 2281 139.
363 2236 446 2276 iam
470 2233 619 2276 Hirtio
642 2247 792 2274 cenam
814 2231 912 2273 dedi
932 2231 1022 2271 sine
1042 2243 1223 2285 pavone,
1243 2240 1385 2270 tamen
1409 2229 1451 2270 in
1468 2243 1518 2270 ea
1539 2242 1645 2269 cena
1666 2240 1796 2268 cocus

318 2299 481 2333 ³·‘meus
505 2302 659 2347 praeter
682 2290 756 2345 jus
788 2288 955 2330 fervens
987 2286 1094 2329 nihil
1116 2286 1259 2343 potuit
1289 2286 1465 2327 imitari.
1525 2284 1638 2327 Haec
1665 2284 1798 2340 igitur

357 2416 360 2419 ”
401 2419 441 2447 82
467 2424 620 2446 scurram
645 2412 787 2452 velitem]
828 2422 858 2443 v.
889 2411 997 2444 Clavis
1023 2412 1057 2442 in
1101 2409 1289 2446 MenteLin
1304 2419 1367 2449 quo
1383 2414 1496 2439 tamen
1510 2408 1606 2439 areis.
1633 2407 1798 2437 Victorius

354 2461 451 2489 veles.
1101 2453 1244 2484 correxit
1268 2456 1303 2482 et
1325 2451 1428 2481 edidit
1453 2451 1503 2481 N.
1519 2449 1551 2491 j.
1567 2455 1597 2480 et
1612 2451 1707 2479 areis.
1723 2455 1797 2480 tan-

401 2503 441 2532 83
464 2500 522 2530 elsi
541 2507 723 2537 numquam
740 2499 843 2536 plura
855 2496 983 2536 proede'm
997 2497 1057 2526 Ira·-
1099 2500 1173 2525 tum
1195 2504 1236 2524 ez·
1258 2494 1392 2524 mutabo
1421 2494 1455 2523 in
1478 2497 1521 2530 et,
1542 2502 1614 2531 quae
1641 2492 1737 2522 verba
1765 2492 1800 2522 in

359 2543 470 2582 haisti]
508 2551 553 2571 sc.
577 2541 654 2579 quia
675 2539 781 2569 multa
803 2543 972 2577 acceperat
1002 2549 1058 2577 per
1098 2537 1190 2568 libris
1206 2535 1371 2566 interdum
1386 2538 1628 2575 permutantur.
1671 2534 1732 2564 Sed
1748 2539 1799 2564 ta-

359 2584 611 2616 aestimationem
628 2591 686 2621 pro
701 2581 840 2621 pecunia
854 2590 928 2610 cum
943 2583 1054 2620 jactu·
1100 2588 1175 2610 men
1201 2577 1282 2608 illud
1305 2582 1335 2607 et
1356 2576 1502 2616 languet.
1545 2576 1621 2607 Jam
1637 2580 1714 2606 ante
1729 2576 1798 2606 dix-

358 2638 397 2659 ra·
409 2635 538 2666 magnae
554 2625 712 2665 pecuniae.
1098 2626 1180 2657 erat,
1195 2629 1228 2650 se
1249 2619 1371 2659 aliquid
1397 2618 1581 2658 intellig-ere
1597 2619 1630 2648 in
1657 2618 1719 2649 hoe
1743 2627 1798 2657 ge-

401 2673 440 2700 84
466 2670 537 2699 Nos
550 2667 628 2707 jam
646 2676 686 2696 ex
700 2664 796 2704 artis]
823 2664 876 2695 Sic
897 2663 949 2694 ed.
972 2663 1057 2694 Gru-
1100 2673 1188 2694 nere.
1234 2661 1317 2701 Ego,
1341 2661 1414 2700 quia
1438 2661 1485 2691 nil
1508 2661 1589 2691 certi
1611 2665 1673 2697 est,
1694 2659 1797 2690 delevi

356 2713 433 2742 teri.
478 2710 574 2741 Varie
604 2709 693 2738 locus
716 2708 749 2738 in
772 2707 862 2737 libris
889 2705 1056 2742 scribitur,
1100 2715 1150 2735 ex.
1173 2707 1307 2735 tantum
1325 2705 1397 2740 jam
1421 2702 1638 2742 intelligendo
1663 2701 1798 2743 profeci,

356 2754 465 2783 editur
487 2760 520 2783 et
549 2752 736 2790 cori-igitur,
759 2758 831 2788 quae
852 2751 907 2787 qui
936 2757 1054 2787 cogno·
1101 2752 1137 2777 ut
1161 2746 1410 2785 elegantissimis
1434 2745 1517 2785 gulis
1541 2745 1725 2777 satisfacere
1747 2752 1798 2773 me

356 2805 445 2826 scere
468 2795 557 2830 velit,
575 2794 669 2824 adeat
685 2792 734 2822 ed.
751 2790 871 2822 Graevii
886 2803 893 2820 :
918 2791 971 2829 qui
987 2791 1054 2820 edi-
1101 2798 1193 2830 posse
1208 2788 1335 2820 credam
1355 2789 1413 2817 &tu

357 2838 405 2868 dit
430 2838 480 2869 N.
503 2842 615 2868 autem
636 2836 720 2866 artis
741 2837 873 2865 tantum
896 2834 927 2863 Ιι.
951 2844 969 2863 e
993 2833 1055 2863 ΜΞ.
