1903 3218
363 85 445 123 AD
470 85 527 124 M.
557 84 902 123 VARRONEM
928 83 1002 122 ΕΤ
1030 82 1305 133 CETEROS.
1485 84 1563 122 227

128 183 170 218 76
186 186 339 230 nullius
377 189 527 230 adhuc
553 188 732 231 consilia
767 202 835 228 me
870 186 971 228 huic
1007 195 1294 240 anteponere:
1339 184 1419 224 nisi
1451 182 1562 223 forte

129 244 238 284 mori
269 244 419 287 melius
451 246 548 287 fuit.
579 248 618 279 77
636 245 679 286 in
704 243 876 294 lectulo,
899 243 1065 284 fateor:
1098 241 1170 281 sed
1200 255 1286 280 uon
1313 239 1484 280 accidit.
1516 240 1561 280 in

127 299 220 340 acie
253 315 337 343 non
373 302 449 344 fui.
511 302 654 344 Ceteri
691 301 880 356 quidem,
917 298 1165 355 PompeiuS,
1201 296 1406 337 Lentulus
1443 306 1555 344 tuus,

127 356 291 412 Scipio,
310 358 527 409 Afranius,
546 357 664 399 foede
687 358 918 414 perierunt.
970 356 1030 396 At
1053 355 1164 396 Cato
1187 353 1405 410 praeclare.
1455 351 1555 393 Jam
1566 370 1596 400 p.
1617 361 1688 393 138.

126 412 238 455 istuc
264 415 451 470 quidem,
473 429 570 456 cum
604 415 810 465 volemus,
832 414 994 456 licebit.
1025 413 1174 454 demus
1206 409 1336 451 modo
1366 412 1597 464 operam,³·

125 483 180 510 ne
214 480 300 512 tam
331 485 511 522 necesse,
528 472 654 514 nobis
687 472 756 523 sit,
779 485 906 526 quam
939 470 998 512 illi
1024 470 1121 511 fuit.
1155 467 1194 508 id
1227 467 1343 522 quod
1373 465 1557 521 agimus.

126 524 243 582 Ergo
274 529 357 570 hoc
389 529 588 584 primum.
649 528 852 583 Sequitur
885 528 1002 578 illud,
1038 526 1136 582 Ipse
1170 524 1319 565 melior
1347 522 1430 564 fio:
1472 522 1559 577 pri-

123 596 240 625 mum
266 585 513 636 valitudine,
536 599 678 641 quam,
703 586 954 627 intermissis
982 581 1383 631 exercitationibus,
1404 580 1558 620 amise-

126 653 241 682 ram:
271 641 425 683 deinde
451 643 545 698 ipsa
565 642 648 693 illa,
672 642 705 682 si
737 657 821 698 qua
846 642 930 683 fuit
955 642 996 683 in
1020 654 1102 690 me,
1126 638 1306 680 facultas
1335 636 1558 687 orationis,

124 697 206 737 nisi
235 712 303 739 me
333 699 386 740 ad
420 699 495 740 has
522 700 854 741 exercitationes
878 699 1131 747 retulissem,
1156 695 1408 736 exaruisset.
1469 692 1558 734 Ex-

125 761 308 796 tremum
341 755 443 797 illud
472 765 550 806 est,
572 756 687 812 quod
714 764 761 796 tu
786 756 930 797 nescio
961 771 1013 797 an
1041 755 1224 811 primum
1248 761 1386 808 putes.
1419 750 1558 806 plures

115 808 211 864 jam
235 825 421 867 pavones
443 813 628 865 confeci,
649 828 778 868 quam
802 823 847 853 tu
871 813 1008 869 pullos
1026 810 1312 853 columbinos.
1372 807 1437 849 Tu
1462 806 1560 848 istic

123 875 164 906 te
182 865 422 911 Atheriano
453 871 603 926 78jure
620 870 859 911 delectato:
891 885 974 927 ego
994 883 1062 910 me
1078 868 1150 909 hic
1175 866 1395 908 Hirtiano.
1448 863 1560 906 Veni

123 923 270 979 igitur,
291 927 324 966 si
345 928 410 967 vir
427 941 485 978 eS‚
512 931 553 962 79
565 936 609 968 et
627 927 849 982 discejarn
867 929 1119 981 προλεγομένοις,
1140 931 1245 979 quas
1264 923 1445 979 quaeris:
1477 922 1558 962 etsi

123 995 194 1022 sus
229 981 491 1025 Minervam.
552 984 636 1025 Sed
662 984 852 1039 quando,
882 993 929 1023 ut
964 981 1101 1032 video,
1125 981 1433 1022 aestimationes
1465 988 1559 1020 tuas

122 1038 306 1080 vendere
335 1054 422 1081 non
448 1049 585 1097 potes,
611 1055 752 1096 neque
780 1041 906 1081 ollam
940 1039 1211 1080 denariorum
1244 1037 1435 1093 implere,
1467 1035 1559 1077 Ro-

120 1108 236 1136 mam
260 1096 340 1138 tibi
362 1098 683 1154 remigrandum
705 1108 784 1139 est.
845 1096 988 1138 Satius
1007 1106 1071 1136 est
1089 1095 1160 1136 hic
1182 1095 1409 1144 cruditate,
1428 1107 1558 1148 quam

120 1150 219 1193 istic
241 1152 369 1196 fame.
433 1155 568 1196 Video
591 1164 632 1196 te
657 1156 769 1195 bona
791 1154 1048 1210 perdidisse:
1082 1166 1205 1208 spero
1225 1152 1339 1192 idem
1362 1151 1472 1191 istuc
1495 1149 1558 1190 fa-

121 1208 307 1251 miliares
359 1219 470 1252 tuos.
529 1211 690 1252 Actum
736 1212 870 1266 igitur
906 1210 959 1250 de
1001 1220 1042 1249 te
1087 1219 1166 1259 est,
1209 1209 1288 1248 nisi
1342 1206 1558 1262 provides.

125 1264 256 1308 Potes
277 1268 394 1309 mulo
417 1269 514 1318 isto,
537 1282 665 1322 quem
696 1268 775 1308 tibi
799 1267 1007 1322 reliquum
1037 1265 1145 1306 dicis
1172 1279 1278 1315 esse,
1301 1278 1433 1318 quum
1457 1278 1559 1305 can-

123 1321 310 1364 therium
349 1325 591 1375 comedisti,
634 1324 819 1365 Romam
865 1322 1056 1379 pervehi.
1117 1322 1229 1363 Sella
1271 1322 1350 1362 tibi
1394 1320 1476 1360 erit
1518 1320 1562 1360 in

122 1378 238 1431 ludo,
269 1391 486 1437 tamquam
520 1380 858 1437 hypodidascalo
893 1380 1105 1436 proxima.
1136 1393 1230 1420 eam
1265 1377 1466 1434 pulvinus
1499 1388 1564 1416 se-

120 1446 290 1490 quetur.

600 1545 602 1548 .
640 1515 1044 1553 ARGUMENTUM.
1579 1516 1630 1557 19

123 1577 329 1627 Scripserat
361 1578 497 1620 Paetus,
523 1578 679 1614 Balbum
709 1581 807 1615 tenui
835 1583 1018 1627 apparatu
1035 1577 1158 1627 fuisse
1185 1580 1402 1613 contentum.
1463 1575 1564 1612 Una'e

164 1629 329 1677 jocatur,
347 1630 529 1666 malitiose
555 1630 629 1666 haec
657 1632 742 1674 dici,
762 1636 803 1666 ut
830 1643 867 1666 se
890 1642 1031 1679 quoque
1057 1631 1107 1666 ad
1134 1630 1283 1665 eandem
1307 1633 1370 1664 aut
1391 1630 1565 1663 minorem

174 1684 436 1718 continentiam
454 1683 656 1718 devocaret.

336 1748 571 1790 CICERO
604 1749 649 1790 S.
687 1748 741 1790 D.
777 1749 825 1789 L.
861 1748 1121 1791 PAPIRIO
1154 1746 1350 1789 PAETO.

119 1805 353 1858 TAMEN
376 1832 401 1857 a
422 1816 586 1857 malitia
613 1831 699 1857 non
724 1816 924 1858 discedis.
957 1820 996 1848 80
1015 1816 1233 1858 tenuiculo
1265 1823 1473 1872 apparatu
1508 1815 1563 1855 si·
1589 1860 1592 1862 v

122 1873 305 1929 gnificas
324 1873 507 1915 Balbum
534 1873 664 1914 fuisse
686 1883 956 1915 contentum.
987 1873 1071 1915 hoc
1106 1874 1260 1914 videris
1284 1874 1440 1923 dicere,
1462 1887 1562 1913 cum

121 1944 243 1986 reges
276 1941 362 1972 tam
398 1932 484 1971 sint
514 1931 801 1982 continentes,
835 1931 972 1972 multo
1016 1933 1154 1987 magis
1192 1930 1436 1972 consulares
1472 1942 1563 1969 esse

121 1997 335 2043 oportere.
359 1988 494 2029 nescis
520 2001 587 2028 me
610 1989 664 2029 ab
688 1987 758 2028 illo
781 1989 927 2030 omnia
950 1989 1238 2046 expiscatum.
1271 1990 1307 2018 81
1328 1995 1443 2028 recta
1463 2000 1562 2027 eum

137 2101 203 2172 ι176
225 2101 350 2132 nullius
365 2102 564 2141 mamilia]
604 2101 721 2132 Malim
744 2111 818 2132 eon-

115 2151 143 2172 π
158 2151 239 2173 zum.

161 2187 202 2218 77
232 2184 270 2215 in
298 2185 426 2222 lectulo,
443 2183 577 2225 fateor]
624 2185 819 2226 Inter-punxi

119 2230 195 2266 post
211 2227 338 2257 lectulo.
381 2226 529 2256 Graevius
543 2227 644 2258 edidit
658 2229 721 2258 nisi
722 2226 759 2267 f.
773 2238 817 2258 m.

118 2267 246 2307 msm't
260 2269 296 2299 in
311 2269 434 2299 lectulo.
437 2267 566 2308 fateor.
580 2275 618 2300 ut
632 2276 683 2308 est
698 2270 732 2300 in
747 2270 819 2300 edd.

117 2310 311 2349 quibusdam
334 2320 385 2351 pr.
408 2311 499 2346 etin
524 2311 587 2342 Ms.
609 2311 672 2343 Gu.
700 2315 728 2343 l.
752 2321 818 2342 non

117 2352 212 2384 bene.
258 2353 377 2383 Sensus
402 2357 473 2383 est:
496 2353 612 2384 melius
634 2353 698 2384 fuit
719 2354 815 2385 mori.

118 2394 153 2424 Si
168 2403 256 2425 mors
271 2394 471 2433 intelligitur
485 2395 554 2425 sine
570 2397 612 2432 vi,
629 2406 667 2426 ex
689 2396 817 2434 morbo,

118 2436 273 2468 concedo.
317 2437 394 2467 Post·
407 2437 464 2468 sed
477 2436 560 2468 forte
575 2438 694 2470 excidit
710 2439 754 2469 id.

161 2481 207 2520 78-
215 2477 312 2519 jure]
345 2478 453 2509 Lusus
480 2486 527 2510 est
560 2481 594 2510 in
616 2481 677 2510 hoe
706 2480 816 2517 verbo,

117 2521 205 2558 quod
218 2521 362 2561 primum
370 2521 490 2560 dejure
501 2522 587 2552 civili
603 2521 815 2561 intelligitur,

120 2562 236 2609 d-eiude
253 2562 427 2601 convivali,
443 2565 478 2594 in
501 2565 601 2595 coenis
621 2565 724 2595 Hirtii
747 2565 818 2596 lau-

117 2607 174 2634 (18.
314 2633 316 2635 .
439 2630 442 2633 .

148 2647 204 2679 ’79
223 2643 256 2676 e't
276 2646 360 2677 disce
371 2646 450 2688 jam
474 2647 551 2687 &c.]
586 2647 686 2678 Hune
706 2648 816 2679 locum

119 2687 274 2718 vitiosum
292 2688 421 2728 judicat
450 2690 627 2727 Victorius,
643 2690 700 2721 sed
718 2697 818 2731 negat

120 2737 155 2758 se
176 2730 337 2770 corrigere
350 2741 461 2771 ¹posse.
505 2733 544 2763 ln
566 2732 632 2764 ΜΒ.
663 2733 751 2764 Med.
767 2738 817 2764 est

119 2771 262 2802 disc-eam
289 2779 377 2815 προλ.
404 2779 439 2805 et
466 2779 540 2815 post
576 2776 633 2806 sed
666 2777 820 2816 quomodo

119 2813 239 2845 videro.
251 2814 280 2845 ez
290 2817 403 2856 cestim.
420 2818 480 2849 διο.
525 2816 613 2848 Hinc
628 2818 676 2850 vir
689 2817 819 2859 doctus,

861 2103 915 2142 qui
931 2102 1066 2132 editioni
1092 2110 1227 2142 operum
1254 2099 1377 2130 Mureti
1394 2099 1563 2130 Patavinae

861 2156 893 2174 a.
914 2147 1003 2177 1740.
1028 2144 1183 2184 praefatus
1197 2147 1261 2180 est,
1276 2142 1321 2172 sic
1336 2141 1447 2172 locum
1462 2141 1562 2181 confi.

862 2186 910 2225 git
922 2202 928 2216 ι
950 2187 1006 2216 sed
1019 2187 1103 2217 disee
1117 2195 1139 2216 a
1154 2195 1206 2215 me
1219 2184 1447 2228 προλεγομένοις.
1459 2183 1562 2223 quas?

860 2229 988 2268 quoeris.
1021 2228 1102 2259 Etsi
1115 2238 1169 2259 sus
1183 2227 1372 2258 Mnervam
1386 2239 1394 2256 .·
1414 2227 1472 2259 sed
1484 2235 1561 2265 quo-

862 2272 965 2307 modo,
983 2271 1101 2301 videro.
1117 2269 1372 2303 AEstimaciones
1386 2272 1447 2300 διο.
1490 2268 1560 2298 lni-

862 2313 949 2343 tium
965 2312 1177 2343 correctionis
1191 2312 1276 2342 disce
1291 2322 1313 2342 a
1327 2321 1390 2349 me,
1406 2320 1474 2341 non
1497 2310 1561 2340 dis-

860 2354 973 2394 plicet.
1018 2355 1059 2385 In
1087 2354 1137 2385 ed.
1165 2354 1262 2385 Rom.
1284 2360 1336 2384 est
1363 2358 1497 2385 tantum
1516 2354 1560 2382 >et

857 2397 945 2428 disce
955 2403 1043 2441 προλ.
1059 2402 1092 2428 et
1106 2398 1153 2427 sic
1169 2397 1248 2427 Mss.
1265 2394 1381 2428 nostri.

903 2442 944 2470 80
976 2439 1154 2479 tenuiculo]
1186 2438 1353 2469 Victorius
1382 2440 1496 2468 monet
1524 2435 1561 2466 in

860 2481 948 2512 Med.
965 2492 1033 2513 esse
1048 2482 1208 2512 tenacula.
1251 2479 1304 2511 Sic
1322 2485 1373 2511 est
1387 2486 1421 2509 et
1445 2481 1479 2509 in
1499 2482 1558 2508 no-

858 2527 941 2561 stro,
956 2529 991 2554 et
1004 2524 1068 2554 Gu.
1085 2525 1116 2554 2.
1296 2523 1301 2527 ”
1426 2532 1427 2535 ’

902 2568 941 2596 81
964 2571 1055 2597 recta
1066 2564 1330 2604 euim-venisse]
1353 2562 1482 2594 Venisse
1493 2571 1561 2592 non

861 2606 974 2646 habet,
989 2608 1078 2642 unde
1101 2608 1253 2649 pendeat.
1299 2605 1446 2636 Graevius
1461 2615 1479 2635 e
1496 2605 1561 2634 Ms.

860 2648 1014 2681 Lambini
1038 2651 1173 2690 corrigit
1196 2653 1286 2680 recta
1309 2658 1397 2682 eum,
1420 2646 1441 2677 i.
1457 2657 1485 2677 e.
1502 2654 1560 2676 ne·

860 2692 933 2724 scis.
962 2694 1014 2723 Sir:
1028 2692 1128 2724 habet
1141 2697 1176 2722 et
1192 2692 1253 2722 Ms.
1270 2691 1332 2720 Gu.
1356 2693 1383 2720 l.
1399 2688 1451 2720 ed.
1469 2688 1558 2720 Med.

860 2736 907 2766 sic
928 2735 1030 2766 edidit
1053 2734 1248 2769 Lambinus.
1274 2738 1309 2762 et
1322 2732 1367 2775 sic
1382 2732 1450 2771 ipse
1465 2731 1562 2762 edidi.

861 2779 1018 2809 ceterum
1035 2777 1149 2808 malim
1172 2780 1263 2807 recta
1279 2774 1508 2814 enim—evenit,
1522 2779 1561 2805 ut

861 2824 895 2860 et
910 2819 982 2851 aliis
997 2818 1131 2860 placuit.
1147 2824 1231 2849 teste
1247 2815 1404 2859 Corradob.
1443 2855 1445 2857 ι

798 2867 884 2913 92
