1903 3218
347 88 425 122 ⁴244
716 82 894 120 EPIST.
921 81 1102 119 LIBER
1130 81 1402 134 DEcIMth

350 186 514 228 ciendae
546 187 674 227 etiam
707 186 945 227 voluntates
976 185 1250 240 reliquorum,
1272 184 1345 239 qui
1376 183 1570 226 finitimis
1601 184 1774 239 provin-

351 244 430 284 ciis
452 243 798 298 exercitibusque
820 241 1106 299 praefuerunt:
1140 252 1186 282 ut
1211 243 1351 298 potius
1372 255 1471 282 cum
1494 241 1684 297 pluribus
1706 255 1773 281 so·

354 302 551 342 cietatem
571 300 849 342 defendendae
869 299 1079 354 libertatis
1102 299 1318 349 iniremus,
1337 312 1463 354 quam
1480 312 1578 338 cum
1602 297 1775 353 paucio-

356 358 473 398 ribus
502 357 713 398 funestam
741 358 834 397 orbi
867 366 1070 396 terrarum
1099 355 1321 396 victoriam
1349 354 1614 410 partiremur.
1675 352 1778 393 Mu·

356 415 499 455 niendi
526 429 624 455 vero
655 413 903 468 nosmetipsi
938 411 1110 462 fuimus,
1137 422 1263 453 aucto
1293 412 1501 461 exercitu,
1523 409 1779 464 auxiliisque

359 471 675 526 multiplicatis:
711 479 770 519 ut,
793 483 889 509 cum
922 466 1216 523 praeferremus
1248 482 1392 509 sensus
1421 476 1580 524 aperte,
1604 476 1693 507 tum
1715 475 1777 506 et-

359 529 458 578 iam,
485 527 628 568 invitis
659 525 929 581 quibusdam,
952 524 1064 574 sciri,
1086 524 1188 579 quid
1219 524 1431 565 defensuri
1462 538 1663 574 essemus,
1695 537 1778 564 non

359 594 469 624 esset
502 581 800 637 periculosum.
861 580 929 622 Ita
959 594 1192 635 numquam
1222 580 1453 632 diffitebor,
1475 581 1608 621 multa
1630 594 1711 630 ine,
1736 591 1780 619 ut

359 641 412 681 ad
443 640 643 681 effectum
677 639 826 679 horum
868 638 1142 679 consiliorum
1183 639 1461 692 pervenirem,
1491 648 1533 679 et
1565 637 1783 678 simulasse

360 698 558 747 invitum,
580 707 623 736 et
643 694 929 736 dissimulasse
960 709 1055 735 cum
1079 693 1251 735 dolore:
1283 694 1397 747 quod
1430 704 1687 749 praematura
1709 693 1781 734 de-

360 754 574 794 nuntiatio
600 753 698 793 boni
731 752 837 792 civis
870 751 1083 807 imparati,
1105 765 1230 805 quam
1266 750 1502 805 periculosa
1521 761 1645 802 esset,
1675 753 1714 781 23
1728 764 1781 790 ex

362 826 461 851 casu
497 811 673 864 collega·
702 809 913 848 videbam.
975 807 1076 853 Quo
1107 808 1280 847 nomine
1310 807 1439 847 etiam
1469 806 1520 848 C.
1546 807 1705 848 Furnio
1726 807 1783 848 le-

364 877 480 921 gato,
511 868 600 906 viro
631 866 731 905 forti
765 875 894 919 atque
927 871 1114 914 strenuo,
1150 864 1268 918 plura
1302 864 1431 904 etiam
1473 864 1618 914 verbo,
1655 878 1781 919 quam

363 925 586 977 scriptura,
609 923 808 963 mandata
828 921 1041 961 dedimus:
1075 930 1120 961 ut
1140 932 1182 960 et
1205 921 1358 961 tectius
1381 921 1432 962 ad
1452 934 1527 961 vos
1552 919 1786 976 perferren-

365 993 445 1031 tur,
462 990 503 1020 et
525 995 598 1020 nos
616 993 801 1020 essemus
821 979 1022 1019 tutiores:
1055 979 1294 1032 quibusque
1315 978 1438 1018 rebus
1454 986 1497 1018 et
1514 991 1786 1018 communem

364 1038 539 1078 salutem
580 1037 753 1085 muniri,
792 1046 834 1075 et
872 1049 949 1076 nos
996 1036 1147 1075 armari
1189 1036 1452 1085 conveniret,
1490 1035 1786 1090 praecepimus.

370 1094 430 1135 Ex
466 1109 551 1149 quo
589 1093 767 1148 intelligi
804 1102 958 1147 potest,
989 1094 1186 1133 ‘Meni-am
1222 1091 1468 1147 reipublicae
1502 1105 1680 1132 summae
1716 1091 1789 1132 de-

365 1151 592 1191 fendundae
625 1151 884 1205 jampridem
918 1149 1029 1204 apud
1062 1163 1138 1189 nos
1168 1150 1396 1189 excubare.
1458 1147 1601 1198 Nunc,
1632 1151 1672 1178 25
1691 1162 1788 1188 cum

364 1208 492 1248 deum
525 1207 787 1263 benignitate
810 1208 863 1247 ab
886 1207 1001 1246 omni
1034 1220 1078 1246 re
1105 1220 1248 1246 sumus
1273 1205 1518 1261 paratiores,
1542 1219 1625 1246 non
1652 1204 1790 1246 solum

368 1268 475 1305 bene
510 1278 678 1320 sperare
708 1264 760 1304 de
790 1264 914 1304 nobis
948 1264 1157 1311 homines,
1189 1262 1258 1302 sed
1292 1263 1331 1293 ⁴26
1344 1262 1564 1318 explorate
1597 1261 1792 1317 judicare

347 1323 577 1363 ‚volumus
640 1321 849 1377 Legiones
881 1320 1018 1360 liabeo
1042 1334 1082 1360 v.
1106 1320 1184 1359 sub
1215 1319 1362 1374 siguis,
1384 1331 1424 1359 et
1449 1334 1524 1360 sua
1554 1318 1637 1359 fide
1661 1319 1792 1360 virtu-

368 1390 493 1434 teque
518 1378 764 1433 reipublicae
792 1376 1183 1432 conjunctissimas,
1207 1387 1247 1416 et
1274 1386 1416 1417 nostra
1439 1375 1692 1417 liberalitate
1716 1389 1793 1416 no-

372 1439 432 1476 bis
463 1437 771 1489 obsequentes:
806 1434 1085 1489 provinciam,
1106 1435 1296 1473 omnium
1322 1433 1546 1474 civitatum
1569 1446 1794 1483 consensu,

369 1493 694 1548 paratissimam,
717 1502 758 1531 et
790 1504 956 1531 summa
985 1491 1262 1530 contentione
1292 1489 1343 1530 ad
1367 1489 1511 1530 officia
1531 1499 1791 1531 certantem:

364 1550 580 1604 equitatus
611 1548 954 1602 auxiliorumque
987 1556 1123 1587 tantas
1154 1546 1315 1601 copias,
1337 1556 1517 1601 quantas
1547 1545 1614 1586 hae
1645 1556 1794 1602 gentes

367 1608 417 1648 ad
460 1605 771 1648 defendendum
810 1618 928 1645 suam
960 1604 1137 1644 salutem
1172 1602 1496 1657 libertatemque
1526 1604 1565 1637 27
1584 1603 1796 1644 conficere

368 1674 559 1719 possunt.
620 1662 719 1717 vIpse
742 1663 801 1702 ita
823 1676 915 1702 sum
937 1662 1080 1701 animo
1104 1671 1289 1716 paratus,
1320 1663 1358 1691 28
1375 1669 1417 1700 ut
1444 1659 1506 1700 vel
1530 1659 1796 1714 provinciam

370 1720 491 1768 tueri,
516 1719 579 1760 vel
610 1720 684 1768 ire,
712 1733 795 1774 quo
828 1717 1068 1774 respublica
1092 1726 1228 1768 vocet,
1254 1716 1314 1756 vel
1347 1717 1510 1757 tradere
1542 1716 1796 1767 exercitum,

369 1776 542 1826 auxilia,
574 1776 939 1832 provinciamque,
970 1775 1031 1815 vel
1066 1788 1235 1814 omnem
1273 1774 1481 1829 impetum
1523 1773 1619 1814 belli
1653 1773 1694 1814 in
1728 1788 1798 1815 me

367 1843 615 1875 convertere
638 1847 722 1873 non
755 1846 959 1883 recusem,
983 1833 1017 1872 si
1040 1832 1167 1872 modo
1201 1845 1295 1871 ineo
1320 1845 1419 1871 casu
1449 1841 1522 1871 aut
1544 1830 1798 1872 confirmare

371 1990 480 2010 verum
495 1979 633 2011 videtur.
649 1989 723 2009 narn
739 1980 850 2008 elicere
866 1980 1061 2008 voluntatem
1107 1976 1256 2006 admi-bio
1271 1978 1315 2006 sic
1327 1977 1443 2007 utitur.
1460 1987 1487 2007 v.
1502 1975 1592 2007 Clav.
1608 1975 1704 2015 idque
1718 1986 1800 2018 prae-

369 2027 418 2052 est
441 2022 546 2053 facere
575 2029 644 2052 :arte
674 2019 825 2060 quadam,
850 2027 886 2050 ut
916 2021 1064 2050 homines
1106 2020 1239 2048 tulerim
1269 2028 1343 2049 cum
1375 2019 1558 2050 Gebhardo.
1601 2018 1654 2050 Sic
1679 2023 1714 2050 et
1736 2019 1798 2050 Gu.

369 2064 558 2101 ostendant,
574 2063 650 2103 quid
666 2063 780 2098 velint,
795 2072 858 2101 quo
874 2072 968 2093 sensu
983 2063 1061 2092 sint.
1111 2063 1136 2090 l.
1155 2064 1186 2090 ’2.

372 2116 446 2136 nam
464 2107 621 2142 elicimus,
636 2105 721 2144 quod
734 2106 803 2143 jam
821 2104 914 2135 inest.
931 2104 1015 2134 favet
1031 2111 1064 2134 et
1148 2104 1188 2133 25
1212 2112 1441 2133 cum-sumus
1450 2102 1650 2142 paratiores]
1679 2102 1718 2135 In
1735 2105 1799 2135 Ms.

371 2148 434 2178 Gu.
455 2151 480 2179 1.
505 2149 558 2187 qui
582 2147 680 2178 habet
701 2147 887 2176 elliciendoe.
932 2146 990 2176 Est
1012 2150 1063 2176 ta-

372 2200 447 2220 men
469 2192 582 2220 elicere
604 2200 662 2229 pro
684 2188 813 2219 allicere
840 2189 939 2219 etiam
970 2187 1062 2218 Balb.

377 2234 423 2262 16.
457 2233 602 2271 prtemiis
637 2231 816 2262 Gaditanos
851 2232 976 2265 elicere,
1006 2232 1065 2260 nisi

372 2278 405 2303 et
428 2274 471 2303 ibi
493 2273 667 2313 legendum
696 2274 837 2302 allicere.
866 2272 1066 2311 exemplum,

372 2316 459 2354 quod
469 2316 614 2345 Graevius
625 2326 662 2344 ex
675 2314 785 2344 eadem
797 2316 945 2344 oratione
958 2314 1065 2350 affert,

372 2362 421 2388 est
438 2358 592 2388 alienum.
631 2357 745 2396 ltaque
761 2364 873 2387 tamen
890 2357 1067 2387 allicienci‘oe

372 2400 517 2439 praetuli.

413 2443 452 2472 ‘23
475 2450 516 2471 ez·
533 2450 610 2471 casu
633 2439 774 2479 collegce]
801 2439 843 2469 D.
861 2439 1002 2470 Brutum
1019 2439 1066 2469 iu-

371 2482 504 2523 telligit,
521 2483 562 2513 ob
583 2482 758 2512 obsidionis
781 2483 979 2512 Mutinensis
997 2491 1066 2511 ma-

371 2524 452 2556 lum.

415 2569 455 2597 ‘24
477 2576 590 2597 curam
603 2566 683 2605 reip.
695 2574 829 2596 summa-⁷
843 2564 920 2604 def]
946 2573 1071 2594 summe

373 2609 574 2639 substantive
589 2607 781 2648 capiendum
796 2619 801 2636 :
822 2617 898 2638 nam
914 2606 1070 2645 adjective

373 2661 448 2680 cum
475 2651 607 2685 dicitur,
631 2650 853 2690 przeponitur:
892 2659 950 2678 nec
979 2658 1067 2678 com-

374 2692 467 2722 mode
489 2702 653 2723 summam
675 2701 776 2730 remp.
797 2690 966 2730 deffendere
981 2690 1067 2720 ‹lica—

371 2740 438 2763 tur.
461 2734 617 2773 Quaedam
634 2733 704 2764 edd.
723 2742 770 2772 pr.
787 2733 908 2764 habent
923 2741 1067 2768 szmnnoe,

376 2780 413 2805 ut
442 2776 537 2806 Rom.
570 2776 592 2805 i.
620 2788 648 2806 e.
677 2785 806 2806 Summa
842 2773 1066 2809 contentione,

377 2817 463 2856 quod
479 2823 565 2850 recte
579 2818 708 2849 dicitur.
723 2827 800 2849 narn
823 2823 858 2848 et
873 2817 986 2849 Cicero
1007 2815 1068 2846 hoc

1109 2154 1180 2174 ineo
1196 2153 1379 2174 correi-tum
1394 2152 1443 2175 est
1457 2146 1569 2175 simus.
1584 2145 1679 2176 male.
1697 2151 1746 2178 est
1761 2147 1799 2177 d‘e

1108 2193 1252 2225 tempore
1269 2187 1532 2226 intelligendum.

1149 2230 1189 2258 26
1211 2231 1313 2268 escplm
1322 2235 1374 2259 aee
1378 2228 1549 2269 judicare]
1573 2230 1739 2269 eoeplorate
1753 2236 1803 2260 est

1107 2270 1208 2300 etiam
1229 2271 1318 2307 XVI,
1343 2276 1372 2301 Β.
1399 2278 1433 2301 et
1462 2270 1532 2301 aliis
1560 2271 1686 2301 duobus
1714 2271 1802 2302 Iocis.

1108 2313 1170 2342 Sed
1186 2313 1269 2343 sorte
1286 2323 1397 2343 verum
1410 2319 1459 2343 est
1473 2314 1649 2352 explorato,
1665 2323 1723 2353 pro
1737 2323 1802 2352 quo

1110 2354 1232 2385 librarii
1255 2355 1419 2384 inter-{uin
1436 2354 1550 2385 dedere
1573 2356 1749 2394 explorate,
1766 2363 1802 2386 ut

1109 2405 1161 2436 ap.
1187 2396 1256 2427 Liv.
1281 2397 1472 2433 xxxviii,
1500 2399 1547 2427 18.
1579 2396 1635 2428 ubi
1663 2406 1692 2427 v.
1718 2396 1801 2428 Dra-

1110 2439 1208 2468 kenb.

1151 2484 1190 2515 27
1213 2481 1366 2520 conficere
1380 2479 1530 2520 possunt]
1555 2479 1617 2510 Ms.
1633 2488 1723 2509 meus
1732 2489 1805 2519 pos-

1109 2527 1191 2558 sent,
1202 2522 1255 2552 sed
1270 2533 1289 2552 a
1303 2523 1514 2552 correctione.
1537 2521 1590 2553 Sic
1601 2526 1635 2552 et
1649 2521 1700 2551 ed.
1716 2522 1803 2553 Me‘d.

1114 2564 1209 2594 male.
1233 2564 1265 2593 Si
1280 2563 1509 2602 corrigendum
1525 2567 1621 2602 esset,
1631 2563 1803 2595 scriberem

1107 2609 1285 2645 potuerunt
1296 2618 1305 2635 :
1327 2606 1382 2636 sed
1399 2615 1464 2636 non
1479 2611 1528 2636 est
1541 2615 1680 2636 necesse.
1695 2611 1803 2646 potest

1111 2648 1151 2678 ad
1166 2657 1268 2686 genus
1284 2647 1407 2685 referri,
1420 2656 1486 2677 non
1501 2647 1541 2677 ad
1557 2647 1638 2679 illud
1651 2651 1793 2687 tempus.

1154 2692 1192 2720 ‘28
1216 2693 1253 2719 ut
1275 2691 1326 2720 vul
1340 2698 1433 2729 prov.
1457 2690 1530 2729 δια]
1564 2694 1601 2720 ut
1622 2688 1729 2720 addidi
1752 2689 1805 2720 hic

1111 2741 1185 2761 cum
1197 2732 1338 2767 Graevio,
1351 2736 1386 2761 et
1397 2731 1498 2761 delevi
1513 2737 1590 2762 ante
1603 2733 1654 2762 vel
1666 2740 1803 2762 omnem.

1110 2773 1158 2846 ista
1181 2773 1260 2805 Mss,
1283 2773 1427 2813 quidam.
1454 2773 1486 2804 id
1515 2775 1564 2805 ita
1591 2773 1803 2805 necessarium

1125 2821 1200 2846 aeit.
