1903 3218
416 95 494 133 AD
520 94 576 132 M.
596 91 939 132 VARRONEM
965 91 1041 130 ET
1066 91 1347 132 CETEROS.
1520 98 1596 134 215

167 204 242 238 aut
264 196 332 239 ille
356 192 694 254 sperarepossit,
715 205 789 238 aut
812 206 873 247 tu,
895 197 1084 237 animum
1107 195 1281 237 adverte
1303 210 1380 252 pro
1402 204 1476 237 tua
1497 211 1596 252 pru·

168 255 326 296 dentia.
373 256 445 296 Sic
466 256 579 296 enim
602 253 817 304 facillime,
840 253 954 309 quod
977 253 1056 293 tibi
1083 252 1353 293 utilissimum
1376 253 1471 302 erit,
1493 268 1595 294 con-

167 311 249 351 silii
272 312 429 368 capies.
492 311 598 353 Illud
623 320 765 351 autem
788 319 829 350 te
853 319 968 365 peto,
992 319 1053 359 ut,
1073 312 1110 339 3¹
1128 309 1161 349 si
1187 309 1279 363 jam
1313 309 1381 350 ille
1408 310 1596 350 evitave-

167 368 223 408 rit
244 367 326 410 hoc
349 369 597 424 periculum,
620 377 664 408 et
685 382 729 408 se
758 367 971 408 abdiderit
1002 367 1044 407 in
1079 365 1271 417 classem,
1296 376 1339 406 tu
1365 367 1447 406 tuis
1471 367 1595 406 rebus

166 425 391 467 consulas:
424 435 466 466 et
495 425 724 480 aliquando
756 425 835 465 tibi
868 424 1025 480 potius,
1055 438 1183 479 quam
1219 423 1371 473 cuivis,
1402 423 1458 462 sis
1490 423 1595 462 ami-

165 495 255 522 cuS.
316 481 592 523 Satisfactum
614 491 677 522 est
697 482 788 536 jam
813 497 838 522 a
861 492 902 522 te
926 481 990 522 vel
1014 480 1174 531 officio,
1198 480 1263 521 vel
1285 479 1563 521 familiaritati
1584 497 1595 531 3

165 538 428 580 satisfactum
465 539 645 579 32etiam
685 539 892 594 partibus,
930 547 973 578 et
1011 538 1048 579 ei
1090 537 1353 592 reipublicae,
1386 551 1513 592 quam
1550 548 1595 576 tu

165 596 391 650 probabas.
454 594 683 650 Reliquum
723 605 800 646 est,
837 595 964 635 33ubi
1003 609 1116 635 nunc
1149 604 1213 634 est
1245 594 1500 650 respublica,
1535 593 1594 633 ihi

164 652 293 693 simus
319 652 477 707 potiuS,
499 667 643 707 quam,
665 652 815 694 34dum
847 651 959 692 illam
985 661 1168 692 veterem
1200 665 1442 706 sequamur,
1464 651 1595 691 simus

162 707 204 748 in
242 708 370 750 nulla.
432 709 578 756 Quare
600 709 741 762 velim,
772 710 828 749 mi
859 709 1174 764 jucundissime
1212 708 1381 759 Cicero,
1416 708 1448 747 si
1484 706 1596 749 forte

164 764 396 821 Pompeius
419 767 563 822 pulsus
585 766 651 807 his
674 780 844 822 quoque
874 766 993 817 locis,
1017 780 1157 806 rursus
1179 765 1282 806 alias
1304 766 1500 821 regiones
1523 779 1597 820 pe-

161 830 249 862 tere
271 832 465 879 cogatur,
488 833 534 864 ut
566 835 611 865 tu
642 835 684 864 te
709 824 772 865 vel
795 823 1002 873 Athenas,
1027 823 1090 863 vel
1122 824 1164 863 in
1187 823 1382 878 quamvis
1404 821 1595 876 quietam

160 879 340 935 recipias
362 881 598 922 civitatem,
660 881 789 928 Quod
813 881 844 921 si
869 881 950 921 eris
981 880 1187 930 facturus,
1211 880 1337 920 velim
1363 880 1465 919 mihi
1491 880 1594 920 scri-

159 936 248 987 bas,
279 945 326 977 ut
359 952 455 994 ego,
486 938 518 978 si
554 937 637 978 ullo
672 938 801 979 modo
837 946 1002 993 potero,
1025 938 1075 979 ad
1111 947 1153 978 te
1185 936 1396 978 advolem.
1458 936 1635 982 Quae-p.
1654 943 1722 973 131.

158 1008 341 1048 cumque
363 994 415 1035 de
439 1005 511 1035 tua
531 995 743 1051 dignitate
769 996 823 1036 ab
858 996 1113 1050 imperatore
1147 1004 1273 1035 erunt
1308 993 1591 1049 impetranda,
1603 993 1633 1014 ³·

158 1065 243 1105 qua
263 1060 327 1091 est
347 1051 618 1093 humanitate
639 1051 800 1104 Caesar,
824 1052 1074 1093 facillimum
1100 1051 1181 1092 erit
1202 1054 1242 1082 35
1256 1051 1310 1091 ab
1332 1065 1382 1092 eo
1406 1051 1485 1091 tibi
1509 1051 1591 1106 ipsi

157 1108 410 1163 impetrare:
442 1119 485 1150 et
516 1124 630 1150 meas
661 1119 803 1151 tamen
832 1123 978 1166 preces
1001 1109 1112 1164 apud
1135 1122 1231 1150 eum
1257 1122 1341 1148 non
1366 1107 1591 1148 minimum

156 1166 426 1206 auctoritatis
457 1165 676 1207 habituras
708 1176 829 1222 puto.
891 1165 985 1206 Erit
1016 1175 1102 1206 tuae
1125 1179 1297 1220 quoque
1328 1164 1426 1205 fidei
1449 1174 1492 1205 et
1513 1165 1593 1205 hu-

154 1222 389 1273 manitatis,
411 1237 571 1274 curare,
595 1232 642 1263 ut
663 1224 697 1264 is
732 1222 989 1272 tabellarius,
1012 1235 1139 1276 quem
1163 1222 1215 1262 ad
1240 1232 1280 1262 te
1305 1221 1415 1271 misi,
1438 1221 1592 1262 reverti

157 1279 294 1334 possit
317 1279 368 1320 ad
392 1293 474 1331 me,
495 1289 539 1320 et
559 1295 584 1320 a
607 1288 647 1320 te
671 1279 775 1320 mihi
798 1278 960 1320 litteras
983 1277 1153 1320 referat.

671 1367 1074 1405 ARGUMENTUM.

153 1429 254 1467 Inter
273 1431 419 1466 Niciam
445 1436 481 1467 et
513 1430 656 1466 Vidium
674 1429 790 1477 judea:
818 1432 856 1466 in
884 1443 1005 1472 causa,
1026 1435 1065 1466 ut
1091 1431 1246 1471 videtur,
1262 1430 1489 1477 pecuniaria,
1509 1442 1592 1465 con-

202 1484 365 1525 stitutus,
386 1484 482 1530 quod
497 1485 758 1530 grammaticus
778 1483 888 1518 Nicia
914 1488 1007 1524 erat,
1024 1495 1089 1530 per
1106 1481 1233 1528 jocum
1261 1482 1310 1516 ad
1334 1483 1594 1529 grammaticos

205 1535 349 1571 adludit
364 1550 376 1571 .·
405 1536 515 1570 etiam
534 1536 576 1570 dc
594 1535 638 1570 P.
657 1535 770 1582 Syllae
788 1539 902 1571 morte
909 1533 1034 1580 jocose
1048 1535 1185 1570 scribit.
1583 1536 1585 1538 ’

380 1601 448 1646 Μ.
473 1601 706 1644 CICERO
741 1601 792 1645 P.
816 1600 1204 1643 DOLABELLAE
1237 1600 1282 1641 S.
1306 1600 1364 1641 D.

157 1656 305 1711 NON
348 1684 440 1710 sum
481 1684 606 1710 ausus
651 1669 795 1710 Salvio
837 1680 985 1710 nostro
1027 1669 1133 1710 nihil
1176 1669 1227 1709 ad
1269 1677 1310 1708 te
1353 1668 1591 1709 litterarum

151 1726 266 1767 dare.
296 1727 429 1767 3611ec
459 1726 701 1767 mehercule
731 1726 961 1775 habebam,
992 1727 1106 1781 quod
1145 1727 1391 1774 scriberem,
1431 1724 1511 1765 nisi
1550 1734 1592 1766 te

152 1797 176 1824 a
197 1797 264 1825 me
292 1783 546 1824 mirabiliter
575 1783 736 1825 amari:
772 1783 824 1824 de
846 1798 932 1839 quo
963 1786 1093 1824 etiam
1124 1783 1231 1823 nihil
1264 1782 1477 1823 scribente
1507 1796 1591 1832 me,

152 1850 194 1880 te
223 1855 308 1881 non
344 1840 555 1891 dubitare,
577 1850 695 1881 certo
726 1840 829 1882 scio.
891 1840 1083 1881 Omnino
1120 1840 1225 1881 mihi
1262 1840 1400 1894 magis
1435 1839 1590 1880 litterae

151 1907 250 1938 sunt
271 1897 575 1954 exspectandae
598 1913 623 1938 a
645 1907 700 1949 te,
723 1912 850 1953 quam
874 1912 899 1938 a
919 1911 988 1938 me
1010 1898 1104 1939 tibi.
1151 1895 1273 1938 Nihil
1295 1897 1407 1936 enim
1436 1896 1590 1938 Romae

151 1954 328 2011 geritur,
359 1955 473 2010 quod
514 1966 556 1996 te
589 1964 736 2011 putem
769 1956 876 1996 scire
906 1969 1082 1996 curare:
1116 1954 1196 1995 nisi
1230 1954 1340 1994 forte
1372 1954 1478 1994 scire
1511 1953 1589 2002 vis,

148 2026 218 2053 me
239 2012 399 2052 37inter
421 2011 592 2053 Niciam
617 2022 809 2054 nostrum
832 2021 875 2052 et
897 2011 1088 2062 Vidium,
1104 2011 1298 2067 judicem
1321 2024 1426 2050 esse.
1482 2009 1589 2050 Pro-

149 2068 231 2110 fert
261 2069 367 2110 alter
396 2073 463 2122 (ut
493 2069 666 2126 opinor)
698 2070 866 2110 duobus
898 2069 1116 2110 versiculis
1147 2082 1384 2124 expensum
1418 2067 1586 2109 Niciae:

1608 1363 1661 1400 10

149 2124 254 2167 alter
275 2125 548 2167 Aristarchus
578 2126 658 2167 hos
687 2128 834 2179 ὂζιλίζει.

895 2124 1006 2181 Ego,
1029 2136 1248 2180 tamquam
1279 2123 1452 2165 criticus
1476 2124 1587 2164 anti-

148 2182 559 2238 quus,judicaturus
591 2198 699 2235 sum,
723 2194 866 2224 utrum
898 2183 985 2223 sint
1014 2189 1072 2223 τοῦ
1099 2189 1242 2227 ποιητοῦ,
1272 2195 1325 2222 an
1355 2182 1585 2236 ποιςεμέεζλη-

189 2338 225 2366 31
250 2336 279 2366 si
290 2334 370 2376 jam
392 2336 447 2366 ille
459 2334 642 2375 evitaverit]
660 2333 842 2366 Lambinus

147 2377 292 2409 malebat
322 2378 498 2408 vitaverit:
531 2377 618 2417 quod
652 2382 702 2407 est
732 2377 841 2407 minus

146 2430 246 2459 quam
273 2420 455 2451 evitaverit.
497 2420 583 2450 Puto
612 2428 725 2449 verum
761 2428 840 2450 esse.

144 2462 198 2493 Sic
212 2462 327 2493 habuit
343 2462 407 2492 Ms.
424 2468 535 2493 noster
549 2472 569 2492 a
584 2472 628 2492 m.
644 2471 694 2502 pr.

186 2505 227 2534 32
247 2504 348 2534 etiam
355 2504 523 2544 partibus]
541 2504 603 2535 int.
614 2503 838 2544 optimatium.

186 2548 225 2576 33
241 2547 296 2577 ubi
309 2556 398 2577 nunc
411 2546 471 2587 est]
489 2546 670 2577 Lambinus
683 2546 766 2576 bene
782 2545 839 2576 ad-

144 2586 177 2617 di
191 2586 333 2625 volebat,
345 2593 396 2619 ut.

186 2632 227 2660 34
247 2630 327 2661 dum
340 2631 435 2661 illam
448 2641 478 2662 v.
494 2629 684 2672 sequamur]
709 2629 835 2661 Latini-

144 2674 195 2702 tas
217 2673 363 2712 postulat
383 2674 572 2714 sequimur.-
595 2678 635 2703 ut
656 2677 733 2703 ante
755 2672 840 2703 dixit

143 2717 200 2744 est.

185 2757 225 2786 35
248 2756 289 2786 ab
313 2765 348 2787 eo
371 2757 429 2788 tibi
454 2758 515 2799 ipsi
535 2757 631 2799 imp]
657 2757 725 2788 Cur
746 2757 807 2797 ipsi
821 2757 838 2786 ,θ

145 2798 257 2836 putavi
278 2807 346 2828 esse
370 2798 562 2830 delendum:
585 2799 641 2830 sed
665 2803 747 2840 puto
765 2799 840 2838 jam

146 2838 256 2870 referri
278 2839 320 2871 ad
345 2850 433 2871 meas
458 2845 570 2872 tamen
587 2850 720 2882 preces.-
742 2840 840 2872 facile

883 2334 982 2365 faciet
997 2339 1056 2365 tua
1070 2343 1187 2364 causa:
1214 2333 1270 2364 sed
1284 2338 1317 2364 et
1334 2343 1407 2364 mea
1421 2342 1529 2363 ‹rausa-

925 2377 966 2407 36
999 2386 1058 2407 nec
1075 2375 1256 2413 ·habebam‚
1286 2376 1365 2416 quid
1396 2375 1474 2414 scr.]
1514 2376 1582 2406 Scr.

882 2419 978 2458 quod,
993 2424 1033 2449 ut
1048 2418 1138 2449 alibi.

924 2464 964 2495 37
988 2462 1075 2491 inter
1107 2459 1246 2491 Niciam
1278 2463 1425 2490 nostrum
1457 2462 1488 2487 et
1524 2457 1580 2487 Vr·-

882 2503 988 2543 dz'um]
1008 2502 1145 2534 Niciam
1159 2503 1420 2542 Grammaticum
1444 2500 1527 2530 forte
1543 2506 1578 2531 et

883 2550 1027 2585 poetam,
1042 2544 1236 2585 intelligunt
1252 2545 1311 2574 viri
1325 2543 1411 2573 docti
1427 2553 1436 2579 3
1453 2542 1507 2580 qui
1522 2541 1578 2572 de-

882 2587 980 2618 bebat
988 2587 1100 2618 Vidio:
1125 2597 1145 2617 a
1159 2597 1222 2626 quo
1238 2585 1421 2627 appellatus
1435 2583 1503 2619 ille,
1520 2593 1578 2613 ne-

882 2630 982 2668 gabat
995 2639 1029 2660 se
1043 2630 1074 2660 ei
1090 2629 1206 2660 debere
1224 2629 1349 2659 duobus
1365 2625 1552 2656 nominibus
1567 2637 1574 2655 z

882 2672 998 2703 Cicero
1007 2671 1110 2712 judex
1129 2671 1164 2701 in
1186 2680 1295 2706 causa,
1311 2670 1376 2699 sive
1398 2673 1435 2698 ut
1455 2667 1579 2698 arbiter

880 2720 1023 2751 sumtus,
1035 2714 1110 2757 sive¹
1117 2718 1157 2745 ut
1165 2713 1268 2753 judex
1282 2712 1377 2742 datus
1390 2721 1409 2740 a
1423 2714 1578 2750 praetore,

879 2761 919 2786 ut
948 2765 1036 2795 seqq.
1050 2755 1166 2786 docere
1189 2754 1355 2790 videntur,
1372 2753 1427 2782 ubi
1452 2751 1578 2782 mentio

880 2798 954 2829 fori.
1000 2798 1088 2828 Hinc
1103 2796 1171 2826 ille·
1182 2795 1306 2836 lepidus
1321 2795 1412 2826 lusus
1426 2804 1446 2825 a
1461 2793 1577 2824 Gram-

882 2839 994 2871 matici
1011 2848 1149 2876 persona
1164 2837 1296 2869 ductus.

822 2888 899 2923 1²4
