1865 3223
483 89 559 128 AD
583 89 628 126 C.
647 86 958 127 MEMMIUM
981 87 1056 125 ET
1082 88 1271 126 ALIOS.
1516 91 1593 127 335

168 209 237 238 sar
254 193 446 238 Sullanas
465 193 730 236 venditiones
745 200 789 232 et
806 191 1118 247 assignationes
1135 201 1246 232 ratas
1264 206 1355 234 esse
1374 191 1489 244 velit,
1507 208 1594 249 quo

169 253 378 294 firmiores
407 251 708 293 existimentur
728 263 842 290 suae:
877 249 912 288 si
943 262 994 288 ea
1026 246 1189 303 praedia
1216 248 1476 300 dividentur,
1497 266 1595 305 quae

168 310 262 366 ipse
281 309 427 351 Caesar
449 306 654 355 vendidit,
676 320 772 360 quae
795 304 966 346 tandem
989 304 1031 344 in
1054 303 1148 359 ejus
1167 304 1486 346 venditionibus
1505 320 1595 348 esse

168 367 330 422 poterit
350 365 607 407 auctoritas?
639 362 722 404 Sed
753 362 836 403 hoc
858 361 982 417 quale
1004 361 1073 412 sit,
1096 371 1144 401 tu
1166 375 1242 416 pro
1273 371 1346 401 tua
1371 363 1595 416 prudentia

168 423 474 464 considerabis.
533 418 628 475 Ego
649 430 690 460 te
712 418 836 476 plane
856 433 978 476 rogo,
1001 428 1130 474 atque
1158 418 1232 468 ita,
1257 428 1304 458 ut
1323 418 1485 472 majore
1507 429 1595 460 stu-

168 479 256 531 dio,
272 479 456 535 justiore
475 477 528 518 de
547 491 689 528 causa,
712 477 850 532 magis
876 490 931 516 ex
953 475 1098 516 animo
1120 488 1270 531 rogare
1291 473 1405 515 nihil'
1419 477 1595 530 possim,

165 546 216 577 ut
236 536 411 578 Albinio
433 548 595 590 parem,
617 536 656 565 20
672 534 833 590 praedia
854 532 1091 574 Laberiana
1112 545 1165 573 ne
1182 532 1385 587 attingas.
1428 530 1596 587 Magna

167 606 238 634 me
258 591 448 634 affeceris
471 605 555 632 non
579 591 707 632 modo
728 590 894 640 laetitia,
917 589 989 631 sed
1011 589 1141 630 etiam
1162 588 1482 643 quodammodo
1503 589 1596 645 glo-

167 650 245 700 ria,
267 650 300 690 si
323 648 373 690 P.
396 648 570 690 Sextius
592 648 757 688 homini
779 647 968 688 maxime
989 646 1226 687 necessario
1249 645 1503 687 satisfecerit
1522 661 1598 702 per

168 719 252 756 me,
273 707 311 737 21
328 714 376 747 ut
395 720 478 762 ego
500 705 559 746 illi
583 705 655 746 uni
680 704 909 761 plurimum
930 703 1124 744 debeam.
1164 702 1295 749 Quod
1316 712 1364 742 ut
1386 702 1532 753 facias,
1556 714 1598 752 te

168 762 444 804 vehementer
463 763 593 804 etiam
616 771 745 817 atque
766 761 894 802 etiam
919 775 1040 816 rogo.
1101 760 1250 814 Majus
1272 759 1376 800 mihi
1401 759 1501 800 dare
1523 761 1597 801 be-

165 818 368 861 neficium
402 819 566 861 nullum
598 829 735 876 poteS.
797 817 848 859 Id
883 817 991 859 mihi
1030 817 1243 874 intelliges
1277 831 1367 859 esse
1404 817 1598 872 gratissi-

169 889 304 917 mum.

682 921 1084 986 ARGUMENTm
1610 943 1638 984 9

173 1010 390 1061 Crassipedi,
418 1012 602 1061 Bithynice
629 1013 809 1060 quaestori,
831 1011 1070 1059 ,Bithynicam
1085 1010 1361 1058 publicanorum
1377 1012 1599 1054 societatem,
1633 1043 1636 1046 Δ

498 1067 537 1101 in
550 1065 750 1113 primisque
769 1063 832 1100 Cn.
852 1063 1011 1112 Pupium
1030 1063 1265 1099 commendat.

455 1131 523 1172 M.
545 1130 596 1172 T.
621 1129 672 1172 C.
705 1128 1073 1172 CRASSIPEDI
1107 1129 1151 1170 S.
1175 1129 1226 1170 P.
1251 1129 1309 1170 D.

174 1186 559 1249 QUAMQUAM
575 1199 654 1239 tibi
673 1211 860 1254 praeseus
879 1197 1192 1247 commendavi,
1212 1206 1259 1237 ut
1277 1197 1397 1252 potui
1418 1197 1601 1254 diligen-

170 1255 349 1306 tissime,
371 1256 510 1297 socios
533 1255 776 1310 Bithyniae:
807 1263 934 1309 teque
966 1267 1064 1294 cum
1096 1267 1191 1293 mea
1212 1254 1600 1306 commendatione,

170 1320 266 1353 tum
297 1313 425 1353 etiam
461 1323 534 1354 tua
565 1320 718 1368 sponte
740 1310 931 1354 intellexi
953 1323 1110 1366 cupere
1131 1311 1169 1350 ei
1192 1311 1403 1360 societati,
1425 1311 1602 1365 quibus-

169 1383 354 1424 cumque
376 1369 501 1410 rebus
523 1383 683 1424 posses,
705 1368 1002 1408 commodare:
1037 1376 1194 1417 tamen,
1221 1381 1319 1408 cum
1343 1367 1388 1418 ii,
1419 1381 1602 1421 quorum

168 1437 234 1466 res
256 1426 414 1481 agitur,
438 1425 584 1482 magni
607 1440 683 1466 sua
705 1425 907 1465 interesse
927 1424 1249 1475 arbitrarentur,
1277 1438 1346 1464 me
1366 1424 1496 1465 etiam
1528 1438 1603 1480 per

168 1479 332 1523 litteras
353 1482 566 1524 declarare
595 1482 690 1532 tibi,
723 1496 808 1536 qua
838 1495 974 1522 essem
995 1495 1098 1536 erga
1119 1480 1234 1536 ipsos
1257 1480 1492 1532 voluntate,
1515 1496 1602 1522 non

169 1538 366 1580 dubitavi
388 1539 484 1580 haec
506 1539 558 1580 ad
578 1548 621 1580 te
643 1539 840 1580 scribere.
901 1537 1012 1579 Volo
1035 1537 1150 1578 enim
1173 1548 1214 1578 te
1234 1537 1497 1589 existimare,
1519 1552 1603 1588 me,

170 1609 270 1636 cum
293 1596 491 1637 universo
519 1598 560 1627 2‘2
576 1596 714 1637 ordini
746 1594 1075 1651 publicanorum
1107 1594 1329 1646 (multum)
1359 1609 1526 1650 semper
1553 1595 1605 1636 li-

172 1651 421 1694 bentissime
454 1653 693 1703 tribuerim,
726 1652 855 1708 idque
885 1652 1052 1707 magnis
1083 1651 1175 1706 ejus
1209 1651 1370 1692 ordinis
1401 1666 1504 1707 erga
1536 1666 1606 1692 me

169 1709 334 1750 meritis
369 1709 510 1751 facere
539 1709 776 1760 debuerim,
811 1720 901 1749 tum
935 1710 978 1749 in
1011 1708 1158 1764 primis
1183 1709 1370 1749 amicum
1391 1722 1482 1749 esse
1505 1708 1605 1750 huic

173 1764 420 1821 Bithynicae
443 1767 664 1808 societati:
696 1768 735 1797 23
750 1780 845 1822 quae
869 1766 1051 1807 societas
1072 1765 1224 1806 ordine
1249 1766 1357 1822 ipso,
1379 1764 1605 1806 hominum

210 1897 252 1927 20
260 1896 390 1935 proedia
405 1895 491 1927 Lab.
508 1905 550 1927 ne
563 1895 725 1936 attingas]
744 1895 796 1926 Ne
809 1894 867 1926 Al·
908 1903 1040 1933 genere,
1051 1895 1085 1924 in
1096 1905 1134 1925 eo
1143 1895 1336 1936 intelligunt
1346 1896 1491 1927 ordinem
1500 1897 1607 1937 ipsum

168 1937 258 1968 binio
272 1938 398 1969 auferas
413 1944 447 1968 et
460 1938 594 1969 dividas.
911 1937 949 1967 de
967 1938 1109 1976 equestri
1123 1944 1156 1967 et
1171 1939 1337 1968 hommum
1351 1948 1456 1977 genus
1471 1939 1510 1969 tle
1525 1939 1607 1969 divi-

212 1981 248 2012 21
275 1984 314 2009 ut
334 1989 392 2018 ego
412 1981 437 2011 i.
458 1990 492 2010 u.
509 1982 560 2020 pl.
575 1979 719 2020 debeam]
747 1980 868 2011 Melius
909 1979 965 2009 tiis
989 1980 1047 2009 ἆυ.
1072 1979 1134 2009 Sed
1155 1980 1182 2011 si
1203 1981 1280 2010 ordo
1301 1981 1347 2010 sic
1369 1981 1511 2020 capitur,
1526 1991 1608 2020 quo-

166 2027 248 2061 puto
263 2022 366 2058 debeo,
382 2027 441 2052 aut
454 2031 530 2053 eum
545 2033 603 2064 pro
616 2026 667 2064 yt-

211 2066 252 2096 22
276 2064 383 2094 ordini
401 2065 492 2103 publ.
515 2073 641 2104 semper
663 2063 869 2095 libentissime

168 2105 354 2144 tribuerim]
382 2107 528 2146 Apparet
550 2106 646 2138 facile
667 2107 866 2143 attendenti,

170 2146 278 2178 deesse
293 2149 390 2178 verbo
407 2149 577 2180 tribuerim
594 2148 637 2183 id,
652 2149 738 2187 quod
749 2149 868 2179 tribuit

172 2189 298 2220 Cicero.
342 2189 457 2229 ltaque
486 2190 681 2222 addiderunt
710 2191 866 2229 multum,

168 2231 225 2261 sed
236 2231 305 2262 sine
315 2231 406 2262 libris
417 2241 480 2263 ser.
493 2240 551 2264 aut
562 2232 635 2263 edd.
647 2242 696 2272 pr.
718 2232 868 2264 Vicissim

168 2272 204 2302 in
227 2274 437 2312 sequentibus
459 2274 620 2306 redundat
629 2273 760 2314 facere,
781 2275 868 2314 quod

170 2314 287 2345 melius
309 2315 447 2346 abesset.
490 2316 609 2348 Addidi
633 2318 789 2354 multum,
811 2316 867 2348 sed

166 2357 355 2396 parenthesi
370 2357 547 2396 inclusum,
562 2366 601 2389 ut
621 2365 734 2390 tamen
755 2368 868 2390 sensus

168 2397 286 2438 plenus
299 2405 396 2431 esset.
422 2410 499 2432 nam
513 2401 707 2442 simpliciter
726 2402 869 2432 tribuere

166 2440 213 2471 sic
227 2441 353 2472 dictum
370 2443 519 2482 nuspiam
536 2444 652 2483 reperi.

210 2483 250 2514 23
273 2493 344 2523 quoe
362 2485 495 2527 societas
516 2485 592 2525 &c.]
617 2485 682 2516 Hie
703 2485 795 2516 locus
817 2491 868 2518 est

167 2523 323 2573 obscurus
351 2529 387 2558 et
416 2526 556 2558 difficilis
584 2528 768 2568 explicatu:
808 2538 870 2560 nec

170 2575 339 2606 quisquam
366 2574 477 2601 totum
501 2570 688 2610 explicavit,
716 2576 752 2601 et
773 2573 808 2601 in
830 2581 869 2601 eo

168 2608 249 2638 mibi
264 2611 432 2643 satisfecit.
476 2611 522 2642 Et
536 2621 661 2649 vereor,
677 2617 716 2643 ut
732 2614 799 2653 ipse
817 2613 869 2643 in-

169 2649 396 2689 telligentibus
423 2654 611 2685 satisfacere
645 2655 780 2695 possim.
823 2655 869 2686 Et

170 2690 384 2732 Bithynicam
399 2696 531 2735 quidem
544 2698 727 2727 societatem
742 2706 810 2727 esse
831 2698 871 2728 de

169 2734 364 2773 publicanis,
399 2738 453 2777 qui
488 2738 663 2778 vectjgalia
694 2739 872 2779 Bithyniea

170 2776 406 2816 conduxerant,
429 2779 465 2810 in
479 2786 611 2820 promtu
630 2785 691 2811 est.
727 2781 791 2812 Sed
804 2782 871 2820 pri-

169 2826 263 2850 mum
278 2819 363 2859 quod
375 2820 470 2858 dicit,
482 2822 594 2853 ordine
608 2825 687 2863 ipso,
699 2823 870 2856 ‘hominum

912 2020 1008 2051 modo
1019 2021 1082 2051 dici
1090 2027 1198 2061 potest
1210 2023 1354 2054 maxima
1364 2022 1507 2054 civitatis
1516 2024 1605 2064 pars?

909 2069 969 2093 aut
987 2063 1151 2102 quomodo
1165 2063 1236 2094 haee
1250 2074 1317 2096 una
1332 2065 1471 2096 societas
1489 2065 1607 2106 Bithy-

911 2105 984 2136 nica
998 2110 1107 2146 potest
1121 2105 1184 2136 dici
1199 2108 1342 2138 maxima
1354 2116 1429 2148 pars
1443 2108 1605 2139 civitatis?

909 2151 983 2177 tum
1006 2147 1080 2176 addi
1096 2147 1213 2178 volunt
1227 2153 1272 2186 et,
1286 2159 1314 2180 o.
1328 2150 1353 2181 ι’.
1368 2154 1400 2180 et
1420 2151 1452 2180 Ιι.
1474 2159 1607 2189 genere.

911 2189 996 2220 Mihi
1019 2189 1146 2220 videtur
1167 2190 1278 2221 ordine
1299 2190 1488 2222 delendum.
1511 2202 1608 2233 porro

911 2241 970 2272 pro
982 2232 1124 2262 civitatis
1137 2232 1202 2263 Ms.
1219 2242 1310 2264 meus
1322 2234 1491 2265 societatis.
1530 2235 1605 2265 Con.

909 2278 978 2304 stae
991 2283 1018 2303 e.
1034 2283 1074 2304 ex
1087 2275 1199 2305 ceteris
1210 2276 1413 2307 societatibus
1430 2275 1513 2306 nihil
1534 2283 1607 2316 pot-

909 2322 960 2346 est
980 2325 1062 2352 esse,
1083 2326 1181 2355 quam
1205 2317 1240 2347 in
1253 2327 1292 2349 ea
1309 2327 1378 2349 esse
1399 2328 1437 2349 ex
1457 2319 1608 2349 omnibus

911 2358 982 2388 aliis
991 2358 1200 2388 societatibus
1209 2359 1458 2399 publicanorum
1465 2360 1604 2399 aliquos:

911 2410 988 2431 nam
1002 2401 1089 2431 idem
1104 2399 1230 2432 solebat
1243 2411 1328 2442 saepe
1338 2412 1406 2433 esse
1415 2404 1449 2433 in
1460 2402 1608 2442 pluribus

910 2442 1133 2480 societatibus,
1156 2448 1194 2473 ut
1207 2443 1310 2474 Varro
1333 2446 1367 2474 in
1388 2455 1440 2485 ep.
1456 2453 1523 2483 seq.
1546 2444 1609 2475 Sed

910 2485 1073 2524 quomodo
1098 2485 1309 2525 intelligitur,
1337 2486 1429 2517 illam
1455 2485 1608 2527 Bithyni-

913 2537 986 2558 cam
1010 2537 1079 2558 esse
1101 2528 1278 2558 maximam
1302 2536 1427 2568 partem
1443 2527 1613 2559 civitatis?

912 2570 947 2599 Si
966 2579 1024 2609 pro
1046 2570 1188 2600 civitatis
1209 2570 1296 2608 legas
1318 2579 1391 2600 cum
1409 2570 1519 2600 codice
1535 2579 1609 2601 meo

909 2614 1081 2649 societatis,
1107 2611 1322 2650 intelligenda
1348 2612 1411 2642 erit
1433 2617 1525 2642 totus
1547 2622 1611 2643 nu-

911 2663 1020 2685 merus
1042 2654 1305 2694 publicanorum:
1329 2653 1384 2684 sed
1405 2654 1452 2683 sic
1473 2655 1610 2685 societa-

913 2701 982 2727 tem
1005 2697 1081 2732 dici,
1098 2695 1247 2735 nuspiam
1271 2695 1385 2735 reperi.
1429 2695 1478 2726 Ex
1492 2698 1608 2734 quibus

913 2739 1068 2769 omuibus
1094 2738 1144 2774 fit,
1163 2743 1200 2767 ut
1222 2742 1313 2767 totus
1337 2737 1391 2767 hic
1412 2736 1501 2769 locus
1519 2749 1608 2769 eom-

914 2780 1010 2812 mode
1024 2779 1180 2821 explicari
1194 2788 1260 2810 non
1271 2780 1386 2820 possit,
1397 2780 1502 2819 sitque
1515 2781 1610 2811 vitiu-

913 2831 979 2853 sus.
