1865 3223
261 98 338 133 312
571 71 744 130 EPIST·
771 91 953 129 LIBER
983 89 1388 129 DUODECIMUS

135 198 420 253 p.192.diaque
442 196 705 253 reipublicae,
727 210 822 250 quae
848 195 914 236 M.
938 194 1114 244 Brutus,
1139 194 1191 234 V.
1216 193 1268 235 C.
1293 193 1479 243 tenebat,
1502 206 1570 234 me
1592 203 1696 232 con-

226 261 255 280 ὃ·
269 255 371 296 tuli:
395 263 437 295 et
460 253 500 294 id
523 254 607 309 egi,
630 263 691 301 ut,
715 267 789 308 per
806 255 963 307 44quos
986 252 1204 293 celerrime
1226 259 1383 306 posset,
1402 249 1506 290 Asia
1527 248 1699 305 provin-

269 312 335 354 cia
351 311 661 366 vectigaliaque
684 310 726 349 in
750 319 928 349 vestram
953 319 1207 364 potestatem
1229 308 1532 363 redigerentur.
1567 303 1697 351 Quod

269 383 367 410 cum
393 368 679 423 pertimuisset
704 365 941 413 Dolabella,
965 375 1127 405 vastata
1153 364 1384 420 provincia,
1402 363 1610 418 correptis
1630 374 1700 401 ve-

271 425 515 481 ctigalibus,
541 423 756 479 praecipue
777 424 816 451 ⁴5
831 421 996 461 civibus
1018 421 1224 462 Romanis
1244 422 1442 463 omnibus
1461 417 1702 460 crudelissi-

273 496 341 524 me
374 481 599 522 denudatis
635 493 684 518 ac
716 477 962 527 divenditis,
998 477 1260 532 celeriusque
1297 479 1401 518 Asia
1436 475 1704 523 excessisset,

275 553 400 594 quam
434 552 484 577 eo
517 535 762 592 praesidium
795 533 947 574 adduci
983 535 1213 589 potuisset:
1247 535 1406 575 diutius
1437 533 1607 581 morari,
1629 539 1704 571 aut

276 604 525 650 exspectare
550 592 794 648 praesidium
819 605 902 630 non
929 603 1098 630 necesse
1121 590 1276 632 habui:
1305 601 1347 631 et
1367 606 1493 646 quam
1519 591 1702 646 primum

278 653 329 693 ad
354 665 495 692 meum
518 650 708 691 officium
733 646 1028 688 revertendum
1056 647 1158 687 mibi
1182 660 1272 687 esse
1303 647 1563 697 existimavi,
1595 655 1640 686 ut
1661 652 1705 684 et

280 708 441 762 reliqua
474 705 701 762 vectigalia
733 705 967 759 exigerem,
999 713 1057 754 et,
1095 718 1223 758 quam
1257 704 1432 759 deposui
1466 703 1707 758 pecuniam,

280 765 549 820 colligerem:
574 761 780 816 quidquid
804 775 857 801 ex
882 775 930 800 ea
953 771 1197 816 correptum
1219 770 1343 810 esset,
1366 770 1438 801 aut
1460 774 1640 814 quorum
1664 758 1707 798 id

280 822 407 877 culpa
441 819 682 868 accidisset,
722 831 1026 872 cognoscerem
1064 832 1192 872 quam
1232 818 1432 873 primum,
1469 826 1512 857 et
1545 831 1618 856 vos
1655 816 1708 855 de

281 878 398 919 omni
433 890 476 917 re
512 874 697 916 facerem
734 875 950 915 certiores,
1014 873 1191 915 Interim
1227 889 1324 915 cum
1363 888 1436 929 per
1471 872 1628 913 insulas
1664 872 1707 912 in

281 935 428 976 Asiam
452 933 674 988 naviganti
699 931 803 971 mihi
826 931 1070 971 nuntiatum
1101 939 1226 982 esset,
1261 930 1437 971 classem
1477 928 1709 970 Dolabellae

282 993 324 1032 in
361 990 494 1046 Lycia
526 1003 631 1040 esse,
665 988 947 1043 Rhodiosque
979 1003 1105 1029 naves
1137 988 1376 1043 complures
1407 988 1636 1028 instructas
1669 995 1712 1025 et

283 1058 452 1104 paratas
482 1047 523 1086 in
547 1046 657 1102 aqua
679 1045 860 1087 habere:
892 1059 987 1085 cum
1014 1045 1079 1086 his
1103 1046 1298 1095 navibus,
1320 1059 1424 1099 quas
1446 1053 1521 1085 aut
1544 1056 1709 1083 mecum

283 1104 561 1154 adduxeram,
592 1112 664 1144 aut
698 1112 1026 1157 comparaverat
1049 1102 1245 1144 Patiscus
1270 1111 1553 1157 proquaestor,
1582 1099 1713 1140 homo

284 1160 390 1202 mihi
424 1175 521 1202 cum
558 1159 862 1209 familiaritate,
894 1169 984 1199 tum
1024 1160 1151 1200 etiam
1186 1159 1379 1201 sensibus
1421 1159 1461 1198 in
1498 1155 1716 1212 republica

284 1217 680 1273 conjunctissimus,
714 1215 916 1256 Rhodum
952 1217 1119 1268 reverti,
1150 1216 1336 1257 confisus
1366 1215 1622 1256 auctoritate
1647 1225 1716 1253 ve-

286 1285 387 1326 stra,
423 1283 680 1328 senatusque
707 1273 918 1322 consulto,
951 1287 1036 1327 quo
1059 1273 1223 1314 hostem
1252 1271 1516 1313 Dolabellam
1545 1270 1717 1326 judica-

286 1331 415 1382 ratis3
447 1331 611 1372 foedere
643 1344 828 1384 quoque,
861 1330 973 1384 quod
1008 1344 1103 1371 cum
1129 1330 1210 1380 his,
1231 1330 1271 1359 46
1288 1328 1352 1369 Μ.
1377 1328 1601 1377 Marcello,
1624 1327 1714 1367 Ser.

288 1389 481 1444 Sulpicio
500 1387 747 1428 consulibus
769 1396 1015 1426 renovatum
1036 1396 1147 1428 erat:
1170 1386 1517 1441 quojtiraverant
1538 1383 1716 1434 Rhodii,

286 1446 458 1486 eosdem
482 1445 624 1484 hostes
648 1458 691 1483 se
715 1442 950 1492 habituros,
973 1458 1080 1498 quos
1104 1444 1147 1484 S.
1174 1443 1223 1483 P.
1247 1443 1304 1489 Q.
1332 1442 1384 1482 R.
1418 1442 1530 1488 Quae
1553 1455 1616 1482 res
1641 1455 1716 1480 nos

288 1502 564 1545 vehementer
592 1499 758 1541 fefellit.
817 1498 1002 1540 Tantum
1034 1501 1145 1541 enim
1170 1498 1324 1548 abfuit,
1349 1508 1393 1538 ut
1416 1497 1582 1538 illorum
1608 1511 1717 1552 prae-

289 1559 398 1600 sidio
422 1566 609 1598 nostram
635 1556 898 1597 firmaremus
921 1556 1112 1607 classem,
1134 1567 1180 1597 ut
1203 1556 1329 1597 etiam
1351 1570 1375 1596 a
1395 1554 1579 1595 Rhodiis
1601 1554 1718 1603 urbe,

290 1625 431 1672 portu,
463 1614 662 1663 statione,
696 1628 792 1668 quae
824 1623 947 1654 extra
977 1615 1124 1655 urbem
1156 1622 1234 1664 est,
1265 1608 1523 1662 commeatu,
1554 1613 1593 1645 47
1607 1625 1719 1665 aqua

289 1673 473 1730 denique
495 1671 824 1728 prohiberentur
854 1671 985 1710 nostri
1019 1671 1197 1712 milites:
1231 1685 1307 1710 nos
1332 1669 1402 1709 vix
1436 1669 1515 1725 ipsi
1541 1666 1719 1723 singulis

291 1744 388 1770 cum
412 1727 639 1783 navigiolis
670 1728 966 1782 reciperemur.
1029 1729 1168 1774 Quam
1204 1726 1521 1781 indignitatem,
1544 1724 1721 1765 48dimi-

291 1786 616 1840 nutionemque,
637 1799 722 1824 non
748 1784 883 1824 solum
911 1784 1022 1838 juris
1056 1785 1204 1834 nostri,
1239 1784 1309 1824 sed
1332 1783 1461 1823 etiam
1485 1781 1721 1837 majestatis

291 1843 546 1898 imperiique
589 1841 733 1897 populi
777 1841 979 1890 Romani,
1018 1842 1176 1882 idcirco
1215 1841 1402 1889 tulimus,
1440 1839 1554 1894 quod
1592 1839 1723 1879 inter-

292 1900 429 1956 ceptis
466 1900 617 1939 litteris
648 1912 949 1953 cognoramus,
985 1897 1267 1947 Dolabellam,
1302 1897 1335 1937 si
1374 1896 1638 1951 desperasset
1670 1895 1723 1936 de

293 1957 419 2012 Syria
454 1955 750 2011 AEgyptoque,
783 1955 898 2009 quod
929 1969 1099 1996 necesse
1129 1964 1219 1996 erat
1251 1954 1358 2003 fieri,
1390 1953 1432 1994 in
1466 1966 1592 1993 naves
1625 1966 1723 1992 curn

292 2013 493 2054 omnibus
519 2014 605 2053 suis
640 2012 892 2062 latronibus,
924 2021 1053 2066 atque
1084 2012 1199 2053 omni
1235 2010 1415 2067 pecunia
1442 2008 1728 2050 conscendere

292 2084 383 2111 esse
405 2080 628 2126 paratum,
649 2068 905 2123 Italiamque
936 2080 1102 2124 petere:
1136 2069 1296 2110 idcirco
1319 2068 1448 2108 etiam
1473 2079 1601 2107 naves
1623 2079 1725 2106 one-

292 2128 436 2177 rarias,
460 2141 638 2183 quarum
663 2126 803 2166 minor
828 2125 942 2166 nulla
970 2136 1059 2167 erat
1088 2126 1219 2167 duum
1252 2125 1429 2166 millium
1453 2122 1724 2180 amphorfiin,

303 2258 306 2261 ·
332 2243 374 2271 44
389 2251 418 2280 q.
437 2251 463 2270 c.
475 2240 592 2280 posset]
618 2241 670 2270 Sic
687 2251 762 2271 cum
778 2240 907 2270 Graevio
922 2239 987 2269 edi·

1031 2241 1117 2281 Quia
1131 2245 1179 2269 est
1196 2240 1230 2269 in
1245 2239 1293 2269 ed.
1308 2239 1406 2269 Rom.
1419 2237 1537 2268 addidi.

291 2283 337 2314 di.
356 2283 567 2312 consentiunt
583 2283 646 2312 ΜΒ.
667 2293 770 2319 meus,
786 2283 848 2311 Gu.
870 2284 938 2313 1.2.
957 2287 990 2311 et

1073 2286 1112 2316 47
1149 2291 1237 2321 aqua
1265 2281 1412 2320 denique]
1451 2280 1501 2312 Ad
1536 2279 1726 2317 bibendum,

291 2325 363 2355 edd.
378 2334 426 2364 pr.
441 2329 566 2363 possent
576 2325 675 2354 etiam
693 2329 816 2355 rectum
830 2329 891 2359 est,
907 2329 944 2353 ut
956 2330 990 2354 et

292 2367 332 2397 ad
349 2367 522 2405 vectigalia
537 2367 707 2397 referatur.
753 2365 816 2396 Sed
830 2365 929 2396 libros
942 2375 989 2395 se-

290 2415 387 2439 cutus
402 2418 486 2439 sum.
594 2436 596 2439 ,

333 2453 373 2482 45
389 2451 511 2481 civibus
525 2450 568 2480 R.
587 2450 745 2489 omnibus]
764 2450 908 2480 omnibus
920 2459 988 2480 ma.

290 2492 380 2523 lebat
405 2492 504 2522 deleri
535 2492 693 2528 Graevius,
721 2493 895 2531 aberatque
923 2491 986 2522 ΜΞ.

292 2534 473 2574 Hittorpii:
496 2543 562 2563 non
584 2534 677 2564 bene.
700 2533 734 2563 in
750 2534 800 2564 ed.
828 2537 916 2566 1471.
934 2534 988 2564 de-

290 2580 342 2607 est
355 2577 595 2613 acclivendilis.
640 2577 673 2607 Si
693 2576 863 2606 divenditis
877 2586 989 2606 verum

291 2623 354 2654 est,
371 2624 407 2649 ut
423 2628 489 2650 non
504 2618 631 2653 dubito,
646 2617 685 2648 de
701 2617 792 2648 bonis
808 2627 921 2647 eorum
940 2618 988 2647 in-

291 2660 526 2699 telligendum:
565 2670 641 2690 nam
664 2665 699 2690 et
723 2659 873 2690 homines
895 2660 989 2690 vendi

291 2704 337 2732 sic
355 2704 522 2733 dicuntur.

332 2744 373 2774 46
402 2745 449 2775 M
480 2745 638 2776 Marcello
663 2749 694 2774 ει
724 2743 796 2774 Ser.
829 2743 986 2783 Sulpicio]

290 2786 396 2826 intel-l.
413 2787 606 2825 consulibus,
622 2791 680 2816 aut
699 2786 894 2816 addendum.
914 2795 990 2815 nam

289 2828 335 2858 sic
358 2828 444 2860 nude
469 2828 596 2859 dictum
619 2838 686 2860 non
713 2829 841 2869 uspiam
868 2829 991 2859 notavi.

1032 2335 1130 2363 quam
1146 2329 1295 2363 peterent
1310 2324 1343 2354 in
1358 2327 1480 2353 terram
1501 2323 1725 2352 continentem

1032 2366 1163 2405 egressi.

1072 2411 1112 2439 48
1129 2409 1206 2438 dim.
1219 2406 1399 2447 majestatis
1410 2417 1472 2437 non
1487 2405 1613 2445 s.jnris
1627 2414 1661 2435 n.
1676 2406 1733 2436 sed

1030 2452 1129 2481 eciam
1155 2451 1284 2490 imperii
1301 2450 1475 2489 populique
1501 2447 1609 2487 Rom]
1641 2448 1731 2478 Bene

1032 2492 1198 2522 Rubenius
1214 2491 1393 2532 majestatis
1406 2498 1479 2530 post
1495 2490 1656 2520 sedetiam
1673 2499 1728 2528 po-

1033 2534 1175 2564 nendum
1195 2534 1374 2573 judicabat.
1420 2532 1481 2562 Sed
1496 2532 1596 2562 etiam
1613 2531 1728 2562 deinde

1032 2576 1128 2606 (lubet
1137 2586 1204 2605 csse
1216 2576 1404 2615 imperiique
1413 2574 1526 2614 populi
1540 2574 1634 2604 Rom.
1651 2582 1730 2603 nam

1032 2619 1205 2649 diminutio
1214 2618 1325 2657 populi
1339 2617 1431 2647 Rom.
1447 2616 1499 2645 bic
1517 2615 1645 2646 nullum
1658 2624 1732 2653 sen,-

1032 2669 1104 2689 sum
1121 2659 1229 2689 habet.
1263 2659 1335 2688 Erit
1351 2668 1427 2697 ergo
1445 2658 1534 2687 locus
1549 2658 1595 2687 sic
1608 2658 1730 2688 consti-

1031 2707 1146 2739 tutus3
1171 2711 1270 2741 quam
1293 2701 1523 2738 indignitatem
1542 2700 1732 2733 diminuti&

1033 2753 1168 2783 nemque
1182 2753 1244 2772 mm
1258 2745 1362 2773 solum
1372 2742 1465 2782 juris
1484 2743 1597 2778 vostri,
1616 2741 1672 2772 sed
1685 2745 1732 2771 et-

1032 2786 1101 2815 iam
1118 2784 1299 2825 majestatis
1311 2785 1501 2824 imperiique
1510 2784 1624 2824 populi
1638 2783 1734 2814 Rom.

1033 2828 1152 2859 idcirco
1167 2828 1314 2858 tulimus.
1330 2836 1389 2857 nec
1405 2826 1550 2858 dubitavi
1566 2826 1611 2858 sic
1626 2824 1732 2856 edere.
