1865 3223
327 108 404 143 362
482 90 485 91 ’
567 91 961 143 EPIST.L1BER
987 103 1522 162 TER'rmsDEciMus

328 222 397 250 me
420 209 595 250 summis
618 209 794 251 officiis:
828 210 888 250 ita
911 217 1069 259 tamen,
1095 217 1141 250 ut
1164 209 1240 251 tibi
1270 209 1398 250 nolim
1425 211 1626 253 molestus
1647 228 1752 255 esse.

330 265 536 321 Mylaseis
567 276 608 307 et
647 270 684 299 88
699 267 957 308 Alabandeis
991 267 1217 321 pecuniam
1252 266 1406 308 Cluvio
1442 268 1613 310 debent.
1674 270 1754 312 Di-

331 332 452 364 xerat
474 324 577 365 mihi
604 323 914 380 Euthydemus,
937 338 1033 363 cum
1061 322 1218 378 Ephesi
1243 338 1392 374 essem,
1423 339 1466 364 se
1493 336 1754 378 curaturum,

331 389 378 420 ut
400 381 534 421 ecdici
560 368 736 435 Mylasii
760 381 942 422 Romam
968 381 1249 420 mitterentur.
1315 381 1358 421 [d
1384 381 1544 422 factum
1568 397 1651 423 non
1674 392 1752 424 est.

334 436 518 492 Legatos
559 439 686 478 audio
724 437 874 476 missos
907 451 1010 476 esse.
1045 437 1115 476 sed
1151 437 1260 477 malo
1291 438 1475 489 ecdicos,
1511 449 1557 480 ut
1594 439 1754 495 aliquid

331 494 485 535 confici
523 496 668 550 possit.
732 494 876 538 Quane
908 503 1006 548 peto
1032 508 1055 533 a
1089 502 1144 543 te,
1173 504 1218 533 ut
1248 504 1290 534 et
1316 510 1404 546 eos,
1424 506 1466 536 et
1495 495 1752 537 Alabandeis

324 550 479 605 jubeas
513 551 680 591 ecdicos
717 549 902 590 Romam
937 549 1119 589 mittete.
1182 549 1393 592 Praeterea
1431 552 1621 594 Philotes
1653 552 1754 594 Ala-

332 607 558 649 bandensis
582 611 747 651 ὑποθηκοις
771 606 926 648 Cluvio
949 606 1079 646 dedit.
1104 606 1169 646 hae
1194 609 1431 649 commissae
1455 620 1566 651 sunt.
1615 609 1754 651 Velim

331 679 466 715 cureS,
490 673 534 704 ut
554 673 627 704 aut
648 663 700 704 de
732 663 987 719 hypothecis
1009 664 1200 713 decedat,
1223 677 1376 717 easque
1408 666 1753 719 procuratoribus

333 720 475 761 Cluvii
502 721 653 770 tradat,
675 732 749 761 aut
782 721 1002 776 pecuniam
1036 719 1186 760 solvat.
1251 719 1464 761 Praeterea
1486 723 1755 765 Heracleotae

329 787 374 818 et
409 778 666 833 Bargyletae,
689 778 762 831 qui
796 777 897 817 item
921 777 1092 826 debent,
1114 787 1188 817 aut
1222 778 1445 833 pecuniam
1480 780 1659 832 solvant,
1682 789 1755 821 aut

330 833 540 875 fructibus
575 834 659 874 suis
693 833 971 874 satisfaciant.
1033 833 1187 874 Caunii
1227 844 1431 888 praeterea
1468 835 1649 879 debent:
1682 837 1755 878 sed

329 893 450 932 aiunt
471 905 514 931 56
536 894 575 924 89
589 891 825 945 depositam
851 891 1075 946 pecuniam
1098 890 1311 931 habuisse.
1373 890 1421 932 Id
1447 892 1570 933 velim
1594 908 1755 949 cogno-

329 962 444 989 scas:
477 956 534 999 et,
567 949 599 988 si
634 948 907 999 intellexeris,
929 963 1000 989 605
1037 962 1173 1002 neque
1194 962 1246 988 ex
1270 947 1426 999 edicto,
1451 963 1585 1003 neque
1607 964 1661 991 ex
1649 928 1754 992 Ode-

328 1014 446 1046 creto
467 1005 705 1061 depositam
729 1005 942 1057 habuisse,
964 1005 1037 1046 des
1061 1018 1249 1060 opeiain,
1272 1014 1319 1045 ut
1341 1020 1478 1047 usurae
1502 1006 1701 1070 Cluvio,
1693 1021 1757 1048 in-

329 1062 481 1103 stituto
505 1072 593 1112 tuo,
612 1072 935 1103 conserventur
998 1061 1079 1102 His
1114 1061 1165 1102 de
1199 1063 1323 1102 rebus
1351 1076 1402 1103 eo
1425 1064 1561 1118 magis
1594 1063 1755 1114 laboro,

328 1120 441 1174 quod
477 1119 635 1183 agitur
657 1133 719 1159 res
755 1118 836 1160 Cn.
862 1119 1073 1175 Pompeii,
1106 1119 1234 1159 etiam
1266 1120 1398 1159 nosui
1431 1121 1682 1162 necessarii:
1713 1130 1757 1161 et

196 1181 315 1221 μΞ25·
328 1177 474 1231 quod
467 1191 500 1217 is
523 1176 660 1232 magis
681 1177 811 1217 etiam
834 1176 939 1217 mihi
971 1176 1162 1217 labor-aie
1184 1175 1365 1227 videtur,
1386 1191 1513 1231 quam
1540 1177 1629 1233 ipse
1653 1176 1755 1219 Clu·

284 1231 445 1275 a’vius:
478 1234 545 1274 eui
569 1232 834 1274 satisfactum
859 1248 950 1274 esse
980 1249 1005 1274 a
1033 1233 1156 1274 nobis
1178 1233 1299 1273 valde
1322 1233 1434 1274 volo.
1497 1233 1579 1275 His
1609 1234 1661 1275 de
1691 1248 1756 1275 re-

326 1291 405 1331 bus
425 1299 466 1332 te
490 1290 761 1332 vehementer
782 1292 911 1332 etiun
934 1300 1061 1346 atque
1079 1290 1206 1330 etiam
1231 1304 1351 1346 rogo.
1411 1290 1530 1332 Vale.

259 1383 311 1424 57
841 1379 1242 1416 ARGUMENTUM.

326 1443 429 1479 Petit
455 1448 496 1479 ut
513 1444 704 1482 Anneium,
735 1443 894 1490 legatum
919 1454 1033 1481 suum,
1063 1444 1238 1481 remittat,
1271 1439 1414 1488 ejusque
1441 1453 1586 1478 causam
1604 1442 1756 1479 Sardia-

874 1507 956 1530 nam
977 1495 1211 1529 commendat.

607 1560 842 1602 CICERO
862 1559 1151 1610 THERMO,
1182 1558 1404 1599 PROPR.
1429 1559 1473 1600 S.

324 1616 469 1678 QUO
512 1629 648 1684 magis
687 1629 880 1684 quotidie
913 1643 965 1669 ex
1006 1628 1157 1668 litteris
1194 1627 1438 1681 nuntiisque
1476 1625 1631 1667 bellum
1668 1642 1756 1669 ma-

323 1700 457 1741 gnum
479 1700 569 1726 6556
592 1687 634 1726 in
657 1686 781 1739 Syria
802 1700 1035 1741 cognosco
1058 1699 1108 1725 eo
1134 1684 1425 1724 xehementius
1459 1698 1482 1723 a
1507 1693 1546 1724 te
1578 1699 1654 1739 pro
1677 1700 1754 1726 no-

324 1751 410 1782 stta
431 1744 744 1784 necessitudine
768 1743 998 1792 contendo,
1022 1752 1067 1782 ut
1098 1741 1203 1782 mihi
1239 1740 1302 1781 Μ.
1327 1740 1541 1781 Anneium
1565 1741 1753 1806 legatum

324 1799 462 1853 primo
484 1815 655 1855 quoque
678 1810 868 1855 tempore
893 1799 1255 1839 i·emitt·1s.N·1m
1279 1798 1371 1852 ejus
1393 1812 1536 1853 opera,
1559 1798 1753 1850 consilio,

323 1856 502 1897 scientia
524 1858 581 1897 rei
606 1857 815 1907 militatis,
839 1856 904 1896 vel
927 1871 979 1896 m
972 1857 1113 1897 ixiine
1138 1854 1345 1909 intelligo,
1368 1868 1435 1894 me
1454 1863 1496 1894 et
1521 1855 1753 1910 rempubli-

322 1927 417 1954 cam
440 1914 569 1968 ἀυιιν
574 1915 633 1954 a1i
659 1928 795 1969 posse
843 1913 971 1959 Quod
997 1913 1075 1952 nisi
1101 1922 1218 1952 tantm
1240 1925 1304 1951 res
1326 1911 1418 1965 ejus
1441 1920 1651 1967 ager-etin,
1674 1926 1753 1954 nec

322 1969 414 2024 ipse
446 1971 598 2011 ·ι(1(1ιι6ἰ
637 1971 859 2026 potuisset,
890 1978 935 2010 ut
969 1985 994 2009 a
1023 1983 1090 2009 me
1122 1968 1373 2017 discederet,
1407 1981 1544 2023 neque
1575 1982 1672 2023 ego,
1707 1979 1754 2010 ut

323 2040 419 2067 euin
454 2042 478 2067 ι
507 2042 574 2068 me
604 2028 882 2068 dimitterem.
944 2026 978 2067 E
982 2041 1036 2082 go
1060 2027 1101 2066 in
1127 2025 1323 2066 Ciliciam
1362 2024 1574 2080 proficisci
1607 2025 1754 2082 cogito

322 2083 492 2125 circiter
527 2084 624 2125 Kal.
649 2084 758 2125 Mai
818 2084 932 2124 Ante
961 2098 1053 2124 earn
1076 2083 1189 2123 diem
1214 2081 1405 2123 Anneius
1433 2081 1485 2122 ad
1513 2096 1578 2122 me
1611 2083 1756 2124 redeat

322 2150 509 2195 oportet.
569 2141 695 2206 Illud,
717 2142 831 2196 quod
857 2150 997 2182 tecum
1020 2150 1062 2180 et
1095 2154 1254 2189 coram,
1276 2149 1319 2179 et
1354 2153 1427 2194 pet
1460 2138 1635 2190 litteras,
1657 2139 1754 2180 dili-

322 2198 571 2252 gentissime
601 2213 655 2255 63
661 2214 688 2249 1,
718 2199 759 2239 id
792 2208 835 2238 et
869 2213 980 2238 nunc
1008 2198 1134 2238 etitm
1171 2209 1298 2251 atque
1328 2196 1397 2236 eti
1391 2210 1456 2236 tm
1489 2210 1609 2252 rogo,
1639 2211 1753 2238 curae

322 2254 402 2294 tibi
437 2255 505 2306 sit,
529 2266 575 2296 ut
604 2271 726 2297 suum
758 2256 996 2311 negotium,
1019 2254 1132 2309 qnod
1165 2254 1207 2294 h
1198 2255 1296 2294 thet
1326 2267 1423 2294 eum
1462 2252 1622 2308 populo
1654 2254 1752 2294 Sar-

322 2310 465 2361 diano,
498 2327 574 2367 pro
607 2328 747 2354 causae
783 2313 961 2353 veritate
990 2321 1033 2352 et
1064 2326 1141 2367 pro
1177 2326 1252 2351 sua
1289 2310 1501 2366 dignitate
1534 2310 1751 2351 conficiat.

322 2366 521 2409 Intellexi
544 2382 597 2409 ex
622 2379 694 2410 tua
716 2384 762 2410 οι
766 2370 923 2419 itione,
947 2384 1044 2410 cum
1079 2379 1218 2409 tecum
1254 2366 1412 2423 Ephesi
1443 2367 1609 2408 locutus
1643 2381 1751 2417 sum,

321 2431 363 2464 te
397 2425 530 2489 ipsius
559 2425 625 2466 M.
649 2425 804 2468 Anneii
828 2442 955 2467 eausa
978 2426 1123 2467 omnia-
1145 2424 1264 2466 velle.
1325 2424 1407 2465 Sed
1432 2432 1573 2464 tamen
1597 2423 1657 2464 sic
1680 2438 1751 2465 ve-

319 2481 394 2522 lim
425 2483 660 2534 existimes,
684 2493 725 2523 te
758 2484 861 2524 mihi
895 2483 1000 2524 nihil
1033 2482 1194 2538 gratius
1226 2481 1363 2523 f1cere
1398 2494 1535 2536 posse,
1557 2494 1684 2535 quam
1716 2481 1750 2521 si

319 2538 585 2590 intellexero,
611 2554 682 2595 per
707 2552 760 2590 te,
785 2540 933 2581 illum
927 2555 1065 2596 ipsum
1089 2538 1311 2596 negotium
1333 2552 1387 2579 ex
1414 2537 1626 2579 sententia
1647 2552 1751 2578 con-

319 2594 485 2638 fecisse.
547 2596 682 2653 quue
715 2611 842 2653 quam
874 2612 1059 2653 pinnum
1098 2607 1145 2637 ut
1144 2572 1354 2645 ὃ6ίὶΐι6ἰει5,
1387 2604 1428 2634 te
1459 2594 1588 2634 etiam
1622 2604 1750 2650 atque

317 2655 448 2696 etiam
469 2670 591 2712 rogo.

360 2770 403 2799 88
415 2768 627 2809 Atabmzdeis]
642 2779 673 2799 v.
689 2767 782 2800 Clav.
899 2771 939 2802 89
958 2768 1133 2808 depositam
1140 2765 1225 2806 για]
1246 2765 1396 2804 Adeoque
1413 2773 1524 2796 usuras
1541 2774 1606 2796 non
1621 2763 1749 2796 debere.
