1903 3218
349 93 426 128 302
651 89 834 128 EPJIST.
862 89 1050 128 LIBER
1074 89 1476 138 DUODEGIMUS

683 191 751 234 M.
769 192 821 234 T.
846 193 897 234 C.
931 194 983 235 C.
1007 193 1222 236 CASSIO
1255 195 1299 236 S.
1322 194 1372 236 P.
1400 195 1456 236 D.

356 248 629 302 HIEMEM
652 261 778 303 credo
802 261 942 302 adbuc
978 261 1261 316 prohibuisse,
1295 277 1381 317 quo
1406 262 1550 303 minus
1564 263 1616 303 de
1636 273 1677 304 te
1698 278 1790 305 eer-

354 327 444 359 tum
470 319 733 368 haberemus,
767 319 1063 374 quid‘ageres,
1090 320 1370 373 ‚maximeque
1407 320 1481 359 ubi
1516 333 1641 360 esses.
1706 320 1789 362 Lo-

310 375 596 430 b.quebantu1·
630 390 778 416 omnes
812 384 983 415 tamen:
1015 375 1158 423 credo,
1192 376 1306 430 quod
1336 375 1562 425 volebant3
1595 376 1636 416 in
1661 376 1788 432 Syria

353 442 399 473 te
427 446 532 482 esse,
572 432 727 472 habere
757 432 920 486 copiaS.
984 430 1033 471 Id
1064 442 1206 471 autern
1243 446 1295 472 eo
1330 432 1496 473 facilius
1520 433 1790 486 credebatur,

354 486 456 545 quia
491 488 628 530 simile
667 502 763 528 vero
799 487 1038 527 videbatur.
1099 487 1258 528 Brutus
1287 490 1460 543 quidem
1497 500 1639 529 noster
1667 504 1789 545 egre-

354 546 469 603 giam
490 545 655 586 laudem
679 554 745 584 est
765 553 1036 584 consecutus.
1055 565 1057 567 ·
1101 543 1194 584 Res·
1210 546 1323 585 enim
1353 555 1489 586 tantas
1510 546 1656 598 gessit,
1681 556 1790 588 tam-

351 610 436 658 que
461 602 716 657 inopinataS,
753 612 799 640 ut
827 615 888 641 eae
919 614 1015 640 cum
1050 614 1124 655 per
1152 614 1194 640 se
1216 611 1350 656 gratae
1373 598 1530 652 essent,
1556 606 1586 632 1¹
1608 612 1696 644 tum
1720 619 1789 644 or-

353 658 539 701 natiores
563 669 737 714 propter
757 657 1034 698 celeritatem.
1095 656 1262 703 Quodsi
1289 669 1328 697 tu
1353 672 1402 698 ea
1426 667 1556 709 tenes,
1583 675 1679 714 quae
1713 675 1790 716 pu-

354 727 522 758 tamus:
555 715 724 772 magnis
749 713 950 755 subsidiis
973 713 1081 753 fulta
1098 714 1336 769 respublica
1351 725 1428 754 est.
1461 715 1501 755 A
1517 717 1651 771 prima
1672 717 1788 758 enim

352 789 428 815 ora
450 773 635 815 Graeciae
670 785 802 824 usque
829 770 879 810 ad
905 770 1163 825 AEgyptum‚
1184 772 1444 826 optimorum
1471 773 1626 813 civium
1652 774 1788 829 impe-

353 832 426 872 riis
450 829 602 871 muniti
622 829 778 868 erimus
801 837 843 868 et
865 828 1016 882 copiis.
1079 827 1369 882 Quamquam,
1402 828 1479 868 nisi
1507 843 1572 868 me
1600 830 1789 882 fallebat,

354 902 417 928 res
437 901 480 927 se
503 887 562 927 sic
583 885 784 935 habebat,
806 895 851 925 ut
868 884 999 924 totius
1021 883 1116 924 belli
1133 898 1260 924 omne
1277 885 1504 925 discrimen
1522 886 1561 925 in
1580 885 1636 926 D.
1652 886 1789 929 Bruto

355 944 551 1000 positum·
566 943 803 998 videretur:
835 942 907 996 qui
929 941 978 991 si,
994 951 1039 981 ut
1057 942 1346 996 sperabamuS,
1366 943 1575 997 erupisset
1599 942 1789 995 Mutina,

357 1000 515 1041 ¹2nihil
549 1000 652 1053 belli
680 998 888 1053 reliquum
913 997 1004 1038 fore
1028 998 1266 1039 videbatur.
1328 997 1478 1039 Parv‘is
1500 1000 1677 1040 Omnino
1693 1000 1789 1054 jam

353 1059 490 1114 copiis
513 1057 805 1104 obsidebatur,
839 1055 953 1110 quod
985 1069 1143 1110 magno
1168 1055 1379 1109 praesidio
1405 1055 1645 1097 Bononiam
1672 1067 1790 1098 tene-

355 1116 429 1156 bat
466 1115 697 1155 Antonius.
760 1111 862 1153 Erat
896 1122 1035 1152 autem
1077 1111 1291 1152 Claternae
1330 1123 1473 1153 noster
1509 1112 1703 1159 Hirtius:
1736 1115 1788 1156 ad

350 1172 513 1214 ‘Forum
552 1169 800 1212 Cornelium
836 1169 1006 1210 Caesar:
1053 1180 1231 1223 uterque
1264 1183 1362 1210 cum
1406 1170 1529 1210 firmo
1567 1171 1787 1213 exercitu:

355 1243 619 1285 magnasque
657 1227 809 1267 Rornae
846 1226 986 1266 Pausa
1019 1227 1165 1281 copias
1199 1241 1251 1266 ex
1276 1226 1434 1267 dilectu
1457 1225 1594 1267 ltaliae
1624 1230 1790 1269 ¹3com-

354 1288 547 1342 parabat.
609 1285 762 1326 Hiems
788 1283 928 1323 adhuc
952 1297 1037 1323 rem
1062 1284 1150 1338 geri
1178 1282 1470 1338 prohibuerat.
1532 1282 1703 1325 Hirtius
1725 1286 1790 1326 ni-

343 1344 416 1385 ‘hil
435 1344 513 1384 nisi
537 1342 819 1390 considerate,
842 1350 889 1380 ut
911 1340 1015 1380 mihi
1034 1340 1192 1380 crebris
1223 1339 1375 1380 litteris
1406 1340 1638 1396 significat,
1669 1350 1790 1382 actu-

354 1416 424 1442 rus
466 1401 706 1442 videbatur.
769 1397 931 1437 Praeter
968 1396 1228 1446 Bononiam,
1262 1396 1446 1452 Regium
1484 1396 1651 1453 Lepidi,
1686 1398 1790 1440 Par-

354 1472 484 1509 mam,
507 1467 642 1497 totam
666 1455 850 1496 Galliam
868 1454 1132 1503 tenebamus,
1152 1453 1506 1494 studiosissimam
1525 1454 1789 1509 reipublicae.

353 1514 470 1556 Tuos
501 1515 630 1554 etiam
655 1512 830 1553 clientes
852 1509 1181 1565 Transpadanos
1213 1510 1393 1550 mirifice
1414 1510 1672 1564 coujunctos
1691 1527 1790 1553 cum

352 1586 482 1620 causa
504 1571 781 1612 habebamus.
843 1567 947 1608 Erat
967 1567 1233 1607 firmissimus
1256 1576 1441 1618 senatus,
1470 1567 1665 1622 exceptis
1686 1581 1789 1610 con-

355 1629 588 1670 sularibus:
621 1642 674 1668 ex
708 1626 864 1681 quibus
903 1639 1010 1665 unus
1049 1624 1097 1664 L.
1132 1623 1280 1665 Caesar
1308 1623 1454 1665 firmus
1484 1634 1548 1664 est
1570 1634 1612 1665 et
1635 1633 1790 1666 rectus.

356 1686 446 1727 Ser.
470 1685 649 1740 Sulpicii
673 1693 810 1724 morte
834 1696 1036 1738 magnum
1060 1680 1307 1736 praesidium
1330 1681 1565 1721 amisimus.
1616 1680 1789 1738 Reliqui

355 1744 509 1799 partim
548 1743 717 1791 inertes,
751 1740 905 1796 partim
944 1738 1154 1793 improbi:
1188 1738 1381 1778 nonnulli
1416 1737 1610 1778 invident
1641 1752 1789 1780 eorum

356 1800 486 1850 laudi,
507 1814 614 1854 quos
644 1799 686 1838 in
724 1796 944 1851 republica
973 1795 1142 1852 probari
1168 1795 1326 1835 vident.
1389 1794 1544 1850 Populi
1571 1809 1681 1835 vero>
1700 1795 1790 1838 Ro-

224 1863 257 1894 P·
274 1854 471 1899 ¹8⁶·mani
496 1857 712 1910 totiusque
735 1853 873 1894 Italiae
897 1853 1004 1893 mira
1026 1852 1252 1892 consensio
1270 1862 1348 1891 est.
1412 1851 1522 1892 Haec
1544 1861 1664 1892 erant
1687 1851 1790 1904 fere,

310 1906 451 1969 a.quae
486 1914 564 1954 tibi
595 1922 698 1953 nota
729 1926 819 1952 esse
854 1909 1018 1950 vellem.
1080 1909 1209 1949 Nunc
1241 1919 1384 1949 autern
1407 1917 1528 1965 opto,
1551 1919 1597 1950 ut
1619 1909 1674 1950 ab
1698 1911 1789 1950 istis

352 1971 544 2013 Orientis
567 1969 760 2026 partibus
784 1967 953 2008 virtutis
977 1976 1063 2007 tuae
1086 1966 1227 2006 lumen
1249 1966 1428 2006 eluceat.
1490 1965 1610 2006 Vale.

312 2050 341 2092 6
869 2055 1272 2094 ARGUMENTUM.

349 2125 564 2162 Strabonem
583 2124 725 2171 oblique
755 2121 1003 2157 commendat:
1034 2121 1070 2155 in
1092 2118 1214 2154 Cassio
1233 2123 1268 2153 et
1286 2117 1339 2152 M.
1362 2117 1491 2156 Bruto,
1512 2118 1543 2152 si
1561 2129 1617 2162 res
1635 2119 1684 2154 ad
1702 2118 1786 2155 Mu-

506 2178 621 2212 tinam
638 2176 733 2211 male
750 2178 913 2221 geratur,
932 2184 1029 2220 spem
1049 2183 1185 2206 omnem
1204 2172 1293 2217 reip.
1311 2172 1421 2205 sitam
1440 2181 1512 2205 esse
1530 2170 1630 2206 dicit.

681 2241 749 2282 M.
771 2240 821 2281 T.
846 2239 897 2280 C.
931 2238 983 2279 C.
1005 2236 1221 2279 CASSIO
1254 2237 1298 2277 S.
1322 2236 1370 2277 P.
1398 2236 1455 2278 D.

351 2299 475 2362 QUI
501 2321 635 2352 status
672 2323 810 2350 rerum
844 2307 974 2347 fuerit
1007 2315 1114 2356 tum,
1146 2304 1340 2346 cumbas
1364 2304 1525 2344 litteras
1548 2303 1661 2354 dedi,
1680 2302 1787 2345 scire

348 2370 509 2425 poteris
531 2383 585 2408 ex
611 2367 661 2408 C.
686 2366 813 2406 Tidio
838 2364 1065 2414 Strabone,
1088 2363 1179 2402 viro
1206 2362 1333 2412 bono,
1348 2371 1390 2401 et
1403 2360 1567 2416 optime
1591 2360 1787 2415 derepu-

393 2502 426 2529 ll
454 2504 523 2529 tum
539 2495 731 2534 ornatiores]
750 2494 856 2532 Magis
874 2492 1045 2521 tnudaren.
1089 2494 1212 2526 noster,
1229 2490 1291 2520 Gu.
1321 2492 1346 2518 1.
1373 2488 1416 2527 ⁶2.)
1444 2488 1631 2527 Superiores
1653 2497 1789 2520 omnes:

345 2546 413 2573 tur.
441 2541 629 2573 maluerunt
657 2538 787 2576 qui-lam
811 2536 992 2574 gratim-es.-
1027 2544 1046 2563 a
1089 2532 1184 2562 Rom.
1214 2532 1294 2561 Vcn.
1329 2531 1418 2563 1469.
1452 2533 1540 2563 1471.
1565 2536 1789 2568 compararat,

344 2584 462 2624 quibus
477 2593 543 2613 non
557 2581 724 2612 dissentia
1090 2574 1160 2613 Ego
1190 2583 1255 2603 non
1282 2573 1397 2603 dubito
1422 2571 1595 2610 legendum
1619 2581 1788 2611 compara·

394 2629 431 2656 12
455 2627 538 2656 nihil
561 2624 634 2654 hem·
648 2618 804 2661 reliquis.
824 2618 870 2658 zu]
897 2619 948 2648 Sic
970 2618 1044 2647 libri
1089 2617 1155 2646 bal.
1189 2616 1363 2655 Comparat
1378 2614 1486 2644 locum
1504 2623 1569 2645 non
1587 2614 1697 2649 habet,
1713 2616 1790 2654 quia

345 2677 478 2699 omnes:
513 2667 568 2697 sed
595 2666 666 2704 quis
696 2665 741 2693 sic
776 2662 933 2701 loquitur,
962 2660 1043 2689 nihil
1086 2659 1120 2688 iu
1139 2658 1198 2688 tali
1224 2667 1257 2688 re
1282 2656 1472 2695 imperfecto
1490 2656 1537 2686 uti
1553 2656 1638 2686 solet
1659 2657 1788 2694 Cicero,

345 2710 425 2741 belli
451 2709 564 2749 reliqui
580 2707 654 2738 est?
679 2707 781 2736 immo
799 2704 959 2742 reliquum
977 2702 1043 2731 cdi·
1088 2706 1126 2730 ut
1151 2704 1186 2729 et
1213 2700 1244 2729 in
1270 2699 1386 2729 ceteris
1409 2703 1486 2728 ante
1508 2702 1542 2728 et
1565 2699 1788 2736 sequentibus.

345 2753 388 2785 di,
1089 2743 1169 2771 Com
1175 2741 1326 2781 pendium
1338 2740 1486 2770 fraudem
1498 2739 1627 2778 attulit,
1639 2745 1680 2770 ut
1686 2749 1788 2781 saepo.

391 2797 429 2826 13
453 2791 636 2833 comparat]
677 2790 728 2820 Sic
756 2788 898 2829 primum
930 2786 962 2816 in
993 2785 1044 2815 ed.
1088 2784 1198 2823 itaque
1214 2784 1258 2814 sic
1275 2782 1436 2822 rescripsi.

347 2837 438 2869 Med.
464 2836 532 2879 (sed
555 2841 669 2866 tamen
691 2833 736 2863 sic
758 2832 825 2863 fere
850 2827 928 2860 Mas.
943 2828 1043 2858 etiam
