1817 3196
465 100 546 141 AD
571 99 808 141 APPIUM
838 99 1194 144 PULCHRUM.
1500 109 1548 146 51

108 218 204 247 rum
224 203 409 261 diligens
428 203 773 246 commendatio:
805 204 878 246 sed
901 212 986 246 tuae
1009 204 1180 256 litterae,
1201 204 1256 246 de
1278 212 1351 251 tua
1372 220 1549 261 praeser-

111 262 190 303 tim
210 261 438 316 dignitate,
459 268 502 300 et
523 260 576 301 de
596 271 741 302 nostra
763 261 1086 316 conjunctione,
1108 262 1288 305 maximi
1313 273 1411 304 sunt
1434 266 1548 318 apud

103 333 174 360 me
208 317 423 373 ponderis.
485 315 600 358 Mihi
637 327 828 373 quaestor
860 319 1049 375 optatior
1071 318 1298 375 obtingere
1321 334 1446 360 nemo
1471 335 1549 376 po-

105 375 202 416 tuit.
264 374 557 421 Quamobrem
596 377 636 405 43
653 390 938 431 quaecumque
972 391 996 416 a
1029 390 1097 417 me
1133 386 1387 418 ornamenta
1419 377 1472 419 ad
1505 386 1548 418 te

100 431 454 488 proficiscentur3
498 441 546 472 ut
567 446 716 473 omnes
740 432 998 489 intelligant,
1020 449 1044 474 a
1066 447 1134 475 me
1156 433 1346 474 habitam
1366 448 1458 474 esse
1480 448 1546 474 ra-

102 489 264 530 tionem
289 498 372 530 tuae
398 488 695 544 majorumque
719 500 889 532 tuorum
913 490 1154 546 dignitatis,
1205 490 1289 532 Sed
1312 490 1354 531 id
1378 491 1545 532 facilius

98 560 351 600 consequar,
375 546 407 586 si
432 547 485 586 ad
507 560 575 587 me
599 547 641 587 in
667 547 866 588 Ciliciam
891 549 1079 589 veneris:
1123 549 1237 603 quod
1262 563 1343 604 ego
1373 558 1417 589 et
1436 562 1544 599 mea,

97 611 142 643 et
160 602 425 659 reipublicae,
441 612 485 644 et
507 607 696 645 maxime
719 613 792 646 tua
814 605 1016 646 interesse
1037 605 1236 649 arbitror.
1301 605 1418 648 Vale.

335 794 419 849 M.
457 761 768 848 TULLH
821 794 1296 850 CICERONIS

175 910 1463 980 EPISTOLARUM‘

656 1039 864 1082 LIBER
906 1040 996 1083 III.

788 1132 842 1156 AD

235 1200 503 1249 APPIUM
541 1199 921 1248 CLAUDIUM
959 1200 1366 1274 PULCHRUM.

603 1385 1009 1424 ARGUMENTUM.
1552 1406 1570 1441 1

83 1449 210 1499 Appio
228 1448 390 1487 Pulchro
409 1450 620 1488 brevitatem
638 1454 794 1490 excusat,
816 1452 912 1497 quod
939 1450 1116 1491 Phanias,
1137 1450 1212 1498 ejus
1231 1452 1392 1496 libertus,
1412 1455 1535 1492 omnia

137 1507 353 1538 narraturus
365 1505 426 1543 sit,
442 1515 545 1550 quem
559 1514 670 1549 (eque,
683 1506 723 1537 ut
738 1504 853 1550 ipsum
864 1503 1037 1550 Appium,
1055 1504 1195 1544 laudat,
1212 1517 1358 1541 necnon
1372 1507 1531 1549 Cilicem.

139 1555 296 1590 alterum
315 1556 494 1590 libertum.
555 1555 713 1590 Tandem
737 1553 921 1590 Valerium
934 1553 1238 1601 jurisconsultum
1257 1560 1496 1598 commendat.

263 1626 330 1668 M.
353 1626 403 1667 T.
429 1626 479 1668 C.
512 1625 711 1668 APPIO
738 1626 1041 1668 PULCHRO
1066 1627 1200 1670 IMP.
1225 1630 1270 1670 S.
1296 1630 1352 1672 D.

86 1681 148 1736 SI
172 1694 265 1751 ipsa
296 1694 539 1751 respublica
558 1694 637 1734 tibi
662 1708 831 1734 narrare
856 1704 1015 1750 posset,
1037 1697 1257 1750 quomodo
1289 1699 1379 1740 sese
1400 1699 1533 1742 habe·

83 1762 164 1804 ret,
188 1766 274 1793 non
297 1751 464 1793 facilius
486 1766 540 1792 ex
568 1766 618 1792 ea
640 1766 902 1807 cognoscere
937 1767 1097 1808 posseS‚
1121 1768 1249 1809 quam
1284 1770 1338 1796 ex
1377 1756 1532 1800 liberto

83 1816 160 1852 tuo
187 1809 375 1851 Phania:
408 1809 469 1850 ita
489 1819 554 1850 est
575 1809 707 1850 homo
734 1822 820 1850 non
845 1809 974 1850 modo
996 1811 1198 1865 prudens,
1228 1827 1373 1854 verum
1398 1815 1530 1858 etiam

86 1870 100 1901 l
126 1867 261 1922 (quod
290 1867 436 1923 juvet)
459 1867 667 1908 curiosus,
711 1874 975 1923 quapropter
1009 1867 1077 1908 ille
1110 1869 1188 1909 tibi
1213 1871 1360 1912 omnia
1381 1872 1530 1929 expla-

80 1924 218 1967 nabit.
249 1924 292 1965 id
314 1934 357 1966 et
378 1926 431 1965 ad
455 1925 710 1965 brevitatem
731 1934 796 1965 est
815 1924 972 1980 aptius,
996 1934 1039 1965 et
1062 1925 1114 1965 ad
1135 1926 1317 1982 reliquas
1340 1943 1405 1969 res
1429 1945 1530 1986 pro-

80 1982 311 2024 videntius.
375 1981 442 2022 De
473 1996 568 2022 mea
588 1990 733 2022 autem
770 1981 1061 2023 benivolentia
1092 1997 1195 2039 erga
1225 1995 1280 2035 te,
1303 1987 1381 2026 etsi
1407 1996 1529 2042 potes

81 2053 134 2082 ex
159 2039 309 2080 eodem
333 2038 501 2080 Pliania
519 2052 807 2095 cognoscere:
833 2048 977 2081 tamen
1002 2039 1203 2081 videntur
1223 2043 1354 2083 etiam
1372 2044 1528 2099 aliquae

80 2110 188 2141 meae
223 2105 380 2153 partes.
441 2097 548 2138 2510
569 2096 684 2137 enim
708 2096 787 2137 tibi
812 2097 1034 2152 persuade,
1055 2098 1325 2142 carissimum
1349 2111 1390 2142 te
1419 2101 1529 2144 mihi

824 2251 891 2272 non
907 2242 965 2272 illa
977 2242 1108 2282 quidem
1130 2245 1242 2276 omnia
1263 2245 1391 2285 idonea,
1407 2249 1463 2280 sed
1479 2254 1529 2282 ta.

824 2294 900 2314 men
917 2294 1022 2316 uuum
1036 2291 1070 2315 et
1081 2285 1223 2317 alterum
1235 2299 1241 2317 :
1261 2298 1320 2319 nec
1332 2295 1366 2320 et
1380 2290 1434 2321 hic
1448 2293 1526 2323 sim-

823 2326 954 2366 pliciter
962 2332 1012 2357 est
1023 2337 1081 2367 pro
1089 2329 1213 2365 omnia,
1224 2330 1279 2360 sed
1292 2342 1367 2362 cum
1378 2341 1527 2374 respectu

120 2243 161 2273 43
183 2251 390 2282 qum-umque
412 2251 433 2272 α
455 2241 595 2272 nze—ad
615 2245 646 2272 te
661 2242 779 2282 profic.

77 2288 116 2315 ut
130 2284 250 2323 omnes]
269 2284 355 2314 Ante
372 2287 409 2314 ut
420 2283 491 2314 edd.
505 2288 582 2313 aute
595 2284 780 2314 Victoriam

76 2325 145 2359 fere
166 2326 289 2357 habent
308 2326 489 2361 elaborabo,
504 2326 538 2356 iu
558 2325 646 2356 Med.
665 2330 781 2356 tamen

75 2377 142 2400 nou
159 2373 208 2399 est
223 2379 233 2407 3
270 2378 328 2399 nec
343 2370 377 2399 in
402 2368 465 2398 ΜΞ.
482 2375 604 2398 nostro.
628 2377 688 2398 nec
703 2377 781 2399 sane

75 2409 158 2441 bene
174 2412 327 2441 convenit
347 2411 499 2441 orationi.
522 2419 581 2440 sua
595 2415 712 2450 sponte
728 2411 778 2441 in-

76 2453 253 2494 telligitur,
268 2463 356 2488 eum,
373 2453 429 2491 qui
451 2453 563 2482 omnia
583 2459 780 2484 ornamenta

79 2494 113 2525 in
124 2495 264 2535 aliquem
276 2495 436 2531 conferat,
447 2494 613 2524 elaborare
627 2493 688 2525 hoc
700 2506 706 2524 :
724 2494 780 2525 sed

78 2546 117 2568 ea
139 2537 368 2574 conferuntur,
391 2542 429 2567 ut
456 2536 671 2576 intelligatur.
716 2537 780 2568 Sed

74 2583 190 2610 tamen
198 2580 377 2613 Lambinus
388 2579 608 2615 existimabat,
618 2588 779 2619 qzcoecum-

75 2630 139 2661 que
151 2626 237 2653 stare
253 2631 318 2652 non
337 2631 440 2662 posse,
456 2621 481 2651 si
498 2622 666 2651 elaborabo
682 2621 778 2652 tolle-

75 2671 180 2700 retur,
207 2664 292 2695 unde
322 2668 355 2694 et
385 2664 546 2694 Gruterus
573 2664 605 2693 in
631 2665 780 2704 margine

71 2705 623 2747 scripsitxfctciam‚conjiciebatque
632 2715 774 2746 quaeqtce,

73 2745 97 2776 i.
114 2749 243 2779 omnia:
269 2749 355 2788 quod
370 2757 576 2789 quoeeumque
590 2747 774 2787 significare

74 2796 142 2818 non
164 2799 267 2829 posse,
292 2794 331 2821 ut
353 2790 532 2826 Victorius,
554 2790 774 2822 existimabat.

74 2829 249 2863 Manutius
270 2837 385 2866 tamen
398 2832 549 2875 exempla
567 2832 633 2865 alia
647 2833 774 2873 attulit,

824 2368 864 2398 ad
879 2368 1070 2400 facultatem
1086 2382 1095 2408 3
1121 2377 1170 2407 ut,
1186 2373 1339 2412 quicquid
1351 2385 1527 2407 ornamen-

822 2416 933 2441 torum
950 2411 1013 2442 erit
1026 2412 1059 2442 in
1074 2419 1236 2453 potestate
1252 2425 1337 2453 mea,
1349 2417 1390 2447 ad
1403 2424 1436 2449 te
1452 2429 1526 2459 pro·

823 2453 998 2484 ficiscetur.

870 2498 881 2527 1
921 2496 1006 2535 quod
1019 2494 1118 2536 juvet
1143 2499 1301 2539 curiosus]
1329 2501 1381 2530 Sic
1403 2512 1420 2531 e
1443 2501 1525 2533 Mss.

821 2537 949 2568 edidere
973 2539 1067 2578 primi
1092 2539 1257 2572 Victorius
1287 2541 1321 2572 et
1342 2543 1524 2575 Lambinus

822 2589 880 2620 pro
910 2581 995 2619 quod
1026 2581 1106 2612 vidi.
1149 2582 1276 2624 Nempe
1305 2586 1524 2618 necessarium

822 2626 905 2658 erat,
923 2621 1046 2662 aliquid
1070 2623 1142 2653 addi
1160 2625 1257 2656 verbo
1272 2627 1436 2660 curiosus:
1460 2638 1525 2667 quq

823 2664 855 2694 id
870 2664 910 2694 ad
926 2664 1051 2695 bonum
1072 2674 1203 2697 sensum
1221 2673 1414 2701 vocaretur:
1438 2670 1525 2709 quod

817 2706 896 2736 alias
912 2706 951 2736 fit
974 2707 1127 2738 adverbio
1152 2710 1246 2739 bene.-
1280 2720 1357 2740 nam
1381 2717 1416 2742 et
1438 2714 1525 2749 mala

817 2749 934 2779 curiosi
948 2754 1026 2779 sunt
1033 2773 1040 2780 .

859 2793 879 2822 2
913 2790 969 2821 Sic
995 2792 1082 2822 enim
1106 2793 1164 2823 tibi
1183 2792 1313 2832 persa]
1339 2793 1445 2826 Enim
1469 2795 1523 2828 hic

817 2833 999 2865 transitum
1026 2833 1120 2873 facit,
1134 2840 1173 2866 ut
1195 2840 1228 2867 et
1244 2835 1334 2875 alibi,
1357 2847 1418 2878 pro
1433 2848 1522 2881 ergo,

815 2881 893 2918 Ee
