1817 3196
425 78 505 116 AD
528 75 911 118 ToRoUATUM
936 75 1011 113 ΕΤ
1036 76 1310 116 CETEROS.
1501 82 1575 121 12⁷

450 179 520 222 M.
539 174 592 221 Τ.
613 179 666 222 C.
687 178 742 220 A.
764 177 1123 230 TORQUATO‚
1146 179 1191 220 S.
1216 178 1275 221 D.

143 235 312 290 PETO
333 262 357 288 a
377 255 434 299 te,
457 262 509 288 ne
531 261 598 287 me
618 255 744 303 putes
765 246 984 289 oblivione
1007 247 1068 287 tui
1089 247 1222 287 rarius
1245 246 1296 288 ad
1318 255 1360 287 te
1378 248 1576 301 scribere,

141 319 271 370 quam
303 303 515 346 solebam.
559 304 632 344 sed
669 312 743 344 aut
779 303 989 359 gravitate
1021 303 1282 354 valitudinis,
1319 318 1405 358 qua
1437 314 1578 348 tamen

137 363 230 419 jam
254 361 440 418 paullum
465 360 612 401 videor
632 360 776 411 levari,
803 370 877 401 aut
899 361 1012 416 quod
1036 361 1172 402 absim
1197 361 1250 401 ab
1273 361 1393 412 urbe,
1422 371 1482 412 ut,
1505 364 1578 426 qui

144 420 197 461 ad
232 430 272 460 te
306 418 644 475 proficiscantur,
677 418 785 459 scite
819 432 904 458 non
939 418 1114 473 possim.
1176 418 1322 465 Quare
1358 418 1484 459 velim
1521 419 1581 460 ita

146 485 354 518 statutum
379 475 549 525 habeas,
576 489 642 515 me
664 475 726 515 tui
749 475 996 516 memoriam
1021 489 1118 516 cum
1143 489 1310 516 summa
1334 475 1582 517 benivolen-

144 534 208 574 tia
225 542 386 583 tenere,
417 541 594 587 tuasque
615 546 763 573 omnes
785 545 849 572 res
871 547 957 573 non
980 532 1134 572 minori
1157 532 1263 572 mibi
1293 546 1424 583 curae,
1453 547 1580 588 quam

143 603 262 631 meas
282 602 387 630 esse.
440 589 570 635 Quod
593 589 756 644 majore
779 590 819 629 in
846 590 1050 629 varietate
1075 600 1238 630 versata
1258 598 1323 629 est
1344 590 1485 630 adhue
1507 599 1582 632 tua

146 660 288 696 causa,
317 660 446 701 quam
479 646 674 687 homines
696 655 771 687 aut
793 645 1010 697 volebant,
1032 655 1106 686 aut
1127 646 1442 701 opinabantur:
1475 648 1580 689 mihi

147 702 287 753 crede,
324 716 409 744 non
440 712 519 754 est,
555 717 632 760 pro
662 703 784 744 malis
815 712 1074 767 temporum,
1103 703 1220 758 quod
1249 703 1428 744 moleste
1458 703 1583 746 feras.

151 760 338 801 Necesse
359 769 423 800 est
444 761 558 802 enim
575 770 649 802 aut
667 760 793 801 armis
811 760 951 816 urgeri
972 760 1280 816 rempublicam
1299 762 1586 826 sempiternis,

149 826 241 868 aut,
266 816 331 857 his
355 817 520 873 positis,
542 818 721 858 recreari
743 817 987 873 aliquando,
1006 828 1080 858 aut
1101 816 1295 858 funditus
1319 817 1506 860 interire.
1539 818 1586 860 Si

85 878 88 880 ’
149 887 269 915 arma
291 875 517 917 valebunt:
551 889 628 916 nec
649 889 736 926 eos,
761 877 818 915 8a
837 875 994 930 quibus
1023 875 1236 931 reciperis,
1267 876 1399 915 vereri
1429 876 1584 917 debes·
1575 909 1587 928 ,

153 944 234 972 nec
255 945 343 982 eos,
364 946 472 987 quos
494 932 726 987 adjuvisti:
759 931 792 972 si
815 932 943 973 armis
962 941 1036 972 aut
1053 932 1303 973 conditione
1324 933 1492 987 positis,
1514 944 1590 974 aut

151 987 466 1052 defatigatione
487 989 683 1045 abjectis,
700 999 774 1030 aut
797 989 977 1030 victoria
996 989 1215 1039 detractis,
1236 989 1389 1030 civitas
1409 991 1591 1046 respira-

147 1045 289 1096 verit3
319 1056 363 1086 et
385 1045 598 1102 dignitate
620 1046 702 1087 frui
727 1047 821 1097 tibi,
843 1055 886 1087 et
907 1045 1092 1087 fortunis
1114 1046 1286 1088 licebit:
1319 1047 1383 1087 sin
1412 1048 1590 1088 omnino

157 1102 399 1144 interierint
420 1104 579 1154 omnia,
602 1103 846 1167 fueritque
838 1118 872 1143 is
893 1104 1051 1154 exitus,
1075 1118 1201 1158 quem
1226 1104 1290 1143 vir
1311 1104 1592 1159 prudentissi-

149 1173 266 1211 mus,
288 1159 356 1201 M.
387 1158 620 1211 Antonius,
648 1161 741 1215 jam
766 1170 854 1201 tum
879 1161 1074 1210 timebat,
1103 1174 1202 1201 cum
1231 1169 1400 1201 tantum
1434 1162 1635 1209 instarep.
1653 1170 1702 1199 80.

153 1216 363 1258 malorum
398 1218 714 1273 suspicabatur:
756 1217 908 1258 misera
936 1226 1000 1257 est
1031 1192 1102 1258 illa
1131 1216 1306 1281 quidem
1337 1217 1632 1270 consolatio&

151 1273 232 1314 tali
256 1274 494 1338 praesertim
515 1274 601 1314 civi
621 1285 665 1314 et
687 1274 792 1324 viro,
823 1274 896 1315 sed
919 1282 1062 1314 tamen
1084 1274 1337 1323 necessaria,
1365 1274 1474 1315 nihil
1502 1289 1595 1317 esse

156 1331 376 1395 praecipue
391 1332 592 1386 cuiquam
611 1329 870 1371 dolendum
862 1345 903 1371 in
923 1345 989 1381 eo,
1014 1334 1034 1364 9
1049 1331 1164 1386 quod
1183 1330 1353 1372 accidat
1370 1332 1594 1373 universis.

155 1386 272 1434 Quae
299 1387 361 1428 vis
384 1387 484 1429 insit
503 1402 546 1428 in
565 1388 630 1428 his
650 1388 796 1453 paucis
819 1388 972 1439 verbis,
994 1388 1135 1444 (plura
1153 1388 1269 1429 enim
1285 1389 1597 1431 committenda

156 1444 354 1510 epistolae
373 1459 457 1486 non
476 1446 633 1495 erant,)
651 1445 688 1485 si
711 1445 920 1496 attendes,
942 1446 1057 1500 quod
1078 1445 1212 1487 facis:
1245 1445 1442 1501 profecto
1464 1446 1595 1487 etiam

158 1502 252 1542 sine
274 1503 379 1543 meis
400 1502 553 1543 litteris
576 1501 802 1558 intelliges,
836 1512 877 1543 te
906 1501 1067 1558 aliquid
1096 1503 1254 1543 habere
1279 1503 1396 1557 quod
1425 1517 1596 1558 speres3

160 1557 286 1610 nihil,
317 1560 433 1624 quod
467 1568 541 1600 aut
578 1558 676 1610 hoc,
715 1569 790 1600 aut
819 1559 970 1624 aliquo.
994 1559 1265 1616 reipublicae
1277 1569 1391 1600 statu
1423 1560 1600 1602 timeas:

161 1617 312 1657 omnia
330 1616 367 1657 si
390 1617 645 1667 interierint,
669 1631 768 1658 cum
790 1618 1064 1672 superstitem
1086 1626 1129 1657 te
1149 1630 1241 1657 esse
1264 1617 1528 1672 ieipublicae‚
1550 1632 1604 1659 ne

165 1672 200 1713 si
224 1672 350 1714 liceat
371 1673 561 1728 quidem,
584 1648 702 1724 velis,
731 1673 951 1715 ferendam
981 1688 1073 1715 esse
1102 1674 1335 1724 fortunam,
1367 1675 1604 1729 praesertim

164 1744 262 1785 quae
291 1730 406 1771 absit
426 1745 451 1771 a
471 1731 611 1786 culpa.
673 1730 756 1772 Sed
788 1730 884 1771 haec
914 1731 1136 1775 haetenus.
1196 1729 1260 1771 Tu
1287 1730 1411 1771 velim
1445 1732 1606 1773 scribas

164 1786 220 1828 ad
247 1801 332 1838 me,
361 1787 466 1843 quid
495 1803 613 1845 agas,
643 1798 687 1830 et
717 1788 792 1829 ubi
814 1788 983 1830 futurus
1006 1789 1086 1830 sis:
1120 1796 1181 1839 ut,
1203 1797 1277 1829 aut
1299 1802 1384 1844 quo
1407 1789 1608 1840 scribam,

165 1853 241 1888 aut
263 1859 349 1902 quo
371 1844 556 1898 veniam,
578 1846 685 1888 scire
708 1844 885 1902 possim.

687 1944 1094 1983 ARGUMENTUM.
1623 1941 1646 1976 :3

171 2009 387 2047 Consolatur
402 2011 472 2051 ita,
500 2013 542 2044 ut
568 2009 653 2046 bene
679 2014 801 2046 actum
828 2021 909 2046 cum
935 2011 980 2045 z'z's
1003 2013 1122 2057 putet,
1152 2009 1214 2055 qui
1241 2013 1326 2045 ante
1343 2010 1477 2045 exitum
1496 2012 1612 2047 civilis

219 2061 307 2099 belli
323 2073 366 2098 ex
381 2063 460 2098 vita
479 2062 702 2098 decesserint.
756 2061 929 2098 Miserius
955 2063 1049 2097 enim
1077 2066 1193 2097 morte
1219 2072 1304 2102 esse,
1331 2062 1386 2096 ita
1412 2063 1541 2102 vivere,
1570 2068 1612 2099 ut

220 2118 304 2163 post
331 2114 602 2150 alteriusutrius
625 2115 746 2162 partis
772 2116 964 2150 victoriam
986 2114 1177 2150 vivendum
1195 2124 1268 2149 esse
1286 2114 1438 2150 divinat.
1492 2116 1611 2151 Addit

223 2167 428 2214 graviorem
447 2167 740 2209 consolationem,
762 2168 855 2208 vivo,
875 2167 973 2215 quod
985 2178 1117 2202 vacuas
1130 2167 1179 2202 sit
1194 2166 1301 2214 culpa
1313 2181 1325 2202 .·
1344 2171 1500 2210 mortuo,
1515 2168 1614 2215 qaod

224 2219 407 2257 ‚cariturus
422 2219 471 2254 sit
487 2230 602 2254 sensu.
658 2218 806 2268 Scripta
820 2221 985 2267 proxime
1004 2223 1089 2267 post
1113 2220 1274 2266 primam
1297 2219 1502 2267 epistolam,
1528 2224 1612 2257 ante

225 2271 430 2307 secundam.

468 2336 532 2378 Μ.
559 2336 610 2378 Τ.
634 2336 687 2379 C.
719 2336 763 2378 S.
787 2336 846 2379 D.
877 2337 932 2379 A.
963 2335 1321 2384 TORQUATO.

177 2392 645 2448 SUPERIORIBUS
686 2403 840 2446 litteris
882 2404 1174 2446 benivolentia
1215 2405 1353 2462 magis
1391 2406 1616 2456 adductus,

176 2477 308 2518 quam
329 2477 416 2518 quo
438 2476 503 2503 res
525 2462 586 2503 ita
607 2461 855 2518 postularet,
877 2462 940 2504 fui
962 2463 1147 2519 longior.
1209 2462 1362 2518 Neque
1379 2463 1493 2503 enim
1513 2478 1617 2504 con·

179 2520 423 2561 firmatione
457 2528 604 2562 nostra
634 2520 792 2577 egebat
829 2519 963 2562 virtus
1000 2529 1100 2562 tua:
1145 2534 1286 2575 neque
1323 2527 1413 2561 erat
1443 2534 1493 2561 ea
1523 2534 1619 2562 mea

213 2659 232 2687 8
245 2656 392 2696 aquibus
401 2655 566 2697 reciperis]
585 2656 646 2686 int.
662 2655 876 2688 Caesarianos.
920 2659 955 2686 et
971 2654 1037 2686 Gu.
1062 2659 1214 2694 utroque.

179 2697 236 2730 alii
250 2699 431 2729 rec-meris.-
453 2698 540 2738 quod
553 2699 649 2739 ejecit
663 2701 751 2729 recte
764 2697 878 2728 Victo·
963 2702 983 2732 9
1006 2697 1090 2738 quod
1101 2697 1230 2728 accidat
1244 2697 1335 2726 univ.
1338 2695 1352 2736 ]
1378 2695 1525 2726 Graevius
1539 2696 1624 2728 male

180 2741 258 2772 rius.
274 2749 350 2771 nam
364 2740 400 2771 hi
414 2745 492 2771 sunt
507 2740 711 2781 Pompeiani,
727 2749 808 2779 quos
823 2740 877 2770 ad·
922 2741 1067 2781 reposuit
1097 2740 1216 2770 accidit
1248 2748 1267 2768 e
1299 2738 1380 2769 Mss.
1411 2738 1623 2778 quibusdam.

176 2782 317 2821 juverat.
352 2782 480 2813 Vitium
493 2788 605 2813 ortum
619 2787 669 2813 est
685 2793 705 2814 a
718 2782 880 2823 scriptura
922 2782 1009 2822 quod
1040 2787 1091 2812 est
1119 2788 1236 2812 contra
1271 2779 1473 2811 latinitatem
1502 2790 1625 2816 veram,-

184 2823 299 2856 vitiosa
313 2826 479 2864 receperis,
497 2834 570 2864 quae
592 2830 642 2856 est
664 2825 698 2856 in
720 2824 783 2857 Ms
806 2834 880 2855 meo
921 2830 996 2864 post
1013 2824 1236 2855 accusativum
1253 2832 1328 2853 cum
1344 2822 1519 2854 infinitivo.
