1903 3218
384 103 466 142 AD
493 103 579 142 cN.
607 101 899 142 PLANCUM
925 101 1001 139 ET
1027 91 1309 139 CETEROS.
1482 107 1559 144 245

133 208 282 263 patriae
305 208 497 258 salutern,
517 216 590 248 aut
609 204 842 262 periculum
866 205 1024 262 possim
1049 204 1217 244 morari.
1282 204 1392 246 Haec
1414 205 1446 245 si
1464 206 1556 260 jam

131 266 343 321 ‹.xpeditis
364 265 564 306 omnibus
586 264 724 313 rebus,
750 262 1062 317 tranquilloque
1085 271 1196 302 statu
1225 262 1412 301 civitatis
1437 262 1557 316 polli-

130 336 252 364 ceor:
285 322 328 363 in
350 322 507 362 damno
528 333 633 360 meae
666 319 815 369 laudis,
838 319 1085 375 reipublicae
1110 318 1340 358 commodo
1362 318 1554 358 laetabor.

129 379 192 418 sin
216 379 267 420 ad
291 379 538 420 societatem
567 376 938 432 integerrimorum
962 387 1004 416 et
1036 375 1321 416 maximorum
1349 375 1555 430 periculo-

128 449 219 475 rum
244 435 468 485 accedam;
499 432 678 474 consilia
703 447 796 474 mea
818 433 952 489 aequis
975 432 1198 487 judicibus
1221 433 1274 472 ab
1306 432 1556 472 obtrectati-

129 505 210 532 one
240 492 480 533 invidorum
507 488 775 531 defendenda
804 490 1075 531 commendo.
1137 488 1250 529 Mihi
1278 488 1451 543 quidem
1475 489 1555 544 ipsi

128 547 290 589 fructus
309 548 555 589 meritorum
580 561 773 588 meorum
798 547 840 587 in
865 546 1112 603 reipublicae
1140 545 1434 586 incolumitate
1454 546 1555 585 satis

126 620 304 661 magnus
334 614 397 645 est
421 615 606 660 paratus,
668 603 752 645 Eos
778 618 891 654 vero,
913 605 1002 659 qui,
1025 617 1161 644 meam
1185 603 1485 644 auctoritatem
1510 612 1554 643 ct

123 663 258 703 multo
285 661 421 717 magis
444 671 626 702 vestram
651 661 778 702 fidem
801 662 951 712 secuti,
976 675 1052 701 nec
1076 659 1160 700 ulla
1190 674 1263 715 spe
1293 659 1449 715 decipi,
1472 673 1551 700 nec

124 718 208 759 ullo
240 727 354 758 metu
388 718 532 759 terreri
565 727 812 774 potuerunt,
833 728 880 759 ut
900 717 1223 759 commendatos
1248 717 1370 758 vobis
1395 717 1550 758 habea-

123 775 189 826 tis,
213 775 443 831 petendum
466 775 648 816 videtur.

632 863 1036 902 ARGUMENTUM.
1567 866 1595 908 9

120 925 232 963 Saum
248 927 407 963 studium
426 939 514 974 erga
531 939 642 975 remp.
669 939 745 975 prae
761 939 799 962 se
812 926 896 976 fert
910 943 923 963 .·
952 928 1167 974 (lignitatem
1183 939 1285 962 suam
1304 929 1527 963 commendat
1543 944 1554 963 .-

283 980 371 1027 quid
389 981 502 1026 egerit
520 984 556 1014 et
575 984 722 1015 acturus
739 981 801 1021 sit,
820 981 993 1027 exponit:
1026 981 1220 1015 exercitum
1249 980 1388 1021 laudat.

474 1045 757 1088 PLANCUS
790 1045 1114 1098 CICERONI,
1146 1046 1190 1087 S.

120 1100 320 1155 NIHIL
343 1128 410 1154 me
443 1114 521 1154 tibi
554 1123 726 1162 temere,
749 1123 822 1154 aut
845 1123 886 1154 te
911 1114 1063 1155 ceteris
1085 1114 1138 1154 de
1167 1129 1235 1156 me
1256 1113 1414 1155 frustra
1437 1127 1552 1156 rece—

117 1170 229 1224 pisse
258 1170 396 1212 laetor.
457 1170 587 1212 Certe
617 1170 700 1212 hoc
731 1171 870 1226 majus
904 1171 1035 1212 habes
1068 1172 1360 1212 testimonium
1392 1172 1549 1212 amoris

117 1227 216 1278 mei,
246 1242 332 1283 quo
370 1228 577 1269 maturius
613 1228 711 1278 tibi,
737 1242 866 1284 quam
897 1228 1064 1278 ceteris⁷
1096 1228 1277 1269 consilia
1305 1242 1402 1269 mea
1432 1228 1547 1268 volui

113 1297 205 1325 esse
228 1293 344 1325 nota.
406 1283 457 1325 In
481 1284 571 1325 dies
603 1298 702 1325 vero
734 1284 984 1325 meritorum
1009 1298 1202 1325 meorum
1225 1285 1315 1326 fieri
1339 1285 1547 1326 accessio·
1559 1297 1589 1327 Ρ·
1608 1290 1677 1319 149.

113 1354 201 1391 neS,
223 1340 460 1396 praevidere
483 1350 524 1381 te
547 1355 693 1396 spero:
725 1341 1003 1396 cogniturum
1026 1342 1164 1397 magis
1186 1341 1363 1398 recipio.
1417 1341 1548 1388 Quod
1559 1339 1590 1361 ³·

111 1397 164 1438 ad
186 1411 256 1438 me
285 1398 455 1448 attinet,
478 1398 536 1439 mi
570 1397 740 1448 Cicero,
763 1399 843 1451 (ita
873 1399 927 1439 ab
958 1398 1284 1440 imminentibus
1315 1398 1436 1439 malis
1461 1414 1548 1440 res-

110 1453 284 1509 publica
324 1469 390 1495 me
421 1455 654 1510 adjuvante
696 1455 935 1506 liberetur,)
964 1455 1025 1496 sic
1060 1454 1244 1497 honores
1284 1457 1547 1512 praemiaque

108 1519 250 1552 vestra
271 1512 474 1567 suspici0‚
493 1511 755 1553 conferenda
777 1523 891 1553 certe
910 1526 1008 1552 cum
1032 1512 1370 1564 immortalitate,
1389 1523 1436 1554 ut
1456 1516 1548 1555 sine

109 1566 174 1608 his
209 1567 316 1609 nihil
347 1568 399 1609 de
433 1583 530 1609 meo
562 1569 705 1609 studio
737 1569 1138 1625 perseverantiaque
1169 1570 1248 1610 sim
1279 1570 1545 1611 remissurus.

109 1624 205 1665 Nisi
229 1625 271 1665 in
298 1625 575 1666 multitudine
605 1626 869 1681 optimorum
901 1626 1061 1667 civium
1093 1627 1279 1683 impetus
1305 1628 1435 1668 animi
1460 1629 1543 1669 mei

107 1680 238 1723 fuerit
261 1681 504 1738 singulariS‚
526 1692 569 1724 et
590 1697 722 1738 opera
752 1683 995 1739 praecipua:
1029 1682 1137 1725 nihil
1165 1685 1218 1725 ad
1240 1698 1378 1726 meam
1401 1684 1544 1741 digni·

107 1747 239 1779 tatem
266 1738 469 1780 accedere
492 1739 589 1780 volo
615 1739 923 1796 suffragatione
946 1749 1099 1781 vestra.
1161 1741 1438 1798 Concupisco
1468 1757 1544 1782 au-

105 1807 191 1836 tem
223 1795 331 1836 nihil
351 1795 486 1837 mihi:
518 1799 559 1830 29
571 1800 743 1849 (contra
772 1797 887 1852 quod
912 1797 1003 1852 ipse
1033 1811 1180 1853 pugno
1197 1799 1227 1848 ε)
1250 1808 1294 1839 et
1321 1799 1542 1854 temporis,

102 1861 147 1893 et
180 1853 241 1893 rei
276 1862 316 1893 te
348 1853 662 1894 moderatorem
700 1853 826 1895 facile
858 1854 1000 1909 patior
1023 1868 1128 1895 esse.
1188 1855 1312 1896 Nihil
1336 1865 1410 1896 aut
1432 1870 1541 1907 sero,

103 1910 177 1950 aut
197 1910 356 1965 exigue
377 1924 403 1950 a
424 1909 563 1965 patria
584 1910 668 1951 civi
693 1910 904 1951 tributum
927 1922 1071 1967 potest
1093 1911 1241 1953 videri.
1286 1911 1540 1954 Exercitum

101 1980 139 2006 a.
162 1966 204 2007 d.
223 1976 396 2007 sextum
427 1966 525 2008 Kal.
551 1966 694 2008 Maias
718 1967 979 2009 Rhodanum
1002 1968 1167 2023 trajeci,
1186 1970 1354 2025 magnis
1373 1970 1539 2011 itineri-

102 2023 196 2064 bus.
261 2023 428 2065 Vienna
450 2024 615 2079 equites
639 2024 753 2065 mille
776 2024 845 2065 via
875 2025 1070 2066 breviore
1100 2027 1304 2081 praemisi.
1366 2025 1480 2082 Ipse,
1503 2029 1537 2069 si

99 2080 154 2121 ab
177 2080 342 2137 Lepido
373 2083 414 2111 30
427 2095 514 2121 non
537 2081 761 2137 impediar,
777 2081 994 2123 celeritate
1017 2083 1304 2125 satisfaciam:
1334 2083 1370 2133 ‚si
1390 2095 1536 2126 autem

99 2136 240 2178 itineri
276 2152 374 2178 meo
413 2152 457 2179 se
494 2138 761 2194 opposuerit,
791 2139 844 2179 ad
883 2148 1052 2195 tempus
1083 2140 1312 2181 consilium
1349 2141 1534 2196 capiam.

99 2192 260 2249 Copias
290 2194 458 2235 adduco
484 2206 528 2235 et
559 2209 752 2247 numero,
774 2205 818 2236 et
843 2210 1013 2251 genere,
1035 2205 1078 2236 et
1103 2197 1310 2238 fidelitate
1341 2196 1535 2240 firmissi-

97 2265 204 2292 mas.
262 2249 340 2302 Te,
373 2261 421 2291 ut
459 2251 613 2307 diligas
649 2266 732 2304 me,
771 2255 807 2283 3¹
825 2254 859 2293 si
898 2262 1050 2309 mutuo
1094 2264 1135 2295 te
1177 2254 1392 2296 facturum
1435 2257 1533 2308 scis,

96 2321 220 2364 rogo.
281 2307 402 2373 Vale.

135 2439 177 2472 29
197 2440 313 2468 contra
337 2437 422 2481 quod
442 2437 508 2478 ipse
526 2437 655 2478 pugno]
681 2437 721 2470 In
736 2449 792 2481 pa·
835 2439 926 2470 Gorl.
944 2449 995 2470 me
1009 2439 1138 2471 induxit
1151 2440 1263 2472 Aldus.
1278 2447 1364 2472 recte
1380 2447 1410 2472 te
1420 2441 1530 2472 defen—

94 2479 237 2511 renthesi
251 2479 372 2520 accipe.
834 2481 883 2512 dit
897 2481 969 2513 Jac.
986 2483 1182 2514 Gronovius.
1199 2494 1258 2514 nec
1272 2489 1385 2514 tamen
1402 2485 1530 2514 Gra-vio

136 2524 179 2560 31)
198 2520 450 2562 mnisnpediar]
474 2521 527 2552 An
540 2521 727 2562 impedior?
833 2524 1026 2563 persuadere
1049 2525 1171 2565 potuit,
1194 2526 1249 2565 qni
1279 2527 1440 2556 revocavit
1469 2536 1529 2556 me.

137 2565 179 2598 31,
198 2563 362 2599 &mutuo
383 2567 415 2592 te
423 2562 606 2604 fiteturum
625 2565 700 2604 scis]
738 2566 792 2596 Sic
833 2567 954 2597 Sensus
975 2571 1050 2597 est:
1081 2568 1108 2598 si
1130 2569 1205 2604 scis,
1228 2573 1262 2601 te
1284 2578 1303 2597 a
1331 2577 1383 2598 me
1412 2570 1529 2605 amari,

95 2603 170 2644 post
181 2604 271 2636 Vict.
282 2604 438 2644 qetWGebh.
453 2605 539 2643 dedi,
552 2611 590 2636 ut
603 2611 638 2638 et
652 2607 724 2638 edd.
740 2618 790 2648 pr.
832 2608 974 2648 adeoque
1004 2608 1085 2640 mihi
1112 2609 1244 2640 reddere
1273 2619 1431 2640 amorem.
1476 2611 1528 2640 Sic

94 2646 196 2677 Rom.
218 2645 303 2679 ven.
321 2648 413 2682 1469.
432 2650 523 2682 1471.
541 2649 632 2679 Med.
651 2650 710 2680 ἃς.
730 2650 790 2681 ba·
832 2650 918 2681 infra
939 2661 991 2691 ep.
1017 2654 1064 2685 17.
1093 2657 1177 2682 extr.
1201 2661 1252 2682 me
1276 2656 1388 2681 musmo
1409 2652 1529 2690 diligas

94 2688 186 2720 bent.
232 2689 286 2733 Sic
312 2695 347 2721 et
378 2691 442 2723 Ms.
469 2700 574 2729 meus,
602 2690 666 2723 Gu.
700 2695 725 2723 l.
758 2695 789 2724 2.
833 2693 854 2723 i.
871 2703 900 2724 e.
916 2694 992 2733 quia
1006 2694 1080 2730 scis,
1096 2700 1130 2725 te
1146 2705 1164 2724 a
1180 2704 1231 2725 me
1247 2693 1359 2724 amari.
