1903 3218
338 85 418 122 240
717 85 900 124 EPIST.
920 86 1108 126 LIBER
1133 87 1404 135 DECIMUS

339 186 620 244 simijudicio
642 197 762 231 tanta
784 199 897 241 sunt,
919 198 968 230 ut
991 200 1145 246 praeter
1167 192 1323 233 bonam
1354 191 1510 232 famam
1534 190 1640 232 nihil
1663 189 1774 232 desi-

338 243 484 285 derare
504 245 742 288 videantur.
805 247 950 294 Quare
981 247 1063 288 hoc
1097 263 1228 290 unum
1263 249 1341 289 tibi
1378 247 1606 304 persuade3
1636 260 1773 302 quan-

338 309 431 342 tum
454 302 616 344 viribus
645 303 766 354 eniti,
794 303 974 345 consilio
1010 305 1246 360 providere,
1273 308 1304 335 ¹¹
1323 305 1578 348 auctoritate
1599 317 1774 346 monere

339 368 505 413 potem,
539 358 621 401 hoc
652 374 780 401 omne
813 361 1062 416 reipublicae
1102 375 1268 418 semper
1305 362 1512 403 futurum.
1573 361 1675 402 Non
1706 371 1772 402 est

338 415 514 471 ignotus
536 416 641 458 mihi
666 431 811 458 sensus
835 427 958 458 tuus:
992 431 1143 472 neque,
1165 419 1199 458 si
1222 418 1416 469 facultas,
1440 417 1643 474 optabilis
1667 416 1771 458 mihi

337 472 527 526 quidem,
551 474 611 513 tui
636 474 858 529 praesentis
881 482 1005 524 esset,
1028 488 1233 529 umquam
1252 491 1278 516 a
1300 476 1382 517 tuis
1402 475 1592 516 consiliis
1613 474 1773 516 discre-

279 565 283 570 .
340 542 511 584 parem3
542 544 621 570 nec
654 544 768 571 nunc
801 530 1087 581 committam,
1116 541 1163 571 ut
1185 531 1314 572 ullum
1339 547 1480 573 meum
1515 532 1677 574 factum
1707 545 1771 572 re-

340 585 600 641 prehendere
616 586 715 642 jure
735 587 886 642 possis.
947 586 1051 627 Sum
1084 587 1127 627 in
1150 590 1474 643 exspectatione
1493 589 1686 630 omnium
1710 602 1773 628 re-

339 656 448 692 rum,
470 643 573 697 quid
609 644 652 683 in
677 643 819 684 Gallia
840 643 1052 694 citeriore,
1075 644 1176 698 quid
1199 645 1241 685 in
1263 646 1366 686 urbe
1388 660 1531 687 mense
1563 644 1772 688 Januario

338 708 526 754 geratur,
552 702 588 731 12
602 701 669 753 [ut
688 700 855 754 sciam]
888 699 1066 741 Interim
1089 699 1321 742 maximam
1344 701 1416 743 hic
1437 702 1771 744 sollicitudinem

337 769 570 811 curamque
602 758 806 808 sustineo,
841 771 893 797 ne
926 757 1036 801 inter
1066 756 1204 798 aliena
1225 758 1332 798 vitia
1353 758 1420 800 hae
1455 769 1603 815 gentes
1625 768 1772 800 nostra

337 812 449 853 mala
470 827 588 853 suam
610 822 762 867 putent
790 813 1076 854 occasionem.
1137 814 1266 861 Quod
1304 815 1337 855 si
1374 815 1565 870 proinde,
1598 825 1645 857 ut
1678 816 1770 872 ipse

337 882 516 919 mereor,
540 869 644 910 mihi
668 871 944 912 successerit:
975 880 1091 912 certe
1120 880 1164 912 et
1195 871 1289 922 tibi,
1319 873 1388 912 cui
1420 873 1605 913 maxime
1627 873 1771 928 cupio,

335 933 380 965 et
402 926 601 967 omnibus
624 927 724 968 viris
749 928 870 968 bonis
894 927 1170 970 satisfaciam.
1232 928 1318 970 Fac
1343 928 1494 981 valeas,
1512 943 1664 985 meque
1678 943 1772 970 mu-

336 989 412 1023 tuo
434 982 603 1039 diligas.

297 1041 325 1081 5
858 1040 1261 1080 ARGUMENTUM.

362 1102 495 1139 Denuo
515 1104 695 1140 Plancum
713 1105 762 1140 ad
783 1105 1049 1192 suscipipndam
1068 1106 1308 1154 tuendamque
1324 1106 1582 1154 rempublicam
1599 1107 1758 1142 stimulis

891 1170 916 1204 g
934 1158 1020 1193 orioe
1038 1159 1203 1205 instigat.

762 1222 996 1265 CICERO
1021 1223 1271 1265 PLANCO
1303 1224 1348 1265 S.

337 1277 536 1331 BINAS
567 1305 591 1330 a
621 1301 661 1331 te
690 1291 838 1346 accepi
870 1290 1034 1332 litteras
1057 1291 1209 1332 eodem
1236 1291 1462 1347 exemplo:
1494 1291 1609 1346 quod
1630 1291 1771 1347 ipsum

335 1356 589 1403 argumento
610 1347 715 1388 mihi
743 1347 825 1387 fuit
855 1347 1092 1404 diligentiae
1126 1357 1228 1390 tuae.
1291 1347 1489 1390 Intellexi
1508 1349 1623 1389 enim
1647 1359 1688 1389 te
1709 1348 1769 1389 la-

337 1405 502 1454 borare,
522 1414 569 1444 ut
590 1405 642 1446 ad
665 1419 734 1444 me
757 1404 862 1445 mihi
885 1405 1272 1460 exspectatissimae
1295 1404 1449 1446 litterae
1468 1404 1770 1461 perferrentur.

199 1480 234 1511 p.
254 1471 322 1502 146.
338 1459 405 1501 Ex
428 1462 583 1516 quibus
605 1461 699 1517 cepi
718 1461 906 1502 fructum
926 1461 1158 1517 duplicem,
1177 1461 1369 1517 mihique
1389 1463 1431 1503 in
1449 1462 1771 1517 comparatione

290 1523 320 1544 ²·
335 1517 555 1560 difficilem
591 1518 645 1559 ad
677 1518 961 1573 judicandum
980 1534 988 1559 :
1021 1532 1267 1559 amoremne
1298 1533 1401 1575 erga
1436 1533 1504 1559 me
1542 1528 1679 1570 tuum,
1717 1533 1772 1559 an

331 1575 524 1616 animum
547 1575 589 1615 in
609 1574 919 1631 rempublicam
942 1574 1073 1630 pluris
1097 1575 1396 1616 aestimandum
1422 1585 1632 1631 putarem.
1693 1573 1772 1616 Est

332 1632 510 1680 omnino
530 1632 698 1688 ,patriae
728 1632 898 1683 caritas,
931 1646 1027 1672 meo
1050 1632 1223 1687 quidem
1239 1632 1424 1687 judicio,
1449 1632 1665 1674 maxima:
1697 1632 1772 1673 sed

331 1704 452 1731 amor
474 1688 792 1744 voluntatisque
825 1689 1077 1744 conjunctio
1108 1688 1202 1745 plus
1235 1698 1349 1730 certe
1374 1690 1506 1730 habet
1529 1689 1768 1730 suavitatis.

332 1745 487 1802 Itaque
507 1746 862 1787 commemoratio
896 1756 970 1787 tua
1003 1754 1192 1802 paternae
1225 1746 1567 1797 necessitudinis,
1591 1745 1769 1787 benivo-

330 1802 561 1859 lentiaeque
582 1803 690 1858 ejus,
713 1806 748 1833 ¹3
762 1817 890 1858 quam
913 1817 1016 1859 erga
1036 1817 1104 1844 me
1126 1818 1151 1843 a
1168 1804 1352 1858 pueritia
1371 1803 1639 1854 contulisses,
1653 1811 1767 1844 cete-

330 1874 559 1916 rarumque
587 1874 743 1910 rerum,
765 1874 862 1915 quae
895 1860 948 1900 ad
977 1874 1070 1900 eam
1103 1861 1358 1901 sententiam
1394 1860 1681 1916 pertinebant,
1703 1860 1768 1900 inm

330 1917 580 1959 credibilem
618 1916 724 1957 mihi
765 1916 961 1958 laetitiam
997 1916 1246 1958 attulerunt.
1328 1917 1492 1958 Rursus
1534 1916 1766 1958 declaratio

315 1974 463 2021 *animi
488 1975 564 2025 tui,
587 1987 714 2029 quem
750 1973 928 2015 haberes
962 1974 1014 2015 de
1048 1973 1280 2030 republica,
1303 1988 1517 2029 quemque
1541 1973 1767 2015 habiturus

329 2045 458 2083 esses,
480 2032 584 2080 mihi
608 2030 1044 2086 eratjucundissima.
1066 2045 1204 2086 eoque
1225 2031 1364 2087 major
1385 2040 1477 2072 erat
1489 2030 1584 2071 haec
1598 2030 1765 2081 laetitia,

329 2089 446 2144 quod
471 2089 522 2129 ad
544 2088 615 2129 illa
636 2088 856 2143 superiora
876 2088 1125 2129 accedebat.
1188 2087 1341 2143 Itaque
1364 2098 1405 2129 te
1428 2102 1513 2129 non
1535 2087 1684 2128 hortor
1697 2101 1766 2128 so-

326 2141 434 2197 lum,
455 2146 514 2187 mi
540 2146 712 2196 Plance,
735 2146 808 2186 sed
842 2145 965 2201 plane
986 2145 1116 2186 etiam
1139 2159 1230 2196 oro,
1261 2146 1376 2200 quod
1399 2145 1482 2186 feci
1505 2144 1571 2186 his
1595 2143 1765 2195 litteris,

328 2203 485 2258 quibus
509 2213 554 2246 tu
578 2202 884 2244 humanissime
906 2202 1180 2258 respondisti,
1201 2212 1246 2243 ut
1269 2212 1360 2243 tota
1383 2211 1539 2254 mente,
1561 2201 1766 2257 omnique

373 2318 405 2346 n
431 2316 629 2347 auctoritate
650 2325 775 2346 movere
787 2316 933 2357 potuero]
960 2317 1024 2347 Ms.
1115 2318 1150 2345 12
1172 2321 1211 2346 ut
1224 2315 1340 2355 sciam]
1368 2316 1448 2346 Haec
1467 2314 1683 2356 appendicula
1696 2314 1766 2344 sine

326 2365 421 2388 meus
441 2362 476 2388 et
491 2358 554 2388 Gu.
586 2361 612 2388 1.
636 2361 666 2388 2.
691 2368 832 2395 monere,
854 2363 892 2388 nt
915 2364 949 2388 et
970 2358 1026 2389 alii
1069 2356 1168 2387 dubio
1189 2358 1298 2397 spuria
1316 2363 1377 2388 est.
1423 2357 1506 2388 Sum
1527 2358 1563 2387 in
1576 2358 1766 2396 exspectati-

327 2398 466 2437 habent,
480 2405 513 2431 et
529 2399 603 2431 edd.
619 2410 668 2439 pr.
714 2399 822 2431 Prima
837 2399 1028 2431 Victoriana
1069 2409 1139 2436 one,
1153 2404 1190 2430 ut
1205 2401 1319 2437 sciam,
1342 2400 1414 2439 quis
1437 2399 1482 2429 sic
1505 2398 1611 2429 dixit?
1636 2406 1764 2438 semper

326 2442 417 2472 dedit
426 2452 577 2477 movere:
600 2451 641 2472 an
657 2453 674 2472 e
692 2443 892 2473 correctione
915 2443 1027 2472 Victo-
1070 2441 1151 2471 illud
1167 2441 1264 2478 nude,
1290 2443 1359 2472 sine
1375 2441 1435 2472 tali
1450 2440 1670 2480 adjunctione,
1684 2439 1765 2470 dici—

327 2484 380 2522 rii,
400 2484 452 2522 vel
476 2494 584 2519 errore
607 2494 793 2526 operarum,
813 2485 932 2516 nescio.
955 2485 1026 2515 Mo-
1068 2489 1135 2513 tur.
1165 2493 1241 2513 nam
1271 2484 1410 2514 refertur
1441 2483 1482 2512 ad
1507 2492 1576 2512 rem
1601 2482 1764 2518 futuram,

324 2535 404 2560 nne
427 2530 541 2558 verum
569 2530 630 2557 est.
674 2527 727 2558 Sic
754 2527 830 2557 infr.
850 2537 900 2566 ep.
925 2527 953 2557 6.
977 2533 1027 2557 cst
1069 2535 1136 2556 non
1151 2525 1192 2557 ad
1204 2526 1374 2556 scientiam
1388 2529 1536 2555 eventus.

325 2570 534 2607 auctoritatis
541 2571 741 2608 praeceptum
751 2580 760 2597 .-
783 2568 868 2608 quod
884 2568 916 2598 in
933 2574 1025 2608 parte
1116 2570 1150 2597 13
1173 2577 1271 2606 quam
1284 2577 1365 2607 erga
1377 2566 1666 2606 rue—contulisses]
1683 2566 1762 2597 Om-

326 2610 644 2651 amicitiaeponitur.
679 2611 722 2645 ,Si
738 2610 893 2648 voluisset
904 2609 1022 2648 dicere,
1069 2618 1125 2639 nes
1140 2609 1226 2646 libri,
1242 2619 1321 2647 quos
1345 2609 1476 2648 quidem
1499 2608 1579 2644 scio,
1595 2609 1628 2638 in
1644 2609 1704 2639 bac
1716 2608 1762 2639 le—

325 2653 413 2692 quod
428 2653 463 2684 in
475 2648 601 2685 movere
615 2656 782 2692 quaerunt,
798 2652 930 2683 dixisset
954 2652 1023 2693 <ffi-
1066 2652 1176 2681 ctione
1200 2652 1431 2681 consentiunt:
1455 2650 1511 2680 sed
1540 2650 1664 2690 phrasis
1688 2650 1760 2681 haec

324 2703 408 2732 cere,
423 2699 462 2726 ut
476 2695 566 2726 alibi.
608 2694 640 2726 T
640 2693 886 2734 umAlegendum
897 2699 1018 2734 potero,
1064 2702 1131 2723 non
1146 2698 1196 2724 est
1212 2693 1443 2724 Ciceroniana:
1468 2702 1545 2723 nam
1560 2701 1687 2734 semper
1699 2693 1757 2723 ali-

323 2740 362 2767 ut
388 2747 517 2777 semper
539 2738 574 2768 in
599 2736 661 2768 hac
683 2737 849 2768 sententia
861 2743 924 2767 est.
968 2737 1020 2766 Sic
1062 2735 1095 2765 bi
1109 2735 1190 2766 dicit
1204 2745 1285 2775 erga
1301 2735 1566 2774 nze—habuisses,
1582 2739 1640 2768 aut
1660 2736 1760 2774 inme

323 2785 508 2810 correctum
523 2785 572 2811 est
587 2779 622 2810 in
637 2779 701 2810 Ms.
717 2782 843 2811 nostro.
871 2779 925 2811 Sic
940 2777 1021 2809 alios
1063 2781 1148 2810 conc.

323 2820 430 2861 legere
445 2827 559 2855 monet
574 2821 748 2854 Corradus.
