1860 3228
275 92 349 128 164
607 86 788 127 EPIST.
815 86 1001 126 LIBER
1032 87 1325 127 SEPTIMUS

275 192 382 236 mihi
415 190 648 234 nuntiarat.
709 190 842 232 Valde
868 191 962 246 jam
993 190 1131 232 lautus
1150 191 1214 244 es,
1234 193 1305 247 qui
1338 205 1513 248 gravere
1546 191 1706 233 litteras

277 251 330 294 ad
354 264 421 292 me
452 249 566 299 dare,
592 247 757 290 homini
793 248 1028 304 praesertim
1065 263 1195 305 prope
1228 249 1480 290 domestico.
1540 247 1707 294 Quodsi

279 307 462 348 scribere
494 306 653 347 oblitus
685 319 755 355 es3
799 305 939 346 minus
970 305 1093 346 multi
1119 306 1227 360 jam,
1250 314 1291 347 te
1324 305 1549 356 advocato,
1582 318 1709 345 causa

278 364 456 406 cadent:
490 363 553 403 sin
574 362 705 403 nostri
727 361 885 402 oblitus
904 375 974 413 es;
1005 362 1117 402 dabo
1139 377 1328 417 operam,
1346 371 1392 402 ut
1414 361 1523 402 istuc
1542 361 1710 401 veniam

278 424 321 456 49
333 430 446 471 ante,
467 435 594 474 quam
619 418 742 475 plane
770 432 823 458 cx
847 418 990 458 animo
1014 427 1088 459 tuo
1116 419 1268 461 effluo:
1303 420 1366 460 sin
1387 419 1633 459 aestivorum
1657 417 1711 458 ti-

280 492 375 519 mor
398 487 438 518 te
460 476 681 525 debilitat3
712 474 871 529 aliquid
893 476 1111 529 excogita,
1134 485 1181 516 ut
1212 475 1350 517 fecisti
1384 476 1436 516 de
1472 474 1712 516 Britannia.

283 533 392 577 Illud
431 533 603 589 quidem
642 531 898 587 perlibenter
930 531 1074 571 audivi
1107 546 1159 572 ex
1193 533 1343 573 eodem
1377 532 1640 588 Chrysippo,
1673 539 1716 571 te

282 605 373 633 esse
393 590 553 631 Caesari
578 587 844 629 familiarem.
906 587 989 628 Sed
1008 587 1248 628 mehercule
1269 592 1308 619 ⁵0
1322 589 1505 639 mallem,
1528 589 1569 630 id
1599 587 1715 643 quod

283 658 375 690 erat
405 646 584 702 aequius,
606 645 657 685 (le
689 645 772 685 tuis
796 645 919 685 rebus
941 658 994 685 ex
1029 645 1111 685 tuis
1143 644 1293 685 litteris
1324 661 1451 700 quam
1480 645 1715 701 saepissime

285 718 560 760 cognoscere.
621 702 750 747 Quod
773 711 887 742 certe
919 701 978 741 ita
999 701 1133 752 fieret,
1156 702 1189 742 si
1221 711 1266 742 tu
1290 703 1507 743 maluisses
1539 702 1716 743 benivo-

286 761 446 811 lentiae,
464 775 592 816 quam
610 759 747 799 litium
765 758 866 812 jura
888 758 1140 813 perdiscere.
1181 758 1264 799 Sed
1289 759 1531 814 haecjocati
1555 772 1717 808 sumus,

286 828 331 860 et
353 828 427 859 tuo
449 831 581 866 more,
610 825 654 855 et
685 814 882 855 nonnihil
903 815 1033 856 etiam
1064 824 1226 856 nostro,
1284 815 1346 856 Te
1368 816 1489 856 valde
1510 829 1718 865 amamus,

287 888 451 930 nosque
467 889 491 914 a
514 883 554 913 te
572 872 704 913 amari
727 886 825 913 cum
850 871 1060 923 volumus,
1084 882 1173 913 tum
1194 872 1323 913 etiam
1345 872 1618 914 confidimus.

228 959 276 996 15
804 961 1206 999 ARGUMENTUM.

299 1027 412 1064 Suum
429 1027 582 1063 absentis
607 1025 768 1061 Trebatii
787 1025 1001 1060 desiderium
1020 1026 1195 1111 delclarat,
1215 1030 1249 1060 et
1268 1026 1310 1061 de
1331 1025 1367 1061 C.
1388 1023 1714 1074 Matiifamiliari-

849 1081 925 1113 tate
941 1081 1052 1124 gratu
1070 1082 1165 1113 atur.

714 1143 947 1185 CICERO
979 1142 1308 1186 TREBATIO.

295 1202 489 1264 QUAM
515 1213 600 1253 sint
622 1211 780 1252 morosi
799 1211 872 1266 qui
902 1221 1061 1262 amant,
1086 1211 1151 1252 vel
1180 1226 1234 1253 ex
1260 1212 1340 1253 hoc
1363 1210 1545 1267 intelligi
1570 1219 1727 1266 potest.

293 1271 472 1313 moleste
502 1269 691 1310 ferebam
723 1277 863 1319 antea,
897 1277 939 1308 te
971 1268 1154 1309 invitum
1186 1269 1283 1310 istic
1313 1283 1428 1310 esse:
1472 1268 1628 1324 pungit
1658 1281 1728 1308 me

249 1332 281 1364 b·
295 1342 452 1378 rursus,
474 1327 588 1382 quod
611 1325 761 1366 scribis
787 1339 878 1365 esse
901 1334 942 1365 te
965 1325 1060 1365 istic
1090 1325 1285 1366 libenter.
1317 1339 1454 1380 neque
1486 1325 1599 1366 enim
1633 1337 1730 1364 mea

294 1383 669 1427 commendatione
701 1390 743 1422 te
773 1396 859 1423 non
891 1381 1090 1422 delectari
1125 1382 1250 1424 facile
1277 1383 1494 1438 patiebar:
1537 1392 1582 1423 et
1614 1395 1729 1422 nunc

295 1456 446 1498 angor,
468 1440 702 1495 quidquam
726 1440 805 1479 tibi
829 1438 919 1479 sine
943 1453 1010 1479 me
1031 1439 1389 1494 essejucundum.
1451 1438 1534 1479 Sed
1556 1439 1641 1480 hoc
1665 1446 1729 1478 ta·

299 1513 399 1540 men
428 1501 463 1529 5¹
481 1496 593 1537 malo
628 1496 737 1537 ferre
760 1510 838 1536 nos
876 1495 1149 1546 desiderium,
1180 1511 1306 1552 quam
1344 1505 1387 1537 tc
1420 1510 1506 1537 nou
1538 1509 1602 1546 ea,
1631 1508 1728 1550 quae

297 1569 436 1612 spero,
464 1553 685 1608 consequi.
747 1553 894 1599 Quum
929 1566 1028 1593 vero
1055 1553 1096 1593 in
1130 1552 1181 1594 C.
1216 1553 1361 1604 Mani,
1384 1551 1623 1593 suavissimi
1654 1551 1732 1592 do·

297 1610 564 1666 ctissimique
585 1609 773 1651 hominis
804 1608 1138 1651 familiaritatem
1163 1610 1332 1661 venisti,
1355 1624 1439 1650 non
1474 1609 1558 1650 dici
1590 1615 1734 1664 potest

298 1684 427 1725 quam
450 1668 572 1709 valde
602 1667 837 1722 gaudeam:
869 1666 942 1722 qui
977 1666 1046 1707 fac
1072 1676 1119 1708 ut
1142 1677 1183 1708 te
1204 1682 1331 1723 quam
1355 1666 1543 1708 maxime
1567 1665 1734 1722 diligat.

299 1726 406 1768 mihi
430 1725 568 1776 crede,
588 1724 694 1764 nihil
712 1738 766 1764 ex
785 1724 867 1764 ista
885 1724 1107 1779 provincia
1127 1733 1263 1781 potes,
1282 1724 1396 1780 quod
1411 1723 1648 1779 jucundius
1668 1721 1737 1773 sit,

301 1785 538 1840 deportare
603 1780 734 1832 Cura,
758 1790 806 1821 ut
828 1781 980 1822 valeas.

244 1871 295 1914 16
818 1869 1220 1907 ARGUMENTUM.

306 1936 366 1973 Ita
384 1935 512 1971 laudat
536 1933 696 1969 Trebatii
711 1933 930 1980 sapientiam
944 1934 982 1968 in
999 1934 1148 1969 vitando
1167 1933 1339 1969 bellorum
1354 1933 1572 1974 discrimine,
1586 1935 1627 1966 ut
1642 1932 1739 1967 timi-

536 1986 664 2021 ditatis
679 1985 788 2020 simul
805 1990 952 2032 arguat,
971 1989 1006 2021 et
1024 1986 1101 2021 alia
1114 1997 1181 2033 per
1184 1983 1310 2030 jocum
1328 1983 1518 2031 adjungat.

604 2044 672 2086 M.
697 2044 931 2088 CICERO
959 2045 1003 2086 S.
1030 2045 1085 2087 D.
1108 2045 1437 2087 TREBATIO.

307 2108 380 2161 IN
404 2129 515 2171 equo
545 2113 735 2169 Trojano
772 2114 854 2155 scis
884 2128 975 2155 esse
1018 2115 1060 2155 in
1092 2123 1302 2164 extremo,
1323 2129 1407 2155 sero
1436 2114 1615 2168 sapiunt.
1673 2112 1740 2155 Tu

306 2184 465 2224 tamen,
489 2171 545 2212 mi
580 2170 737 2221 vetule,
768 2186 856 2212 non
889 2186 996 2212 sero.
1021 2174 1060 2201 5²
1078 2172 1250 2227 primas,
1279 2171 1369 2212 illas
1402 2169 1638 2212 rabiosulas
1676 2180 1742 2212 sat

305 2231 446 2282 fatuas
476 2229 646 2270 dedisti.
676 2228 845 2279 deinde,
866 2229 982 2284 quod
1013 2228 1056 2269 in
1081 2228 1307 2269 Britannia
1325 2232 1363 2260 53
1378 2243 1463 2269 non
1494 2228 1622 2269 nimis
1642 2240 1740 2278 φιλο-

348 2347 390 2378 49
410 2353 443 2373 α.
460 2352 490 2382 q.
510 2352 547 2382 p.
568 2352 608 2372 ex
630 2352 662 2372 a.
676 2346 730 2371 luo
751 2340 861 2381 effluo]
885 2340 936 2371 An
955 2339 1002 2380 ef-
1043 2341 1135 2382 plum
1160 2341 1227 2372 tale
1252 2341 1368 2381 reperi,
1396 2351 1472 2371 cum
1493 2349 1600 2370 sermo
1625 2343 1675 2370 est
1701 2338 1740 2370 de

295 2386 440 2427 fluam?
465 2385 527 2415 hoc
550 2383 679 2423 quidem
703 2382 851 2414 latinitas
873 2383 1002 2413 videtur
1045 2393 1110 2414 uno
1125 2384 1303 2422 eodemque
1319 2383 1463 2413 homine.
1487 2382 1552 2413 Ms.
1577 2390 1669 2412 meus
1684 2380 1742 2411 ha-

308 2428 494 2468 postulare:
520 2432 554 2457 et
568 2425 814 2465 conjunctivum
830 2425 928 2456 babet
942 2435 1001 2454 an·
1044 2426 1099 2456 bet
1126 2427 1183 2456 hoc
1204 2431 1278 2466 post
1301 2427 1400 2462 malo,
1422 2429 1462 2455 ut
1483 2423 1534 2455 ed.
1561 2426 1651 2457 1471.
1675 2423 1741 2454 Gu.

306 2475 450 2512 tequam,
467 2467 669 2509 praecedente
684 2468 904 2506 conjunctivo.
1045 2467 1116 2507 Ego
1132 2467 1305 2498 delendum
1322 2472 1402 2508 puto
1417 2476 1485 2497 nos.

349 2516 390 2544 50
413 2509 788 2549 mallem—cognoscere]
827 2509 888 2540 Ms.
914 2518 1004 2539 meus
1091 2512 1131 2540 52
1149 2511 1278 2549 primas
1305 2510 1381 2540 inas
1403 2508 1478 2548 &c.]
1507 2508 1648 2546 Literas,
1670 2508 1744 2548 qui-

306 2560 341 2586 et
355 2555 418 2586 Gu.
437 2557 466 2585 l.
479 2561 711 2592 cognoscerem,
726 2556 763 2581 ut
777 2556 811 2582 et
823 2552 923 2581 tacite
939 2550 1005 2581 edi·
1049 2552 1108 2582 bus
1133 2551 1327 2582 desiderium
1355 2550 1471 2581 Romae
1497 2555 1532 2580 te
1561 2550 1646 2581 ferre
1675 2559 1744 2581 non

306 2597 356 2628 dit
370 2596 530 2632 Graevim,
545 2600 578 2625 et
593 2593 665 2625 edd.
682 2597 762 2624 vett.
781 2593 915 2624 habent.
932 2599 1005 2632 pot·
1048 2602 1139 2634 posse
1152 2593 1334 2634 scripseras.

306 2644 358 2670 est
372 2637 514 2675 defendi,
527 2636 582 2667 sed
596 2641 647 2666 est
663 2635 787 2672 durius,
805 2646 862 2666 nec
877 2636 1003 2675 uspiam
1090 2638 1130 2666 53
1152 2645 1216 2666 non
1229 2636 1326 2665 nimis
1341 2633 1421 2675 φιλ.]
1449 2634 1514 2675 Qui
1527 2643 1572 2665 sc.
1588 2634 1745 2665 interesse

306 2681 392 2722 apud
407 2681 598 2712 Ciceronem
614 2678 659 2708 sic
675 2677 791 2718 reperi.
1047 2677 1181 2708 noluisti
1203 2677 1402 2717 expeditioni
1425 2677 1459 2707 in
1472 2676 1692 2713 Britanniam,
1705 2682 1743 2705 ut

350 2727 385 2754 51
425 2724 512 2754 malo
521 2720 621 2761 serre
647 2730 703 2751 nos
720 2720 801 2759 des]
840 2720 925 2749 Sane
949 2728 1004 2748 nos
1045 2729 1118 2750 eam
1136 2719 1277 2750 insulam
1292 2719 1428 2757 videres,
1443 2723 1477 2749 et
1492 2720 1646 2750 interesse
1659 2727 1741 2758 proe-

306 2766 388 2796 bene
411 2763 584 2806 respondet
599 2763 642 2803 ern}
663 2767 705 2794 te.
727 2761 783 2792 sed
804 2766 917 2792 tamen
944 2760 1004 2791 du-
1046 2761 1109 2792 liis.
1124 2771 1153 2792 v.
1168 2771 1265 2801 supra
1279 2771 1331 2802 ep.
1345 2761 1375 2792 6.

307 2808 373 2839 rius
401 2811 451 2839 est
478 2807 564 2838 malo
592 2803 777 2846 nosserre:
815 2813 874 2835 nec
897 2812 1005 2834 exem-
