1865 3223
443 102 519 139 AD
547 103 588 140 C.
606 100 915 138 MEMMIUM
942 101 1018 138 ET
1045 101 1228 139 ALIOS.
1475 105 1563 145 347.

126 217 230 254 ram,
255 213 300 245 ut
322 204 355 245 is
375 204 599 261 intelligat,
622 205 733 245 hanc
754 218 891 245 meam
912 203 1330 245 commendationem
1349 218 1552 261 magnum

128 262 242 316 apud
265 272 304 302 te
327 262 494 317 pondus
518 261 729 303 habuisse.

643 349 1042 387 ARGUMENTUM.
1567 345 1623 387 26

406 412 574 449 Mescinii
593 411 679 462 Rufi
695 413 857 449 Achaica
875 415 1020 461 negotia
1040 414 1274 449 commendat.
1584 439 1601 452 ,

565 479 799 523 ClCERO
832 480 1058 522 SERVIO
1092 482 1135 522 S.

134 534 200 588 L.
243 544 583 590 MESCINIUS
620 551 722 589 5⁴ca
754 563 921 590 mecum
955 548 1270 590 necessitudine
1303 549 1559 604 conjunctus

134 615 213 656 est,
235 604 348 659 quod
373 604 474 644 mihi
498 614 688 659 quaestor
709 604 805 646 fuit.
866 605 948 646 Sed
974 606 1082 647 hanc
1104 620 1291 654 causam,
1313 621 1440 661 quam
1463 620 1561 662 ego,

134 672 182 702 ut
203 677 229 702 a
250 661 483 716 majoribus
502 662 665 717 accepi,
689 676 854 718 semper
875 677 1046 718 gravem
1071 662 1192 713 duxi,
1215 661 1317 703 fecit
1341 664 1497 704 virtute
1518 675 1562 703 et

133 717 399 759 humanitate
422 718 754 773 suajustiorem.
809 718 958 774 Itaque
980 734 1031 760 eo
1053 720 1113 760 sic
1135 730 1244 769 utor,
1268 729 1315 760 ut
1337 734 1414 760 nec
1438 720 1563 761 fami-

132 773 277 816 liarius
301 774 399 825 ullo,
423 789 499 816 nec
523 776 737 816 libentius,
800 774 841 816 Is
863 790 1121 832 quamquam
1151 775 1365 818 confidere
1390 777 1563 817 videba-

132 842 216 881 tur,
240 841 281 872 te
303 846 378 872 sua
410 846 551 883 causa,
579 847 674 887 quae
707 833 883 873 honeste
917 848 1074 889 posses,
1112 833 1292 874 libenter
1312 848 1402 874 esse
1424 833 1560 874 factu-

133 902 243 939 rum,
267 902 470 943 magnum
494 902 584 930 esse
605 900 746 930 tamen
769 892 955 944 speravit
973 891 1084 946 apud
1107 901 1148 930 te
1170 904 1284 931 meas
1303 905 1473 947 quoque
1492 891 1563 931 lit-

133 957 243 986 teras
280 945 445 1000 pondus
479 945 713 987 habituras.
775 945 825 987 Id
857 962 954 987 cum
986 947 1077 1003 ipse
1108 947 1168 988 ita
1190 947 1433 1002 judicabat,
1469 958 1558 989 tum

133 1016 211 1057 pro
235 1001 429 1043 familiari
453 1003 763 1044 consuetudine
786 1017 900 1058 saepe
921 1018 974 1045 ex
999 1019 1067 1046 me
1089 1005 1294 1054 audierat,
1317 1019 1443 1059 quam
1467 1020 1562 1046 sua-

134 1058 197 1099 vis
219 1068 330 1099 esset
352 1059 461 1100 inter
480 1073 571 1110 uos,
594 1070 637 1100 et
664 1070 825 1115 quanta
846 1060 1112 1116 conjunctio.
1176 1061 1283 1101 Peto
1307 1061 1439 1117 igitur
1460 1077 1484 1102 a
1507 1073 1562 1113 te,

135 1125 256 1156 tanto
279 1115 443 1157 scilicet
465 1117 622 1166 studio,
646 1127 807 1172 quanto
832 1118 1034 1174 intelligis
1056 1118 1210 1159 debere
1234 1132 1300 1159 me
1320 1129 1463 1175 petere
1487 1133 1562 1175 pro

135 1171 310 1214 homine
333 1183 418 1213 tam
443 1173 548 1214 mihi
572 1174 824 1224 necessario,
845 1184 889 1214 et
909 1184 993 1214 tam
1019 1174 1232 1226 familiari,
1256 1186 1302 1216 ut
1319 1176 1411 1229 ejus
1431 1190 1564 1231 nego-

138 1230 212 1280 tia,
240 1244 337 1285 quae
363 1240 462 1270 sunt
485 1230 526 1269 in
551 1228 728 1280 Achaia,
751 1244 805 1270 ex
828 1244 894 1279 eo,
917 1231 1031 1285 quod
1057 1231 1175 1272 heres
1198 1242 1261 1272 est
1285 1231 1352 1272 M.
1379 1231 1565 1284 MindiO,

137 1284 256 1327 sratri
283 1301 374 1336 suo,
397 1286 470 1340 qui
495 1285 560 1326 Eli
585 1287 828 1341 negotiatus
851 1286 1140 1342 est,'explices
1162 1298 1205 1328 et
1227 1289 1446 1344 expedias,
1469 1304 1567 1330 cum

131 1343 228 1397 jure
261 1352 304 1383 et
337 1353 563 1398 potestate,
596 1357 723 1397 quam
765 1343 911 1393 habes,
945 1353 1036 1384 tum
1070 1344 1200 1385 etiam
1235 1346 1492 1387 auctoritate
1525 1357 1569 1387 et

136 1399 317 1440 consilio
340 1409 428 1439 tuo.
489 1399 561 1440 Sic
591 1400 705 1440 enim
738 1400 1075 1456 praescripsimus
1098 1401 1163 1451 iis,
1187 1401 1342 1456 quibus
1364 1417 1414 1444 ea
1437 1418 1568 1460 nego-

138 1456 197 1501 tia
217 1456 528 1507 mandavimus,
550 1467 597 1496 ut
619 1457 819 1497 omnibus
839 1457 880 1497 in
909 1458 1048 1507 rebus,
1071 1472 1167 1512 quae
1191 1459 1235 1499 in
1257 1459 1443 1514 aliquam
1465 1475 1567 1502 con·
1579 1478 1612 1509 p.
1628 1469 1700 1499 215.

138 1513 387 1556 troversiam
420 1523 686 1564 vocarentur,
720 1524 760 1553 te
791 1514 968 1564 arbitro,
998 1525 1055 1564 et,
1086 1515 1200 1569 quod
1232 1517 1461 1558 commodo
1494 1527 1568 1559 tuo
1580 1522 1610 1543 ὃ·

140 1569 229 1610 fieri
255 1580 412 1626 posset,
434 1572 526 1610 ⁵5te
548 1569 834 1625 disceptatore
856 1580 1089 1612 uterentur.
1147 1571 1197 1612 Id
1221 1583 1268 1613 ut
1288 1573 1463 1614 honoris
1485 1575 1570 1616 mei

136 1642 264 1668 causa
287 1626 506 1682 suscipiaS,
530 1627 802 1668 vehementer
825 1637 866 1668 te
887 1629 1015 1668 etiam
1040 1639 1168 1683 atque
1190 1630 1318 1670 etiam
1343 1645 1464 1686 rogo.
1513 1630 1572 1673 Il-

128 1683 210 1726 lud
233 1694 452 1740 praeterea,
475 1684 508 1723 si
533 1697 617 1724 non
638 1683 824 1725 alienum
849 1694 921 1725 tua
944 1685 1156 1740 dignitate
1187 1687 1358 1741 putabis
1381 1702 1486 1740 esse,
1509 1688 1573 1729 fe-

137 1741 244 1782 ceris
267 1740 372 1782 mihi
395 1740 658 1796 pergratum,
679 1742 710 1781 si
735 1741 809 1797 qui
838 1741 1100 1782 difficiliores
1133 1753 1272 1794 erunt,
1294 1754 1341 1784 ut
1363 1759 1451 1785 rem
1481 1745 1571 1787 sine

137 1799 430 1839 controversia
457 1797 612 1838 confici
647 1797 799 1849 nolint,
822 1799 855 1838 si
889 1813 976 1849 eos,
999 1799 1039 1829 56
1052 1799 1223 1854 quando
1254 1814 1353 1841 cum
1376 1812 1571 1843 senatore

135 1869 201 1896 res
234 1864 313 1905 est,
336 1853 521 1895 Romam
555 1854 766 1908 rejeceris.
827 1855 957 1900 Quod
982 1856 1266 1910 quo‘minore
1299 1858 1572 1900 dubitatione

137 1910 276 1954 facere
312 1926 470 1967 posses,
492 1911 654 1952 litteras
683 1911 735 1952 ad
764 1921 804 1952 tc
827 1927 853 1952 a
876 1911 942 1952 M.
967 1912 1131 1967 Lepido
1153 1914 1342 1964 consule,
1365 1929 1450 1956 non
1473 1931 1570 1971 quae

138 1977 182 2009 te
213 1968 372 2025 aliquid
400 1968 620 2023 juberent,
643 1971 848 2023 57(neque
880 1970 995 2009 enim
1029 1970 1071 2010 id
1107 1981 1191 2010 tuae
1223 1971 1447 2026 dignitatis
1478 1988 1571 2014 esse

139 2025 486 2074 arbitrabamum
527 2024 598 2065 sed
638 2025 824 2079 quodam
867 2026 995 2067 modo
1028 2027 1148 2081 quasi
1190 2029 1572 2071 commendaticias
1591 2045 1596 2048 ·

139 2082 381 2123 sumsimus,
414 2081 668 2131 Scriberem‚
689 2096 816 2136 quam
841 2083 883 2123 id
908 2083 1161 2123 beneficium
1190 2085 1294 2124 bene
1315 2087 1427 2140 apud
1453 2086 1574 2127 Mes-

139 2139 300 2180 cinium
334 2139 546 2194 positurus
577 2152 703 2188 esses,
728 2139 805 2179 nisi
828 2149 871 2180 et
894 2150 934 2180 te
958 2140 1064 2180 scire
1094 2141 1370 2192 confiderem,
1391 2154 1434 2183 et
1466 2145 1572 2186 mihi

139 2206 344 2252 peterem.
389 2195 461 2236 Sic
482 2195 596 2235 enim
621 2195 745 2235 velim
768 2197 1002 2247 existimes,
1027 2211 1111 2237 non
1136 2198 1275 2238 minus
1297 2213 1365 2239 me
1386 2200 1438 2240 de
1460 2200 1571 2241 illius

140 2267 185 2294 re
218 2253 424 2301 laborare,
459 2266 586 2307 quam
622 2253 760 2307 ipsum
794 2253 846 2293 de
880 2268 969 2294 sua.
1031 2254 1111 2295 Sed
1136 2269 1235 2295 cum
1269 2255 1385 2296 illum
1419 2259 1570 2299 studeo

140 2324 271 2365 quam
304 2309 504 2352 facillime
539 2309 591 2350 ad
627 2323 748 2349 suum
785 2312 1030 2365 pervenire:
1062 2320 1154 2353 tum
1187 2312 1287 2353 illud
1326 2313 1489 2364 laboro,
1524 2323 1571 2355 ut

138 2381 226 2408 non
249 2367 475 2410 minimum
499 2365 578 2406 hac
598 2379 694 2406 mea
721 2368 1094 2410 commendatione
1123 2383 1168 2410 se
1196 2380 1474 2411 consecutum
1505 2385 1570 2412 ar·

140 2424 338 2466 bitretur.

183 2539 223 2568 54
237 2547 276 2567 ea
291 2545 418 2568 mecum
437 2546 505 2567 nec.
521 2546 548 2567 c.
564 2536 623 2575 est]
642 2546 680 2566 ea
694 2538 747 2568 hie
762 2548 829 2569 non
915 2539 954 2569 56
976 2540 1104 2579 quando
1126 2550 1164 2570 ez·
1181 2551 1200 2570 τι
1221 2551 1247 2572 s.
1262 2550 1315 2570 res
1336 2540 1396 2580 est]
1422 2541 1474 2571 Sic
1499 2542 1562 2574 Ms.

142 2579 221 2609 satis
234 2579 352 2619 placet,
373 2578 449 2617 quia
467 2579 496 2609 ei
520 2579 615 2615 nihil,
638 2581 724 2617 quod
738 2581 832 2617 solet,
876 2590 980 2617 meuS,
997 2581 1059 2612 Gu.
1075 2584 1105 2612 2.
1177 2583 1248 2613 edd.
1269 2593 1316 2622 pr.
1332 2593 1398 2613 non
1416 2591 1452 2613 ut
1468 2585 1567 2624 vulgo

142 2620 326 2660 respondet.
368 2620 508 2651 Videtur
529 2621 702 2660 legendum
725 2632 771 2659 eo,
796 2630 843 2654 ut>
876 2633 976 2658 nune,
991 2633 1092 2662 quum
1151 2635 1181 2653 m
1195 2635 1220 2655 s.
1236 2635 1264 2654 r.
1281 2635 1307 2654 e.
1324 2625 1409 2664 quod
1423 2631 1457 2656 et
1479 2627 1565 2658 male

143 2662 174 2692 id
192 2662 383 2701 respondeat
398 2665 440 2703 τῷ
454 2664 538 2703 quod
552 2673 596 2694 m.
613 2673 642 2702 q.
648 2663 734 2702 ficit.
770 2665 832 2696 Sed
874 2673 980 2696 sonat.
997 2665 1061 2696 Gu.
1077 2668 1089 2683 f
1101 2691 1107 2696 .
1123 2668 1286 2705 quondam.

141 2704 228 2734 forte
250 2708 284 2734 et
305 2704 424 2736 similia
444 2705 594 2746 exempla
613 2711 741 2744 extant,
761 2717 834 2747 quae
919 2709 955 2741 57
990 2717 1090 2746 neque
1121 2709 1471 2749 enim—arbitramur]
1505 2711 1567 2742 Le.

143 2745 225 2775 mihi
240 2754 307 2775 non
321 2752 524 2778 succurrant.
876 2749 1020 2788 gendum
1035 2750 1284 2780 arbitrabamur
1295 2763 1304 2779 :
1327 2758 1460 2792 propter
1467 2752 1565 2793 jube-

176 2789 215 2817 55
228 2791 259 2817 te
270 2787 493 2829 disceptatore]
507 2793 540 2820 te
551 2794 632 2831 puto
643 2799 710 2822 esse
721 2790 831 2823 delen-
873 2796 947 2822 rent
961 2797 995 2821 et
1009 2792 1195 2829 sumsimus,
1210 2792 1289 2824 item
1305 2799 1344 2825 ut
1365 2799 1567 2835 ante-posses

142 2828 235 2861 dum.
258 2839 335 2861 nam
351 2829 461 2870 friget.
879 2843 938 2875 pro
949 2834 1058 2873 posn‘s.
