1817 3196
217 65 270 105 94
574 58 756 112 EPIST.
792 58 978 100 LIBER
1002 60 1280 102 QUARTUS

218 163 526 222 rempublicam
548 163 835 206 offendissem.
896 165 1066 212 Quibus
1088 165 1218 216 enim,
1242 179 1320 220 pro
1340 161 1447 205 meis
1469 161 1645 210 immor-9

219 221 376 265 talibus
400 222 634 272 benefieiis,
663 222 883 262 carissima
903 236 999 263 mea
1019 222 1128 263 salus
1151 231 1194 262 et
1217 237 1324 263 meae
1346 220 1532 262 fortunae
1555 235 1645 272 esse

219 279 455 320 debebant:
487 294 585 320 cum
609 288 783 375 propter
804 293 950 319 eorum
973 279 1107 320 scelus
1130 278 1237 320 nihil
1258 278 1365 319 mihi
1388 279 1499 319 intra
1528 292 1646 320 meos

221 336 404 392 parietes
429 345 582 384 tutum,
607 335 694 375 nihi
735 335 898 376 insidiis
922 350 1102 376 vacuum
1128 336 1329 385 viderem,
1349 349 1556 376 novarum
1578 349 1647 376 me

221 393 583 434 necessitudinum
605 391 809 432 fidelitate
830 402 980 432 contra
1003 401 1192 432 veterum
1212 391 1432 448 perfidiam
1451 391 1648 432 munien-

222 449 324 490 dum
365 450 525 505 putavi.
587 448 669 489 Sed
707 448 759 488 de
798 449 953 488 nostris
992 449 1116 489 rebus
1148 450 1263 499 satis,
1303 449 1432 489 etiam
1465 448 1647 489 nimium

223 506 372 548 multa.
435 506 502 547 Dc
526 506 607 545 tuis
633 504 773 554 velim,
798 513 844 544 ut
864 518 914 544 eo
937 504 992 544 sis
1014 506 1173 555 animo,
1203 520 1288 559 quo
1319 505 1447 546 debes
1469 519 1574 555 esse,
1605 505 1648 546 id

224 573 303 613 est,
337 574 383 604 ut
412 577 465 603 ne
493 563 595 616 quid
627 561 706 602 tibi
739 561 955 617 praecipue
987 561 1222 602 timendum
1256 571 1394 617 putes.
1455 562 1501 602 Si
1532 562 1648 602 enim

226 629 361 661 status
383 620 463 660 erit
484 619 635 673 aliquis
657 618 870 659 civitatis:
894 618 1154 673 quicumque
1176 619 1270 668 erit,
1295 627 1335 658 te
1357 619 1554 659 omnium
1578 633 1652 674 pe-

225 676 456 717 riculorum
480 676 604 716 video
627 684 846 730 expertem
870 674 975 716 fore.
1037 675 1149 716 Nam
1173 674 1326 715 alteros
1349 675 1428 716 tibi
1445 676 1538 730 jam
1563 676 1653 731 pla-

227 743 346 774 catos
379 747 469 773 esse
507 732 726 787 intelligo:
759 732 911 773 alteros
943 746 1177 786 numquam
1211 731 1342 772 iratos
1375 731 1521 772 fuisse.
1584 732 1652 773 De

223 804 321 831 mea
354 799 495 830 autem
528 789 570 828 in
604 797 645 828 tc
669 787 888 829 voluntate
909 789 970 830 sic
994 789 1119 830 velim
1144 788 1331 844 judice5‚
1362 803 1444 839 me,
1475 788 1654 843 quibus-

226 861 410 901 cumque
443 846 568 886 rebus
608 860 716 901 opus
748 859 838 886 esse
872 845 1140 902 intelligam:
1174 859 1433 900 quamquam
1468 844 1652 897 videam,

224 903 297 957 qui
322 904 401 943 sim
425 902 507 943 hoc
531 912 737 957 tempore,
762 911 806 943 et
826 903 928 958 quid
953 903 1134 958 possim3
1166 917 1297 958 opera
1321 912 1463 943 tamen
1486 912 1528 942 et
1549 916 1654 943 con-

224 959 334 1010 silio,
358 959 499 1000 studio
521 959 693 1014 quidem
716 968 845 1009 certe,
875 960 950 1009 rei,
979 959 1121 1010 famae,
1145 960 1269 1000 saluti
1293 967 1379 1000 tuae
1404 968 1561 1015 praesto
1586 958 1655 999 fu-

223 1025 382 1057 turum.
442 1015 507 1058 Tu
523 1016 657 1056 *velim
680 1026 722 1055 et
744 1016 846 1070 quid
876 1030 993 1071 agas,
1022 1015 1198 1070 etquid
1232 1025 1426 1057 acturum
1451 1026 1492 1056 te
1516 1025 1653 1072 putes,

223 1072 356 1114 facias
379 1087 446 1114 me
467 1087 595 1128 quam
618 1072 947 1128 diligentissime
968 1073 1209 1113 certiorem.
1269 1071 1389 1112 Vale.

162 1184 210 1221 15
736 1161 1140 1199 ARGUMENTUM.

220 1226 418 1269 Hortatur,
437 1230 478 1262 ut
507 1236 726 1262 communem
743 1224 941 1273 fortunam
958 1223 1117 1272 fortiter
1133 1223 1253 1273 ferat,
1284 1236 1349 1260 nec
1374 1225 1564 1272 propriam
1589 1224 1658 1261 sibi

415 1278 601 1326 postulet:
631 1288 741 1324 eoque
759 1278 796 1312 in
813 1289 850 1313 se
869 1278 989 1313 animo
1006 1278 1068 1318 sit,
1089 1288 1157 1324 quo
1165 1275 1298 1325 fuerat
1314 1288 1463 1325 semper.

527 1344 595 1385 M.
617 1343 668 1384 T.
694 1344 745 1385 C.
778 1344 822 1384 S.
849 1343 905 1385 D.
938 1343 1038 1385 CN.
1062 1343 1353 1385 PLANCIO.

222 1403 464 1461 ACCEPI
485 1418 710 1474 perbreves
743 1425 838 1458 tuas
859 1417 1035 1468 litteras,
1059 1417 1214 1471 quibus
1237 1417 1295 1468 id,
1317 1416 1432 1472 quod
1455 1416 1562 1458 scire
1583 1431 1674 1458 cu·-

221 1477 411 1533 piebam‚
443 1488 705 1530 cognoscere
738 1488 825 1514 non
860 1473 1010 1529 potui:
1053 1474 1240 1529 cognovi
1274 1484 1416 1514 autem
1451 1474 1509 1524 id,
1541 1474 1659 1529 quod

222 1533 330 1574 mihi
373 1532 553 1573 dubium
592 1545 678 1572 non
718 1529 815 1571 fuit.
868 1545 967 1570 nam
1005 1545 1133 1587 quam
1170 1529 1338 1571 fortiter
1378 1529 1508 1571 ferres
1539 1545 1659 1571 com-

221 1604 373 1631 munes
417 1590 622 1638 miserias,
652 1601 739 1628 non
773 1586 996 1628 intellexi:
1047 1602 1176 1642 quam
1220 1602 1289 1628 me
1324 1601 1500 1638 amareS‚
1534 1586 1658 1628 facile

222 1646 452 1703 perspexi:
504 1649 544 1679 47
562 1645 635 1686 sed
682 1644 766 1685 hoe
806 1645 1011 1686 sciebam.
1065 1644 1169 1685 illud
1215 1645 1248 1685 si
1287 1645 1477 1695 scissem,
1518 1644 1570 1685 ad
1613 1644 1657 1686 id

222 1718 339 1745 meas
372 1701 1016 1744 litteras*accommodavissein.
1074 1703 1114 1732 48
1129 1701 1213 1742 Sed
1248 1710 1390 1742 tamen
1422 1701 1501 1741 etsi
1532 1710 1659 1742 antea

224 1761 390 1816 scripsi,
412 1774 509 1815 quae
532 1758 776 1800 existimavi
801 1759 929 1799 scribi
960 1767 1181 1814 oportere:
1220 1769 1362 1799 tamen
1385 1757 1469 1799 hoc
1492 1766 1659 1814 tempo-

223 1832 269 1858 re
290 1819 475 1859 breviter
506 1815 868 1857 commonendum
903 1816 1065 1870 putavi,
1089 1829 1141 1855 ne
1163 1830 1248 1870 quo
1281 1814 1471 1871 periculo
1496 1826 1538 1856 te
1560 1829 1660 1871 pro-

109 1904 143 1936 p,
161 1875 319 1931 59‚pri0
342 1873 610 1916 existimares
632 1887 746 1913 esse:
784 1872 826 1913 in
851 1886 1008 1927 magno
1030 1886 1193 1923 omnes,
1216 1873 1286 1913 sed
1311 1882 1452 1912 tamen
1476 1872 1519 1912 in
1541 1886 1661 1913 com-

180 1932 342 1974 a·muni
380 1945 539 1972 sumus.
601 1930 747 1976 Quare
770 1944 856 1970 non
877 1928 1006 1969 (lebes
1028 1939 1101 1969 aut
1126 1930 1340 1985 propriam
1363 1928 1595 1980 fortunam,
1617 1938 1662 1970 et

223 1989 490 2045 praecipuam
513 1986 741 2043 postulare,
764 1996 838 2027 aut
859 2000 1132 2027 communem
1156 2000 1362 2027 recusare.
1382 1986 1658 2042 Quapropter

222 2060 274 2087 eo
296 2046 440 2087 animo
464 2044 595 2085 simus
619 2044 729 2084 inter
751 2058 842 2094 nos,
865 2058 950 2098 quo
974 2058 1139 2099 semper
1161 2042 1335 2084 fuimus.
1388 2043 1519 2089 Quod
1540 2043 1593 2084 de
1617 2052 1658 2084 te

223 2117 406 2160 sperare,
428 2102 481 2144 de
505 2116 573 2142 ine
596 2110 799 2158 praestare
821 2115 1010 2156 possum.
1072 2100 1190 2141 Vale.

265 2240 306 2272 47
320 2237 377 2268 sed
389 2238 445 2267 hoc
457 2235 609 2275 scier-am]
629 2235 681 2265 Sic
696 2235 763 2266 fcre
778 2235 858 2266 Mss.
869 2239 918 2266 et-
961 2239 1036 2275 pter
1057 2237 1263 2271 contextum,
1279 2233 1334 2273 qui
1348 2233 1488 2264 sciebam
1502 2233 1660 2274 postulat.

225 2279 290 2310 iam
320 2283 444 2314 noster,
472 2278 543 2308 edd.
577 2278 674 2308 Rom.
708 2278 796 2312 1469.
829 2281 919 2311 1471.
965 2278 1048 2307 Puto
1064 2278 1201 2307 seierum
1216 2280 1326 2306 ortum
1337 2285 1405 2306 esse
1419 2286 1437 2306 a
1448 2276 1591 2311 librario,
1604 2277 1658 2315 qui

225 2320 316 2355 Med.
334 2322 394 2351 &c.
413 2321 445 2351 id
459 2330 534 2350 cum
557 2324 724 2351 mutatum
747 2326 831 2351 essct
847 2320 920 2350 inde
963 2325 1095 2359 tempus
1117 2318 1431 2349 accommodandum
1456 2323 1588 2358 putaret
1611 2328 1660 2348 se·

226 2373 247 2397 a
269 2363 304 2393 P.
323 2362 478 2393 Manutio
504 2365 593 2392 1540.
617 2363 650 2392 in
664 2362 814 2399 sciebam,
832 2362 923 2391 resti·
966 2361 1082 2401 quenti
1094 2362 1231 2391 scissem.

227 2405 295 2435 tuit
318 2403 518 2435 Gebhardus.
536 2403 616 2434 mihi
637 2409 749 2434 tamen
772 2413 838 2433 non
855 2404 924 2444 pla·
1009 2406 1049 2434 48
1075 2402 1141 2433 Sed
1153 2407 1260 2432 tamen
1275 2401 1347 2440 etsi]
1366 2401 1507 2442 Antique
1520 2411 1578 2442 pro
1593 2411 1659 2434 uno

229 2452 296 2486 eet,
318 2456 387 2478 non
403 2444 500 2478 modo
515 2455 573 2487 per
586 2454 632 2484 se,
650 2445 706 2477 sed
727 2445 828 2477 etiam
852 2456 926 2487 pro-
970 2446 1066 2476 verbo
1080 2445 1228 2475 tametsi,-
1251 2453 1281 2475 v.
1297 2443 1388 2475 Clav.
