1903 3218
347 77 425 112 256
717 74 896 114 EPIST.
924 75 1109 114 LIBER
1135 75 1402 115 DECIMUS

304 187 338 218 b.
352 186 400 217 ut
431 176 483 218 ad
520 186 560 218 te
593 178 749 235 saepius
782 179 946 243 scripsi,
968 179 1064 220 haec
1094 180 1304 221 sententia
1335 190 1422 221 est:
1457 179 1544 226 Qui
1578 179 1773 234 reliquias

285 636 307 649 Η

195 1905 227 1935 p.
246 1893 313 1925 156.

281 612 331 648 ⁰1

349 233 478 290 hujus
500 234 597 276 belli
628 237 899 292 oppresserit,
920 251 1017 277 eum
1055 237 1187 278 totius
1224 237 1319 277 belli
1343 236 1632 277 confectorem
1655 236 1772 288 fore3

348 305 475 346 quem
499 300 540 332 te
561 300 603 332 et
624 302 729 348 opto
751 307 855 344 esse,
877 302 921 333 et
941 293 1113 334 confido
1136 293 1340 334 fffutuium
1385 293 1536 334 Studia
1557 307 1652 333 mea
1672 307 1773 349 erga

349 356 405 398 te,
428 348 583 402 quibus
605 359 718 390 certe
741 349 855 390 nulla
875 364 965 390 esse
987 350 1150 414 majora
1173 359 1417 406 potuerunt,
1438 350 1517 391 tibi
1541 359 1626 390 tam
1651 360 1771 404 grata

347 418 451 456 esse,
473 419 600 459 quam
623 421 704 461 ego
734 407 880 460 putavi
917 406 1020 469 fore,
1043 408 1218 447 minime
1252 421 1394 457 miror,
1419 407 1774 470 vehementerque

346 460 482 502 laetor.
545 439 674 508 Quae⁰
678 463 850 517 quidem
883 471 943 512 tu,
966 462 999 502 si
1033 472 1146 503 recte
1177 463 1272 504 istic
1301 464 1396 514 erit,
1420 464 1581 519 majora
1613 472 1655 503 et
1677 477 1772 519 gra-

350 518 468 560 viora
489 533 737 574 cognosceS.
798 519 965 565 Quarto
990 517 1203 560 Kalendas
1225 519 1391 561 Junias.

859 606 1260 644 ARGUMENTUM.

347 669 545 718 Perfidiam
564 668 708 717 Lepidi,
728 667 1080 716 conjunctio-nemque
1098 681 1177 705 cum
1194 671 1355 705 Antonio
1374 672 1546 706 nuntiat:
1574 670 1770 706 subsidium

498 722 684 769 copiarum
701 723 799 756 mitti
814 721 975 767 postulat
989 737 1000 757 .·
1026 732 1128 756 suam
1147 722 1363 769 dignitatem
1381 723 1614 758 commendat.

740 786 1021 828 PLANCUS
1054 787 1374 830 CICERONI.

345 842 644 896 PUDERET
680 869 747 895 me
784 855 1084 896 inconstantiae
1118 870 1306 896 mearum
1343 856 1594 907 litterarum,
1616 857 1648 896 si
1683 871 1768 897 non

344 911 438 952 haec
459 925 512 951 cx
538 911 674 952 aliena
704 912 876 952 levitate
912 912 1157 967 penderent.
1220 912 1379 953 Omnia
1401 912 1498 964 feei,
1522 927 1665 968 quare,
1691 913 1769 954 Le-

342 967 444 1023 pido
474 968 708 1023 conjuncto
736 969 788 1010 ad
822 969 1127 1024 rempublicam
1152 969 1478 1020 defendendam,
1501 984 1666 1010 minore
1688 969 1768 1010 sol-

340 1025 534 1065 licitudin
522 1040 561 1066 e
591 1035 727 1066 vestra
762 1025 938 1081 perditis
971 1026 1221 1067 resister.em
1283 1026 1442 1067 Omnia
1465 1027 1502 1067 ei
1531 1037 1574 1067 et
1604 1027 1765 1082 petenti

340 1082 494 1137 recepi,
519 1092 559 1123 et
586 1082 694 1124 ultio
727 1082 940 1138 pollicitus
974 1098 1081 1133 sum,
1105 1083 1339 1139 scripsique
1374 1084 1452 1124 tibi
1489 1083 1620 1124 biduo
1653 1092 1766 1133 ante,

338 1138 552 1179 confidere
583 1154 663 1191 ine,
687 1141 801 1180 bono
830 1139 993 1195 Lepido
1016 1155 1105 1181 esse
1129 1155 1316 1191 115111·,11111
1339 1141 1643 1195 communique
1664 1155 1766 1181 con-

338 1195 432 1236 silio
467 1195 623 1237 bellum
656 1197 1067 1238 administlaturum.
1129 1197 1300 1239 Credidi
1325 1196 1622 1254 chirographis
1643 1197 1765 1252 ejus;

336 1252 609 1294 affirmationi
647 1254 867 1309 praesentis
892 1253 1156 1306 Laterensi*
1187 1255 1259 1309 qui
1292 1265 1381 1295 tum
1411 1255 1523 1310 apud
1561 1268 1629 1295 me
1660 1263 1764 1304 e1·,at

336 1310 738 1365 reconciliaremque
779 1324 845 1351 me
886 1311 1062 1366 Lenido,
1098 1288 1310 1366 fidemque
1345 1311 1561 1362 haberem,
1599 1311 1763 1351 orabat.

337 1367 436 1407 Non
460 1366 581 1408 licuit
602 1367 762 1408 diutius
785 1368 893 1408 bene
915 1368 966 1408 de
987 1382 1037 1408 eo
1061 1382 1241 1424 sperme.
1304 1367 1412 1409 Illud
1444 1378 1557 1409 certe
1589 1368 1698 1418 cavi,
1720 1377 1763 1408 et

334 1424 511 1473 cavebo,
548 1438 600 1464 ne
633 1439 725 1464 mei
760 1424 1011 1465 credulitate
1042 1425 1339 1481 70reipublieae
1374 1440 1540 1466 summa
1577 1424 1760 1465 fallatm.

335 1479 447 1521 Cum
470 1479 630 1520 Isaram
657 1481 830 1531 flumen,
855 1495 939 1520 uno
961 1481 1028 1522 die
1052 1491 1182 1536 ponte
1211 1481 1382 1532 effecto,
1404 1482 1641 1522 exereitum
1678 1491 1760 1521 tia-

330 1536 564 1587 duxissem,
588 1551 663 1592 pro
690 1552 745 1577 111
737 1538 988 1593 ignitudine
1021 1552 1080 1578 rei
1113 1538 1372 1579 celeritatem
1403 1538 1624 1588 adhibens,
1645 1537 1760 1592 quod

328 1595 510 1649 petierat
553 1608 627 1649 per
667 1594 827 1635 litteris
872 1595 978 1648 ipse,
1019 1603 1064 1635 ut
1105 1608 1363 1636 manualem
1399 1595 1568 1635 venir:e
1602 1603 1760 1650 praesto

328 1651 434 1691 mihi
472 1650 555 1692 fuit
588 1659 722 1692 stator
752 1652 843 1705 ejus
873 1666 971 1692 cum
1006 1651 1172 1702 litteris,
1194 1653 1364 1708 quibus,
1387 1666 1440 1692 ne
1464 1651 1665 1715 venirem,
1688 1651 1758 1692 de-

327 1707 580 1749 nuntiabat:
613 1723 656 1748 se
678 1723 802 1764 posse
826 1716 898 1764 per
920 1724 963 1749 se
985 1709 1197 1750 conficere
1227 1710 1480 1765 negotium:
1513 1709 1675 1749 interea
1706 1707 1758 1748 ad

328 1764 488 1806 Isaram
508 1776 816 1820 exspectarem
852 1764 996 1806 Indice
979 1766 1060 1806 nibo
1079 1767 1349 1807 temerarium
1373 1779 1513 1806 meum
1533 1764 1757 1806 eonsilium

328 1822 438 1863 tibi.
471 1821 747 1863 nihilominus
788 1836 846 1861 ue
887 1823 1117 1873 decreram,
1155 1823 1421 1872 existimans,
1456 1836 1550 1862 eum
1593 1821 1756 1862 socium

327 1879 475 1935 gloriae
498 1879 644 1920 vitare.
678 1878 890 1919 Putabam
914 1894 1037 1935 posse
1055 1894 1123 1920 me
1146 1895 1223 1921 nec
1244 1880 1296 1920 de
1317 1879 1351 1919 le
1345 1879 1472 1920 .’11(15
1454 1879 1594 1933 Jejuni
1617 1878 1757 1918 homi-

307 1937 392 1977 -nis
418 1935 604 1976 delibare
626 1936 874 1991 quidquam,
897 1947 939 1976 et
971 1937 1142 1977 subesse
1176 1947 1317 1977 tamen
1353 1936 1603 1991 propinquis
1637 1935 1756 1985 locis,

323 2004 386 2045 ut,
410 1993 443 2034 si
466 1993 611 2034 durius
633 1993 792 2048 aliquid
815 2003 939 2044 esset,
963 2008 1205 2035 succurrere
1227 1993 1419 2034 celeriter
1440 2007 1564 2048 poss(
1569 2007 1624 2033 111
1659 1990 1754 2047 Ego

322 2064 410 2091 non
432 2049 567 2091 malus
591 2050 722 2090 homo
754 2050 835 2090 hoc
871 2051 1131 2106 suspicabar.
1192 2049 1251 2090 At
1286 2049 1539 2100 Laterensis,
1564 2050 1627 2091 vir
1659 2063 1754 2089 san-

322 2107 553 2158 ctissimus,
591 2122 667 2148 suo
700 2106 989 2163 elur-ogiapho
1022 2108 1157 2148 mittit
1194 2106 1300 2147 mihi
1333 2107 1509 2156 litteras,
1542 2106 1639 2147 71in
1671 2106 1753 2146 eis-

322 2179 420 2220 que,
442 2164 668 2220 desperms
699 2164 750 2204 de
778 2178 835 2215 se,
858 2164 910 2205 de
936 2165 1144 2214 exercitu,
1168 2164 1220 2205 de
1252 2164 1402 2219 Lepidi
1433 2163 1531 2213 fide,
1552 2176 1754 2218 querens-

321 2235 405 2276 que
440 2235 484 2261 se
520 2221 789 2271 destitutum,
829 2233 975 2277 aperte
1012 2222 1250 2272 denuntiat,
1288 2220 1470 2271 videam,
1508 2234 1561 2260 ne
1600 2219 1749 2260 fallar:

321 2280 361 2311 ⁷2
375 2292 493 2318 suam
515 2278 643 2319 fidem
666 2277 847 2319 solutam
871 2293 989 2320 esse:
1021 2278 1267 2334 reipublicae
1301 2292 1352 2319 ue
1382 2278 1531 2318 desim.
1593 2275 1751 2318 Exem-

362 2435 404 2466 70
426 2433 504 2472 reip.
530 2442 659 2463 summa
676 2432 776 2473 fidh]
809 2435 862 2464 Sic
890 2444 951 2465 scr.
981 2439 1014 2466 et
1058 2439 1148 2475 potes
1152 2438 1190 2465 t:
1223 2434 1309 2473 quod
1346 2434 1447 2464 miror
1482 2433 1646 2464 Graevium
1682 2441 1749 2462 non

320 2474 392 2505 edd.
439 2474 617 2504 Lambinus
632 2476 760 2505 volebat
777 2486 857 2516 resp.
872 2487 1015 2514 summa,
1059 2477 1214 2507 sensisse:
1240 2476 1336 2515 idque
1351 2476 1430 2505 adeo
1453 2475 1566 2505 delevi.
1612 2473 1748 2505 Videtur

321 2517 408 2556 quod
430 2524 463 2547 et
487 2517 520 2546 in
543 2517 774 2547 Gruterianam
798 2519 906 2548 venit:
930 2529 1012 2559 resp.
1056 2519 1153 2549 fuisse
1183 2518 1301 2558 duplex
1330 2517 1441 2552 lectio,
1467 2517 1502 2546 in
1529 2518 1634 2556 eisque
1656 2520 1689 2546 et
1712 2517 1748 2546 in

320 2568 452 2589 summa
467 2568 532 2589 non
548 2559 679 2595 dicitur,
695 2565 732 2588 ut
746 2569 844 2599 supra
859 2562 982 2591 monui.
1056 2562 1191 2600 quibus:
1215 2572 1232 2591 5
1249 2562 1366 2600 quibus
1388 2568 1466 2589 sane
1489 2558 1572 2589 hanc
1595 2558 1642 2588 illi
1666 2567 1748 2598 prae-

365 2604 402 2635 71
427 2602 462 2631 in
484 2601 599 2641 eisque,
615 2601 863 2641 doesperans—in
885 2602 1011 2642 quibus]
1057 2603 1202 2633 tulerim.

321 2641 424 2674 Recte
447 2652 505 2682 pro
528 2644 677 2683 meisque,
698 2643 783 2682 quod
807 2643 840 2672 iu
863 2644 958 2674 editis
980 2651 1013 2674 et
1100 2647 1140 2677 72
1161 2653 1257 2674 suam
1274 2641 1379 2683 fidem
1406 2643 1546 2672 solutam
1574 2641 1652 2681 esse]
1684 2642 1747 2672 Pro

321 2693 384 2714 scr
398 2684 592 2724 quibusdam
619 2689 702 2721 erat,
721 2685 824 2715 Graex
809 2694 867 2714 1115
881 2685 969 2716 dedit
985 2687 1019 2716 ιή
1055 2687 1268 2725 persolutam.
1286 2693 1362 2714 nam
1376 2688 1410 2714 et
1430 2685 1549 2714 solvere
1558 2683 1665 2723 fidem
1689 2693 1747 2724 pro

320 2728 434 2765 eisque.
451 2727 496 2757 sie
510 2732 544 2757 et
561 2729 623 2758 Ms.
641 2733 764 2764 noster,
781 2727 844 2757 Gu.
860 2730 890 2757 ⁶2.
905 2733 939 2758 et
961 2728 1011 2758 ed.
1055 2733 1209 2767 praestare
1223 2727 1352 2757 dicitur.
1375 2725 1448 2757 Vid.
1465 2726 1579 2757 Burm.
1595 2725 1636 2756 ad
1650 2725 1742 2756 ovid.

319 2767 409 2798 Med.
438 2769 500 2799 Sed
516 2769 562 2800 ita
575 2770 730 2807 alterum,
745 2771 779 2800 in
793 2769 918 2809 quibus,
934 2774 1011 2800 ante
1055 2769 1137 2800 Met.
1152 2770 1214 2806 xl,
1235 2771 1303 2800 135.

318 2814 430 2850 aperte
463 2812 648 2851 denuntiat,
676 2816 763 2842 stare
795 2811 886 2842 1111110
915 2811 1011 2842 inodo
