1903 3218
296 89 374 123 258
668 81 849 123 EPIST.
877 79 1062 120 LIBER
1088 78 1361 130 DECJMUS

297 203 452 230 munus
483 188 595 245 apud
629 202 695 228 me
719 186 820 228 velis
852 200 955 226 esse.
1016 183 1200 224 Tantum
1235 193 1275 223 te
1301 195 1423 237 rogo,
1446 181 1488 221 in
1513 178 1647 222 Hirtii
1669 178 1733 219 lo-

299 260 395 287 cum
433 260 501 286 me
534 245 705 296 subdas,
727 256 769 285 et
801 243 854 284 ad
889 252 1009 282 tuum
1043 254 1247 290 amorem,
1269 248 1313 279 et
1344 238 1397 279 ad
1427 252 1565 279 meam
1587 236 1733 278 obser-

302 312 505 343 varitiam.

235 368 290 403 22
820 364 1224 402 ARGUMENTUM.

386 434 495 480 Agris
516 431 720 467 ‹liis-islandis
741 429 899 464 Plancus
915 427 1051 474 praefici
1069 427 1246 473 capiebat,
1267 427 1324 461 cui
1342 425 1385 461 cle
1403 436 1444 459 ea
1462 435 1501 459 re
1522 422 1644 458 Cicero

920 479 1121 524 respondet.

761 543 996 585 CICERO
1030 541 1295 583 PLANCO.

309 608 378 659 IN
418 626 472 665 te,
503 626 545 655 ct
579 614 621 654 in
655 612 821 667 collega
856 610 995 651 omnis
1029 624 1124 665 spes
1157 618 1236 657 est,
1270 608 1350 649 diis
1386 606 1741 664 approbantibus.

311 673 556 714 Concordia
599 680 751 719 vestra,
792 683 890 722 quae
932 666 1096 707 senatui
1144 665 1357 706 declarata
1398 665 1549 706 litteris
1592 664 1742 704 vestris

311 741 390 780 est,
430 729 608 769 mirifice
647 737 689 766 et
722 734 907 773 senatus,
943 733 987 763 et
1025 732 1181 764 cuncta
1221 722 1374 763 civitas
1415 721 1625 762 delectata
1663 729 1742 760 est.

313 787 441 833 Quod
465 786 515 826 ud
542 798 607 824 me
630 782 857 836 scripseras
884 780 936 820 de
970 794 1012 820 re
1045 778 1239 835 agraria:
1277 778 1310 818 si
1333 777 1552 818 consultus
1575 786 1744 817 senatus

309 854 433 892 esset,
459 852 503 882 ut
526 840 707 896 quisque
737 836 1213 878 honorificentissimam
1249 835 1300 875 de
1328 845 1370 874 te
1404 834 1658 875 sententiam
1681 833 1746 872 di-

310 901 458 948 xisset,
481 901 520 931 79
534 911 626 937 eam
651 904 821 936 secutus
849 907 1010 935 essem:
1043 893 1115 948 qui
1149 901 1264 932 certe
1296 905 1378 947 ego
1412 890 1603 931 fuissem.
1663 889 1747 930 Sed

312 965 485 1013 propter
509 953 755 994 tarditatem
779 950 1086 992 sententiarum
1115 963 1365 1004 moramque
1388 961 1542 998 rerum,
1564 960 1662 988 cum
1684 959 1748 995 ea,

311 1029 407 1068 quae
445 1011 795 1059 consulebantur,
828 1008 880 1048 ad
912 1007 1075 1047 exitum
1109 1021 1193 1047 non
1229 1005 1525 1062 pervenirent:
1556 1017 1750 1044 commo-

194 1095 211 1112 ».
248 1086 297 1115 57.
313 1070 534 1111 dissimum
561 1067 682 1116 mihi,
708 1065 955 1119 Plancoque
982 1063 1100 1104 fratri
1126 1064 1263 1103 visum
1286 1073 1364 1111 est,
1387 1062 1449 1101 uti
1472 1076 1538 1111 eo,
1560 1060 1678 1114 quod'
1698 1072 1750 1099 ne

293 1139 459 1168 ·nostro
498 1125 706 1166 arbitratu
747 1129 1092 1177 componeretur,
1128 1120 1223 1175 quis
1261 1118 1392 1160 fuerit
1425 1117 1751 1174 impedimentO,

313 1185 498 1225 arbitror
522 1191 562 1222 te
584 1196 636 1222 ex
664 1179 811 1220 Planci
837 1178 988 1219 litteris
1016 1177 1286 1233 cognovisse.
1348 1175 1431 1217 Sed
1455 1176 1543 1216 sive
1567 1174 1608 1215 in
1632 1187 1753 1214 seua-

317 1239 600 1288 tusconsulm,
624 1237 713 1277 sive
737 1237 776 1277 in
801 1235 952 1276 ceteris
984 1235 1108 1275 rebus
1131 1234 1344 1274 desideras
1366 1232 1555 1287 aliquid3
1587 1231 1647 1272 sic
1672 1229 1751 1270 tibi

317 1298 536 1354 persuade,
560 1305 723 1335 tantam
746 1307 836 1334 esse
865 1292 979 1348 apud
1010 1305 1158 1332 omnes
1190 1291 1326 1331 bonos
1363 1290 1424 1330 tui
1447 1289 1685 1337 caritatem,
1710 1296 1756 1326 ut

317 1354 476 1396 nullum
502 1367 636 1409 genus
659 1350 933 1407 amplissimae
958 1348 1183 1403 dignitatis
1205 1346 1446 1401 excogitari
1471 1345 1620 1401 possit,
1639 1342 1756 1400 quod

320 1413 398 1452 tibi
422 1426 507 1451 non
533 1418 727 1465 paratum
765 1407 833 1447 sit.
896 1405 1080 1446 Litteras
1115 1414 1208 1445 tuas
1231 1403 1507 1454 vehementer
1534 1410 1757 1457 exspecto,

318 1479 361 1510 et
383 1467 557 1523 quidem
581 1465 700 1515 tales,
723 1463 867 1519 quales
890 1462 1079 1502 maxime
1101 1471 1221 1516 opto.
1281 1459 1401 1500 Vale.

257 1563 310 1599 123
843 1549 1039 1587 ARGUM
1045 1549 1151 1586 ENT
1157 1548 1249 1586 UM.

324 1621 485 1656 Excusat
510 1629 559 1658 se,
580 1616 676 1662 quod
695 1614 834 1661 Lepido
863 1613 1080 1652 crediderit;
1111 1616 1259 1659 accepto
1288 1611 1332 1646 cle
1358 1608 1607 1656 conjunctione
1633 1609 1766 1658 Lepidi

375 1677 409 1706 ει
428 1670 581 1706 Antonii
598 1668 740 1708 nuntio,
758 1677 841 1701 suas
860 1667 981 1714 copias
1008 1665 1200 1700 retraxisse
1225 1663 1406 1712 significat
1419 1678 1432 1698 .·
1461 1662 1639 1698 auxilium
1666 1673 1765 1698 exer-

378 1725 470 1759 citus
492 1721 690 1757 Caesariam
705 1718 881 1766 postulat.

728 1782 1011 1825 PLANCUS
1045 1780 1369 1823 CICERONI.

337 1845 683 1900 NUMQUAM
734 1849 1013 1900 mehercules,
1055 1849 1114 1889 mi
1158 1847 1328 1899 Cicero,
1369 1862 1438 1889 me
1480 1851 1520 1879 80
1534 1849 1770 1905 poenitebit

334 1913 525 1955 maxima
567 1908 756 1966 pericula
797 1923 873 1964 pro
917 1907 1055 1963 patria
1090 1906 1247 1957 subire,
1285 1905 1403 1956 dum,
1443 1905 1476 1946 si
1513 1906 1616 1961 quid
1656 1907 1770 1948 acci-

335 1971 446 2012 derit
483 1967 606 2017 mihi,
642 1982 666 2007 a
703 1964 1032 2021 reprehensione
1071 1963 1322 2003 temeritatis
1363 1963 1516 2003 absim.
1577 1962 1772 2004 Confite-

337 2042 402 2070 rer
425 2023 716 2082 imprudentia
737 2037 805 2062 me
835 2022 1016 2078 lapsum,
1039 2020 1072 2060 si
1107 2034 1310 2075 umquam
1345 2019 1510 2075 Lepido
1540 2034 1594 2061 ex
1628 2021 1774 2062 animo

339 2083 629 2126 credidissem.
693 2079 935 2121 Credulitas
966 2077 1081 2118 enim
1114 2090 1229 2118 error
1261 2085 1325 2117 est
1357 2077 1511 2132 magiS,
1533 2091 1661 2132 quam
1684 2077 1775 2119 cul-

343 2157 421 2198 pa:
454 2143 547 2180 8let
568 2137 742 2194 quidem
767 2137 808 2177 in
831 2135 985 2192 optimi
1008 2137 1217 2189 cujusque
1238 2142 1424 2175 mentem
1449 2133 1652 2176 facillime
1675 2135 1777 2176 irre-

343 2199 423 2254 pit.
485 2197 566 2237 Sed
599 2209 681 2251 ego
713 2209 798 2234 non
823 2193 904 2234 hoc
927 2192 1034 2233 vitio
1056 2193 1096 2222 82
1111 2206 1233 2246 paene
1255 2205 1348 2231 sum
1370 2191 1590 2246 deceptus.
1652 2191 1779 2248 Lepi-

345 2256 447 2296 dum
470 2254 582 2294 cuim
610 2250 786 2308 pulchre
810 2264 973 2291 noram.
1026 2248 1142 2295 Quid
1165 2262 1268 2305 ergo
1290 2251 1381 2289 est?
1433 2247 1579 2289 Pudor
1599 2263 1682 2301 me,
1704 2249 1779 2305 qui

348 2313 392 2353 in
415 2311 525 2352 bello
551 2309 737 2349 maxime
761 2316 826 2348 est
850 2305 1125 2363 periculosus,
1145 2305 1261 2347 hunc
1282 2318 1429 2347 casum
1450 2304 1599 2360 coegit
1621 2306 1781 2347 subire.

351 2369 481 2418 Nam,
504 2367 537 2408 si
562 2380 646 2406 uno
669 2365 764 2406 loco
788 2379 939 2414 essem,
962 2363 1151 2415 verebar,
1174 2376 1226 2403 ue
1255 2363 1325 2403 cui
1357 2362 1695 2403 obtrectatorum
1721 2363 1782 2404 vi-

394 2486 434 2516 79
457 2490 531 2510 eam
560 2482 686 2509 secutus
714 2487 811 2507 essem
838 2477 915 2516 δια]
945 2477 1051 2507 Locus
1093 2475 1244 2506 miniaco.
1261 2475 1308 2506 ita
1323 2475 1504 2516 postulant.

352 2525 406 2555 hic
434 2523 569 2552 vitiosus
599 2526 649 2550 est
665 2532 671 2549 ;
702 2529 778 2550 nam
809 2529 875 2549 non
905 2519 1050 2549 cohaeret
1134 2520 1170 2548 81
1201 2521 1233 2547 et
1258 2518 1400 2558 quidem]
1432 2516 1570 2548 Facilius
1596 2524 1684 2550 erat:
1714 2528 1786 2558 quoe

354 2566 472 2597 oratio.
506 2562 651 2593 Graevius
666 2562 801 2600 corrigit
815 2573 821 2589 :
845 2562 901 2599 qui
913 2569 986 2590 eam
1001 2570 1048 2590 se·
1092 2560 1220 2599 quidem
1231 2572 1241 2589 .·
1261 2560 1316 2589 sed
1330 2560 1412 2590 illud
1427 2559 1616 2599 exquisitius
1627 2565 1660 2591 et
1675 2560 1784 2593 effica-

355 2613 450 2638 cueus
465 2610 554 2642 esset,
569 2609 654 2636 certe
675 2613 734 2642 ego
744 2601 901 2643 ficissent.
918 2603 1050 2641 elegan-
1092 2601 1179 2631 cius:
1205 2611 1277 2641 pro,
1291 2603 1377 2632 enini
1394 2611 1469 2632 vero
1490 2612 1539 2633 ea.
1555 2603 1646 2642 quus
1668 2603 1786 2634 formoe

356 2658 416 2680 ter.
461 2648 522 2678 Sed
546 2647 657 2677 malim
670 2658 677 2676 z
700 2647 751 2675 ita
772 2655 846 2675 eam
860 2649 988 2674 secutus
1001 2653 1048 2674 es·
1092 2643 1242 2682 exempla
1256 2643 1351 2684 plura
1365 2648 1481 2674 notata
1493 2649 1583 2675 sunt.
1596 2654 1627 2676 v.
1641 2644 1782 2677 Turseli.

354 2703 421 2722 sem
432 2703 441 2719 .·
464 2697 502 2720 ut
521 2689 642 2728 reliqua
657 2689 723 2718 sint
744 2687 865 2727 spuria.
881 2695 957 2717 nam
980 2685 1050 2716 haec
1094 2694 1127 2724 p.
1143 2686 1217 2718 227.

355 2740 406 2764 cst
422 2735 527 2763 forma
543 2731 721 2761 Ciceronis.
1136 2728 1176 2757 89.
1192 2735 1286 2766 poene
1306 2736 1378 2757 sum
1401 2727 1562 2768 deceptus]
1587 2728 1665 2760 Non
1680 2727 1785 2765 video,

399 2780 439 2805 30
458 2771 786 2814 pandabit—subire]
819 2770 951 2801 Rectius
975 2773 1056 2808 puto
1099 2768 1175 2807 quid
1188 2767 1240 2798 hic
1250 2778 1343 2808 poene
1358 2770 1411 2799 sit.
1439 2769 1537 2801 Latet
1551 2769 1640 2803 aliud
1654 2770 1788 2802 verbum

357 2818 425 2848 sure
447 2818 586 2847 subisse.-
612 2826 688 2846 nani
713 2813 790 2843 illa:
815 2813 908 2849 dum,
928 2812 955 2842 si
977 2811 1057 2851 quad
1099 2811 1246 2850 inpaene,
1263 2815 1301 2842 ut
1316 2812 1444 2852 opinor!
