1817 3196
435 109 515 147 AD
541 106 771 146 APPIUM
797 107 1152 146 PULCHRUM.
1467 112 1518 149 53

88 219 161 254 eto
187 226 417 268 numquam
441 212 571 254 fallet.
630 210 671 252 A
693 220 735 252 te
756 211 947 252 maximo
975 225 1119 267 opere,
1139 225 1216 266 pro
1237 217 1384 253 nostra
1405 227 1518 256 sum-
1531 217 1562 248 b·

89 283 162 309 ma
189 269 496 324 conjunctione
518 278 674 323 tuaque
697 267 900 324 singulari
939 268 1220 319 humanitate,
1240 268 1371 309 etiam
1393 280 1521 325 atque

90 326 219 366 etiam
241 341 388 381 quaeso
409 336 452 366 et
472 336 586 382 pcto,
608 335 667 375 ut,
691 329 709 356 4
723 326 1066 380 quibuscumque
1084 325 1209 366 rebus
1230 326 1404 380 poteris,
1423 331 1522 381 (po-

90 383 189 422 teris
211 393 353 424 autem
384 383 611 438 plurimis,)
635 382 885 438 prospicias,
907 382 1103 424 consulas
1137 383 1375 424 rationibus
1400 383 1521 424 meis.

89 438 234 489 Vides,
267 454 321 482 ex
356 440 724 481 senatusconsulto
760 440 1025 494 provinciam
1059 453 1149 480 esse
1187 440 1442 481 habendam.
1486 441 1521 482 si

88 508 182 536 earn
212 497 369 551 (quoad
394 498 485 551 ejus
509 498 648 538 facere
671 497 848 552 poteris)
869 511 999 551 quam
1021 496 1388 552 expeditissimam
1413 497 1521 540 mihi

88 552 326 604 tradideris,
350 553 515 595 facilior
552 555 633 594 erit
664 553 767 594 mihi
791 554 910 608 quasi
944 554 1145 594 decursus
1181 553 1263 594 mei
1301 555 1520 611 temporis.

88 608 206 655 Quid
229 611 271 651 in
295 625 345 651 eo
367 625 523 666 genere
551 611 720 652 efficere
747 611 898 666 possis,
921 611 983 651 tui
1016 610 1182 651 consilii
1205 620 1283 651 est.
1344 610 1440 668 Ego
1465 621 1521 664 te,

85 666 201 720 quod
224 669 303 709 tibi
328 669 469 709 veniet
490 670 533 709 in
557 677 742 709 mentem
766 681 860 707 mea
878 668 1094 718 interesse,
1118 667 1240 708 valde
1261 682 1383 725 rogo.
1419 668 1523 710 Plu-

85 723 203 764 ribus
237 725 375 766 verbis
397 726 450 766 ad
473 735 514 767 te
535 726 779 776 scriberem,
804 725 838 764 si
871 735 944 765 aut
967 734 1042 765 tua
1073 725 1316 766 humanitas
1352 726 1523 783 longio-

85 793 175 821 rem
198 783 434 823 orationem
464 791 760 838 exspectaret3
791 791 865 822 aut
886 782 929 823 id
952 782 1043 823 fieri
1066 792 1212 823 nostra
1234 782 1426 824 amicitia
1447 799 1524 839 pa-

86 844 272 891 teretur;
303 849 376 880 aut
399 854 462 880 res
483 841 612 881 verba
629 838 902 890 desideraret,
921 854 971 881 ac
992 854 1078 879 non
1099 854 1175 895 pro
1199 853 1242 880 se
1261 839 1354 895 ipsa
1376 840 1523 896 loque-

86 903 216 936 retur.
278 895 378 939 Hoc
403 897 529 937 velim
561 897 640 938 tibi
664 896 933 952 persuadeas,
957 896 991 937 si
1024 897 1262 937 rationibus
1297 898 1401 938 meis
1425 914 1524 955 pro-

84 950 225 992 visum
259 968 350 995 esse
371 953 637 1004 intellexero,
660 968 863 1009 magnam
886 964 927 994 te
949 968 1002 995 ex
1022 968 1089 1005 eo,
1110 964 1153 995 et
1175 965 1427 1010 perpetuam
1449 971 1526 998 vo-

84 1006 295 1065 luptatem
317 1025 407 1052 esse
429 1020 670 1068 capturum.
731 1010 851 1052 Vale.

606 1110 1009 1149 ARGUMENTUM.
1538 1110 1563 1148 3

86 1175 281 1224 Significat
314 1187 351 1211 se
381 1177 496 1225 Appii
531 1176 690 1222 legatum
721 1176 911 1210 Brundisii
946 1176 1130 1214 invenisse,
1165 1187 1268 1212 suum
1306 1181 1524 1224 exspectare,

139 1240 219 1264 cum
247 1239 317 1275 quo
334 1230 497 1275 proxime
520 1229 758 1274 navigaturus
785 1228 846 1262 sit.
902 1225 1027 1273 Rogat
1055 1228 1205 1269 interea,
1237 1240 1316 1263 cum
1341 1229 1526 1276 Sulpicius

139 1279 274 1322 consul,
295 1284 421 1315 contra
438 1284 582 1316 senatus
602 1279 836 1318 voluntatem,
859 1279 1090 1325 impediisset,
1110 1291 1154 1314 ne
1169 1281 1420 1328 supplementa
1436 1284 1527 1318 scri·

137 1332 324 1373 berentur;
355 1337 395 1368 ut
414 1333 555 1380 Appius
580 1331 649 1367 sibi
667 1331 878 1374 commodet,
909 1342 973 1366 nec
1000 1331 1146 1371 milites,
1181 1344 1268 1380 quos
1298 1333 1440 1375 haheat,
1470 1335 1527 1371 di—

134 1385 273 1420 mittat.

345 1451 413 1493 M.
436 1451 486 1493 T.
511 1451 563 1493 C.
586 1450 777 1492 APPIO
802 1450 1119 1504 PULCHRO,
1143 1452 1187 1493 S.
1212 1452 1271 1494 D.

88 1509 157 1561 A.
188 1520 246 1563 D.
269 1536 336 1562 xx.
364 1520 578 1562 Kalendas
601 1519 755 1562 Junias
788 1519 1069 1561 Brundisium
1091 1535 1190 1561 cum
1214 1521 1438 1575 venissem,
1469 1523 1528 1570 Q.

87 1581 264 1631 Fabius,
296 1579 463 1634 legatus
496 1588 608 1628 tum,
636 1577 743 1617 mihi
767 1586 925 1632 praesto
949 1576 1046 1627 fuit,
1079 1591 1213 1633 eaque
1246 1593 1315 1619 me
1348 1593 1403 1620 ex
1442 1582 1526 1622 tuis

87 1636 301 1680 mandatis
330 1635 514 1685 monuit,
542 1649 638 1690 quae
671 1648 757 1675 non
788 1634 918 1675 modo
950 1634 1074 1685 mihi,
1099 1635 1150 1675 ad
1182 1649 1310 1690 quem
1342 1638 1531 1692 pertine-

89 1696 209 1745 bant,
232 1693 304 1734 sed
336 1692 536 1733 universo
571 1691 737 1732 senatui
771 1700 975 1732 venerant
1007 1690 1052 1731 in
1085 1699 1305 1744 mentein,'
1327 1695 1529 1748 praesidio

86 1751 267 1793 firmiori
297 1764 405 1805 opus
433 1763 524 1790 esse
561 1749 614 1789 ad
637 1749 764 1789 istam
799 1748 1082 1804 provinciam.
1143 1748 1392 1791 Censebant
1413 1753 1531 1794 enim

88 1823 237 1851 omnes
256 1807 359 1857 fere,
379 1815 425 1847 ut
446 1807 491 1847 in
515 1804 642 1847 Italia
664 1804 1012 1861 supplementum
1030 1805 1136 1846 meis
1158 1816 1202 1846 et
1225 1806 1372 1848 Bibuli
1394 1809 1530 1865 legio-

89 1867 218 1909 nibus
249 1865 520 1907 scriberetur.
581 1862 633 1903 Id
664 1877 763 1904 cum
795 1862 1027 1919 Sulpicius,
1048 1863 1212 1914 consul,
1240 1879 1463 1920 passurum
1486 1882 1532 1909 se

89 1932 282 1980 negaret,
303 1921 441 1962 multa
470 1935 548 1961 nos
572 1920 746 1975 quidem
768 1920 908 1974 questi
941 1933 1110 1961 sumus:
1154 1921 1226 1962 sed
1260 1933 1404 1964 tantus
1426 1939 1531 1965 con-

86 1995 234 2024 sensus
257 1988 429 2021 senatus
452 1977 549 2029 fuit,
572 1987 620 2018 ut
635 1987 801 2018 mature
825 1977 1206 2033 proficisceremur,
1225 1981 1459 2034 parendum
1482 1993 1532 2024 ut

89 2038 239 2081 fuerit:
272 2038 418 2092 itaque
449 2035 645 2076 fecimus.
708 2034 853 2085 Nunc,
876 2035 989 2089 quod
1027 2050 1052 2075 a
1084 2044 1126 2075 te
1150 2037 1254 2090 petii
1287 2037 1440 2079 litteris
1464 2039 1531 2092 iis,

89 2110 195 2151 quas
213 2095 368 2136 Romae
387 2092 616 2134 tabellariis
640 2091 723 2132 tuis
737 2091 850 2142 dedi,
872 2092 1000 2132 velim
1024 2092 1103 2133 tibi
1126 2107 1240 2134 curae
1261 2094 1329 2146 sit,
1350 2106 1411 2147 ut,
1432 2110 1531 2150 quae

91 2151 326 2194 successori
348 2150 707 2206 conjunctissimo
730 2159 774 2190 et
796 2149 1058 2189 amicissimo
1091 2151 1367 2193 commodare
1390 2164 1534 2209 potest

91 2210 143 2260 is,
165 2209 238 2264 qui
261 2207 530 2265 provinciam
553 2206 697 2256 tradit,
724 2220 775 2247 ea
796 2220 874 2261 pro
896 2215 1043 2247 nostra
1064 2208 1435 2251 consociatissima
1456 2227 1533 2253 vo·-

89 2267 273 2317 luntate,
296 2279 398 2306 cura
419 2279 469 2304 ac
487 2263 712 2319 diligentia
734 2272 809 2303 tua
829 2262 1142 2318 complectare:
1174 2274 1222 2306 ut
1239 2280 1387 2309 omnes
1408 2268 1534 2310 intel-

89 2324 245 2380 ligant,
279 2336 359 2363 nec
399 2335 468 2362 me
501 2319 832 2361 benivolentiori
866 2321 1067 2376 cuiquam
1103 2323 1345 2376 succedere,
1380 2340 1460 2368 nec
1492 2336 1640 2376 tep.3—2.

92 2378 286 2422 amiciori
310 2378 502 2434 potuisse
533 2377 800 2434 provinciam
823 2377 1002 2418 tradere.
1064 2376 1131 2420 Ex
1154 2378 1206 2420 iis
1240 2379 1407 2434 litteris,
1429 2399 1533 2439 qua·
1544 2391 1577 2411 ²⁴

92 2452 188 2480 rum
209 2437 262 2478 ad
283 2450 353 2477 me
382 2435 631 2491 exemplum
654 2434 823 2485 misisti,
846 2449 950 2490 quas
982 2435 1025 2476 in
1048 2445 1198 2477 senatu
1221 2438 1390 2480 recitari
1416 2440 1536 2481 volu-

89 2495 182 2546 isti,
205 2494 266 2535 sic
296 2492 606 2543 intellexeram,
639 2491 873 2547 permultos
896 2506 920 2532 a
952 2503 993 2532 te
1014 2493 1172 2534 milites
1199 2508 1291 2536 esse
1309 2497 1534 2542 dimissos:

94 2554 114 2583 5
138 2551 210 2593 sed
231 2549 339 2592 mihi
373 2549 532 2592 Fabius
554 2549 670 2591 idem
702 2549 1029 2602 demonstravit,
1051 2550 1096 2591 id
1125 2560 1168 2592 te
1188 2553 1403 2608 cogitasse
1421 2554 1537 2596 face-

134 2705 155 2734 4
179 2702 321 2743 quibusc.
334 2712 364 2733 r.
375 2700 510 2742 poteris]
530 2701 609 2731 Mox
623 2701 658 2731 in
679 2699 793 2731 eadem
836 2701 912 2738 eris,
927 2710 994 2732 non
1009 2711 1201 2744 repugnem.

93 2744 200 2775 {orma
219 2750 268 2775 est
277 2745 443 2785 potueris.-
473 2743 582 2782 quoad
603 2744 673 2783 ejus
687 2742 794 2773 facere
880 2746 898 2773 5
919 2745 978 2775 sed
999 2746 1180 2776 mihi—sed
1205 2745 1296 2786 cum]
1335 2745 1460 2779 Durior
1487 2755 1539 2781 est

89 2788 244 2826 potueris,
260 2796 318 2827 pro
344 2796 408 2826 quo
433 2785 507 2816 dedi
526 2786 660 2826 poteris,
675 2790 715 2815 ut
741 2789 791 2815 est
833 2784 904 2815 haec
933 2786 1085 2818 vicinitas
1119 2787 1263 2828 ejusdem
1300 2788 1399 2820 verbi.
1446 2789 1539 2822 Alte-

95 2831 130 2856 ατ
152 2828 193 2858 ad
206 2830 278 2859 Att.
291 2828 355 2866 xl,
374 2830 422 2860 12.
437 2832 472 2858 et
484 2828 529 2858 sic
544 2828 578 2857 in
591 2827 654 2857 Gu.
670 2830 704 2857 2.
728 2830 790 2857 est.
835 2836 909 2857 rum
921 2832 1002 2867 puto
1013 2838 1081 2860 esse
1091 2839 1109 2861 e
1121 2830 1237 2863 vitiosa
1248 2832 1455 2872 repetitione.
1471 2844 1539 2865 rne-

82 2869 128 2905 ·δί
142 2869 213 2911 quis
225 2875 339 2904 tamen
359 2871 394 2903 in
408 2870 515 2913 primo
529 2868 792 2911 malueritpotu-
834 2868 898 2900 lius
913 2870 1068 2904 abfuerit.

784 2917 861 2954 ΕΒ
