1903 3218
319 80 398 115 24⁶2.
688 77 869 118 EPIST.
895 72 1083 117 LIBER
1108 77 1375 119 DECIMUS

324 179 413 235 puli
439 178 638 233 Romani,
657 191 700 224 et
730 197 827 224 cum
851 192 1019 224 senatus
1050 182 1305 224 auctoritate
1326 181 1618 237 conjunxeris.
1678 179 1754 222 Se·

313 251 453 293 Junge
475 246 531 289 te,
553 253 714 294 quaeso,
729 240 956 294 aliquando
979 239 1064 282 ab
1056 241 1120 290 iis,
1139 254 1237 281 cum
1268 238 1423 294 quibus
1452 246 1495 280 te
1520 252 1604 279 non
1628 246 1750 278 tuum

317 294 547 349 ιῇιιόἰείιιιῑι,
571 296 642 338 sed
669 307 908 352 tempotum
933 297 1072 338 vincla
1100 298 1434 352 conjunxeiQunt
1496 293 1751 350 Complures

325 351 368 392 in
399 354 721 408 perturbatione
754 354 999 417 reipublicae
1031 353 1225 394 consules
1251 353 1381 394 dicti:
1414 365 1592 407 quorum
1624 364 1750 392 nemo

324 409 557 450 consularis
579 410 766 460 habitus,
789 411 870 450 nist
899 410 970 464 qui
995 410 1138 450 animo
1168 410 1338 451 exstitit
1367 410 1409 450 in
1440 407 1751 464 rempublicam

324 466 471 507 consul
476 468 571 507 aris.
631 466 778 507 Talem
802 467 933 521 igitur
955 475 995 506 te
1017 480 1106 506 esse
1128 475 1312 521 oportet,
1328 467 1400 522 qui
1426 468 1611 529 primum
1633 474 1675 505 te
1697 465 1752 505 ab

327 522 555 578 impiorum
582 523 756 572 civium,
781 524 841 563 tui
871 522 1266 572 dissimillimorum,
1294 532 1441 564 societ
1443 532 1498 564 ite
1526 522 1751 586 sejungas:

194 597 226 628 p.
245 588 311 619 147.
325 578 477 620 deinde
498 589 542 619 et
570 580 750 629 senatui,
773 579 981 634 bonisque
1009 579 1208 619 omnibus
1240 589 1473 630 auctorem,
1497 578 1750 642 principem,

281 638 312 659 ³·
326 636 477 676 ducem
512 637 730 700 pr-ae'beas:
764 647 995 700 postremo,
1020 646 1064 676 ut
1098 649 1244 691 pacem
1278 650 1368 677 esse
1393 637 1563 700 judices
1595 650 1680 677 non
1708 634 1751 675 in

288 1182 310 1221 7

282 2402 313 2432 b.

324 694 451 733 armis
480 693 646 756 positis,
667 693 739 734 sed
774 694 817 733 in
846 692 1019 758 abjecto
1048 706 1261 733 armorum
1295 701 1339 733 et
1370 693 1586 734 servitutis
1619 702 1752 733 metu.

326 749 437 791 Haec
466 765 498 790 Si
531 760 613 790 εει
602 765 718 805 ages,
753 759 796 790 et
828 751 999 799 senties,
1025 759 1116 790 tum
1152 749 1233 789 eris
1264 763 1349 790 non
1383 750 1511 790 modo
1543 749 1753 791 consulet

322 806 570 855 consularis,
604 807 676 847 sed
710 820 890 862 magnus
921 806 1050 846 etiam
1083 815 1126 846 et
1155 806 1305 847 consul
1334 815 1377 846 et
1407 806 1654 847 consularis.
1686 807 1752 846 sin

322 863 467 904 aliter:
511 873 584 903 tua
624 863 667 903 in
706 863 799 904 istis
830 863 1102 919 amplissimis
1137 863 1383 904 nominibus
1415 862 1627 904 honorum
1665 875 1753 904 uon

324 920 453 960 modo
494 920 682 974 dignitas
724 919 840 961 nulla
881 921 976 971 erit,
1010 923 1046 951 15
1063 920 1134 961 sed
1168 920 1250 960 eiit
1287 927 1453 960 summa
1487 918 1751 961 deformitas.

325 976 452 1027 Haec,
494 952 700 1032 imopulsus
753 976 1060 1027 benivolentia,
1106 977 1306 1032 16scripsi
1352 975 1496 1032 paullo
1540 976 1750 1018 severius:

322 1049 419 1089 quae
444 1043 488 1073 tu
526 1037 557 1066 17
574 1034 882 1090 experiendo,
872 1048 916 1074 in
947 1049 998 1075 ea
1019 1034 1199 1084 ratione,
1220 1049 1317 1089 quae
1340 1042 1382 1074 te
1402 1034 1535 1090 digna
1554 1042 1633 1086 est,
1656 1046 1755 1075 vera

323 1105 413 1132 esse
435 1105 686 1147 cognosces.
719 1091 777 1133 D.
801 1105 916 1132 xlii.
941 1090 1040 1132 Kal.
1059 1090 1236 1147 Aprilis.

861 1174 1263 1212 ARGUMENTUM.

326 1237 479 1275 Causam
513 1237 700 1274 brevitatis
734 1238 884 1277 indicat,
921 1243 955 1273 et
981 1239 1094 1274 studii
1129 1240 1167 1274 in
1194 1249 1304 1285 remp.
1339 1238 1396 1272 sui
1422 1238 1534 1273 serius
1558 1235 1756 1286 patefacti,

619 1301 790 1337 suamque
809 1291 1025 1336 dignitatem
1046 1290 1209 1325 Ciceroni
1228 1290 1462 1326 commendat.

719 1355 1001 1398 PLANCUS
1036 1355 1357 1398 CICERONI.

326 1411 541 1464 PLURA
565 1423 642 1463 tibi
665 1423 718 1463 de
741 1423 844 1464 meis
866 1423 1056 1464 consiliis
1079 1425 1322 1474 scriberem,
1345 1423 1640 1478 rationemque
1663 1436 1755 1464 om-

322 1480 441 1521 nium
465 1494 603 1520 rerum
628 1480 848 1521 redderem
878 1480 1112 1531 verbosum,
1135 1495 1221 1534 quo
1247 1480 1383 1536 magis
1407 1479 1642 1534 judicares,
1662 1494 1755 1521 om—

323 1537 393 1577 nia
415 1551 482 1577 me
506 1537 753 1592 reipublicae
786 1537 1050 1593 praestitisse,
1072 1551 1169 1592 qua
1192 1546 1234 1577 et
1257 1545 1331 1577 tua
1356 1536 1660 1577 exhortatione
1679 1550 1756 1577 ex-

321 1593 431 1649 cepi,
453 1603 496 1634 et
517 1607 612 1634 mea
633 1593 919 1636 affirmatione
949 1594 1029 1635 tibi
1052 1594 1208 1649 recepi,
1230 1597 1335 1647 (non
1359 1594 1499 1636 minus
1521 1593 1637 1635 enim
1659 1607 1685 1634 a
1714 1603 1756 1635 te

321 1651 509 1706 probaii,
537 1664 668 1706 quam
695 1649 818 1707 diligi
847 1665 1015 1716 sempei
1040 1650 1184 1692 volui:
1217 1664 1296 1692 nec
1322 1660 1362 1691 te
1393 1651 1530 1707 magis
1555 1651 1598 1691 in
1629 1648 1757 1706 culpa

320 1708 588 1749 defensorem
626 1707 732 1749 mihi
771 1709 932 1772 paravi,
970 1722 1099 1764 quam
1138 1685 1490 1764 praedicatoremo
1506 1707 1756 1749 meritorum

322 1779 515 1806 meorum
545 1778 636 1805 esse
668 1764 809 1806 volui·
800 1766 831 1815 :)
858 1766 931 1807 sed
962 1765 1200 1806 breviorem
1236 1778 1304 1805 me
1335 1765 1432 1806 duae
1467 1778 1529 1804 res
1565 1763 1755 1806 faciunt:

321 1837 421 1872 una,
451 1821 565 1877 quod
595 1821 778 1877 publicis
808 1822 960 1863 litteris
989 1822 1136 1864 omnia
1169 1835 1262 1863 sum
1296 1829 1572 1877 persecutus:
1609 1820 1756 1872 altera,

321 1879 438 1935 quod
460 1878 526 1920 Μ.
542 1878 820 1943 Vaiisidium,
834 1880 1023 1934 equitem
1043 1878 1305 1943 Romanum,
1324 1878 1577 1920 familiarem
1597 1891 1755 1927 meum,

322 1937 460 1992 ipsum
486 1936 539 1978 ad
560 1945 601 1976 te
624 1935 944 1991 tramirejussi,
963 1950 1016 1977 ex
1040 1951 1126 1991 quo
1148 1936 1294 1978 omnia
1312 1949 1573 1991 cognoscere
1596 1948 1755 1990 posses.

324 1993 441 2045 Non,
464 1992 629 2035 medius
652 1993 792 2057 fidius,
813 1993 1019 2034 mediocri
1041 1992 1188 2034 dolore
1216 1992 1448 2043 afficiebar,
1471 2006 1569 2033 cum
1591 1990 1662 2033 alii
1682 2006 1756 2034 oc-

323 2064 480 2106 cupare
517 2050 827 2115 possessionem
869 2049 1004 2091 laudis
1045 2050 1314 2091 viderentur:
1363 2049 1434 2090 sed
1479 2063 1611 2105 usque
1642 2048 1755 2090 mihi

324 2107 576 2163 temperavi,
597 2106 700 2148 dum
731 2107 1006 2164 perducerem
1031 2120 1082 2149 eo
1113 2121 1217 2171 rem,
1240 2116 1287 2148 ut
1316 2105 1495 2162 dignum
1523 2105 1683 2162 aliquid
1712 2116 1757 2146 et

322 2165 546 2206 consulatu
587 2177 696 2213 mec,
727 2176 772 2205 et
806 2174 945 2207 vestra
975 2164 1299 2219 exspectatione
1335 2164 1564 2205 efficerem.
1625 2162 1757 2210 Quod

323 2236 463 2285 spero,
490 2222 523 2262 si
558 2235 625 2261 me
656 2219 829 2262 fortuna
860 2236 944 2262 non
976 2220 1189 2271 fefellerit,
1224 2236 1292 2261 me
1322 2229 1678 2262 consecuturum·
1710 2228 1758 2260 ut

323 2279 516 2320 maximo
552 2277 753 2332 praesidio
787 2279 1034 2335 reipublicae
1068 2293 1144 2319 nos
1177 2278 1320 2328 tuisse,
1353 2287 1395 2319 et
1427 2292 1540 2319 nunc
1570 2276 1757 2319 sentiant

326 2335 535 2386 homines,
561 2345 603 2374 et
632 2335 674 2374 in
706 2347 801 2390 post
788 2350 922 2376 erum
954 2337 1159 2377 memoria
1189 2344 1374 2376 teneant
1436 2335 1476 2376 A
1500 2344 1542 2375 te
1573 2342 1686 2390 peto,
1709 2341 1758 2374 ut

327 2391 528 2447 dignitati
553 2405 657 2432 meae
682 2391 951 2448 suffrageris:
982 2405 1040 2441 et,
1058 2408 1237 2447 quarum
1257 2406 1395 2434 ierum
1418 2405 1491 2447 spe
1512 2392 1565 2432 ad
1587 2389 1756 2431 laudem

328 2464 395 2490 me
430 2448 606 2499 vocasti,
643 2447 791 2489 harum
826 2449 968 2490 tinctu
1001 2451 1043 2490 in
1078 2451 1283 2505 reliquum
1323 2448 1454 2494 facias
1493 2447 1756 2489 alacriorem.

369 2581 405 2609 15
427 2577 482 2609 sed
494 2579 556 2607 erit
578 2586 706 2607 summa
722 2576 804 2616 ᾱςιί]
831 2577 869 2610 ln
886 2583 1017 2618 promtu
1107 2579 1143 2610 lG
1169 2578 1296 2618 scripsi]
1342 2579 1443 2609 Abest
1471 2576 1535 2608 Ms.
1571 2585 1656 2608 meo.
1693 2579 1762 2608 non

333 2630 371 2652 -st
389 2632 437 2652 (υ.
439 2622 525 2659 rigel
515 2629 547 2650 re
561 2619 737 2649 sedetiam.
755 2629 830 2650 nani
848 2621 924 2659 iulg·
906 2627 1018 2651 natum
1062 2621 1160 2652 male.

323 2674 366 2693 no
372 2674 389 2693 ιι
413 2664 492 2693 >sitis
517 2661 634 2700 piam-‚t
657 2669 689 2691 et
715 2661 771 2691 ina
794 2664 944 2702 repetitio
968 2663 1021 2693 τοῦ
1107 2666 1142 2697 17
1165 2662 1401 2701 ineaperiendo
1417 2662 1450 2691 in
1466 2671 1505 2691 ea
1523 2659 1664 2701 ratione]
1689 2658 1757 2690 De-

324 2708 408 2735 rit:
430 2716 460 2736 s:
459 2706 485 2736 d
499 2701 691 2745 simpliciter
706 2714 723 2743 p
716 2713 761 2732 iso
766 2710 778 2734 t
794 2714 855 2735 nvn
880 2705 969 2735 modo
985 2715 1017 2735 η.
1063 2706 1081 2734 l
1075 2706 1122 2734 evi
1149 2706 1193 2741 in,
1209 2704 1295 2743 quod
1316 2705 1429 2737 Cicero
1446 2705 1480 2734 in
1494 2703 1555 2734 hac
1568 2703 1677 2734 forma
1691 2709 1760 2732 non

325 2748 399 2783 dici,
416 2757 469 2777 ιιο·
472 2759 479 2777 1
496 2750 627 2785 ignoro.
669 2745 705 2775 ln
723 2745 785 2776 Ms.
802 2756 874 2777 meo
891 2756 954 2776 non
971 2760 993 2777 c·
991 2754 1020 2777 st
1062 2747 1167 2778 addit:
1193 2748 1347 2787 abestque
1369 2758 1389 2777 a
1411 2746 1474 2777 Ms.
1497 2755 1584 2783 meo,
1598 2745 1649 2777 ed.
1666 2744 1756 2777 Med.

327 2790 379 2818 red
391 2791 452 2819 erit
467 2800 485 2820 a
500 2799 545 2818 in.
564 2797 613 2827 pr.
631 2786 840 2828 additumque
855 2793 904 2820 est
928 2794 1020 2819 extra
1062 2799 1135 2829 quse
1150 2796 1182 2820 et
1197 2790 1340 2821 alterum
1356 2791 1389 2820 in
1404 2798 1469 2820 non
1486 2787 1596 2820 habet.

325 2835 514 2862 contextum
532 2839 549 2860 a
567 2839 609 2859 ni.
626 2839 688 2860 see.
