1865 3223
335 122 410 157 429.
585 119 760 159 EPIST.
788 119 969 157 LIBER
995 121 1494 171 SEXTUSDEOEMUS

337 220 594 262 inhumanus
626 231 705 274 est,
735 233 779 264 et
810 232 850 263 te
873 223 986 264 visus
1013 233 1078 265 est
1103 225 1207 267 mihi
1240 226 1431 281 diligere,
1466 235 1512 268 ut
1546 228 1580 268 is
1613 234 1754 269 tecum

337 287 471 319 esset:
503 288 546 319 et
567 293 664 320 cum
686 293 736 321 eo
758 294 924 330 cocum,
947 295 1032 335 quo
1056 291 1185 323 utere.
1246 281 1363 323 Vale.

275 355 288 389 l
298 349 324 390 6
847 353 955 389 ARG
961 353 1244 392 UMENTUM.

391 403 543 445 Quintus
550 404 673 453 fratri
690 406 733 441 de
755 405 884 440 Tirone
901 407 1116 441 manumisso
1134 411 1169 441 et
1185 410 1326 454 gratias
1344 410 1421 456 agit
1440 412 1475 443 et
1491 407 1713 456 gratulatur.

199 476 233 508 P·
251 469 324 500 2⁶³·
522 471 577 518 Q.
602 471 654 512 C.
687 471 754 512 M.
780 470 1082 512 CICERONI
1107 472 1332 515 FRATRI
1365 476 1408 515 S.
1433 475 1483 515 P.
1505 474 1568 516 D.

291 524 435 578 ξι’1)Ῐί
470 537 642 587 Tirone,
681 539 738 578 mi
783 538 946 589 Marce,
982 539 1041 578 ita
1073 548 1129 589 te,
1159 554 1384 596 meumque
1416 542 1683 592 Ciceronem,
1709 549 1753 583 et

330 609 467 635 meam
501 593 744 645 Tulliolam,
777 604 983 650 tuumque
1007 595 1139 636 filium
1165 597 1344 647 videam,
1366 609 1414 638 ut
1435 599 1538 639 mihi
1563 598 1754 654 gratissi-

327 666 443 691 mum
470 651 623 700 fecisti,
645 654 796 692 25cu1n
815 666 926 702 eum,
951 652 1175 707 indignum
1199 653 1268 693 illa
1295 653 1479 705 fortuna,
1505 656 1627 696 nobis
1645 655 1752 696 ami-

328 722 441 757 cum,
464 722 589 762 quam
611 722 777 748 servum
797 723 886 748 esse
910 708 1112 749 maluisti.
1173 709 1289 749 Mihi
1312 710 1449 761 crede,
1472 713 1555 752 tuis
1577 722 1619 752 et
1642 711 1753 752 illius

327 765 478 804 litteris
515 764 726 820 perlectis,
760 764 912 805 exsilui
953 766 1126 819 gaudio,
1156 776 1199 806 et
1233 767 1310 806 tibi
1341 776 1384 806 et
1416 781 1497 822 ago
1524 769 1681 822 gratias
1712 778 1755 809 et

328 821 532 876 gratulor.
593 820 636 860 Si
669 823 782 861 euim
818 821 922 861 mihi
957 822 1083 862 Statii
1114 822 1154 852 2⁶
1168 822 1347 863 fidelitas
1377 834 1441 863 est
1470 834 1600 865 tantae
1635 824 1754 865 volu-

328 878 459 933 ptati:
492 877 639 932 quanti
670 892 760 918 esse
788 878 829 918 in
866 878 947 918 isto
975 878 1067 918 haee
1089 879 1235 919 eadem
1266 880 1376 920 bona
1396 879 1567 929 debent,
1600 881 1755 922 additis

325 934 491 983 litteris,
514 935 795 984 sermonibus,
830 934 1109 985 humanitate,
1145 950 1241 990 quae
1276 945 1372 976 suut
1405 936 1471 976 his
1505 937 1606 992 ipsis
1633 951 1751 978 eom-

325 992 463 1031 modis
490 992 683 1046 potiora?
715 990 827 1031 Amo
859 1001 898 1031 te
927 992 1124 1032 omnibus
1143 992 1339 1047 equidem
1363 993 1560 1034 maximis
1582 994 1633 1034 de
1652 1007 1752 1034 cau-

326 1048 395 1097 sis,
420 1048 714 1097 verumetiam
740 1058 912 1103 propter
935 1048 1060 1099 hanc,
1094 1049 1157 1089 vel
1181 1050 1293 1103 quod
1318 1049 1420 1089 mihi
1448 1050 1522 1099 sic,
1555 1059 1600 1091 ut
1621 1049 1754 1091 debu-

322 1105 408 1154 isti,
444 1105 664 1145 nuntiasti.
724 1104 785 1145 Te
813 1115 950 1145 totum
976 1105 1017 1145 in
1041 1105 1191 1146 litteris
1216 1106 1316 1146 vidi.
1367 1106 1514 1147 Sabini
1546 1106 1686 1163 pueris
1708 1115 1751 1147 et

325 1161 500 1217 promisi
525 1161 684 1212 omnia,
706 1172 748 1203 et
772 1161 940 1202 faciam.

264 1239 309 1279 17
833 1235 1232 1273 ARGUMENTUM.

355 1287 520 1323 Tironem
539 1288 696 1322 modeste
713 1288 954 1335 reprehendit,
975 1290 1070 1335 quod
1088 1290 1256 1324 adverbio
1275 1287 1437 1324 fideliter
1454 1300 1524 1324 non
1542 1292 1637 1325 recte
1653 1299 1737 1324 usus

610 1338 754 1388 fuerat.
773 1345 807 1375 et
828 1346 865 1375 ut
886 1340 1086 1375 valetudini
1102 1342 1247 1380 serviat,
1269 1342 1450 1376 admonet.
1483 1384 1489 1392 ⁸

680 1405 746 1445 M.
770 1405 820 1446 T.
845 1405 895 1446 C.
928 1404 1153 1446 TIRONI
1187 1407 1231 1449 S.
1254 1406 1303 1447 Ρ.
1326 1406 1382 1447 D.

321 1459 544 1522 VIDEO,
560 1473 662 1526 quid
685 1487 801 1528 agas.
820 1482 1097 1527 tuasquoque
1111 1473 1310 1528 epistolas
1328 1473 1390 1512 vis
1413 1471 1558 1513 referri
1574 1472 1614 1512 in
1630 1472 1750 1514 volu-

318 1530 449 1569 mina.
465 1530 546 1570 Sed
562 1529 665 1570 heus
681 1539 742 1579 tu,
756 1529 828 1583 qui
840 1533 939 1569 κανὼν
953 1543 1042 1569 esse
1058 1544 1248 1570 meorum
1264 1528 1518 1585 scriptorum
1533 1529 1655 1579 soles,
1674 1544 1750 1570 un-

319 1585 583 1627 deilludtam
608 1589 740 1641 ἅκυξον,
765 1598 1066 1626 vALlTUDINl
1086 1600 1353 1628 mol-:ursa
1374 1588 1752 1628 1NSERV1ENDO?

320 1642 446 1683 Unde
479 1643 521 1683 in
546 1643 677 1684 istum
713 1642 854 1683 locum
894 1656 1163 1684 r1nEL1TER
1188 1644 1331 1684 venit?
1362 1643 1431 1683 cui
1455 1643 1585 1683 verbo
1611 1642 1750 1683 domi-

318 1698 465 1740 cilium
502 1708 565 1739 est
609 1699 827 1754 proprium
868 1699 909 1739 in
950 1700 1120 1741 officio:
1172 1700 1450 1755 migrationes
1486 1699 1528 1739 in
1565 1699 1750 1741 alienum

318 1756 482 1797 multae.
543 1755 655 1796 Nam
681 1766 722 1796 et
745 1757 955 1806 doctrina,
985 1765 1027 1796 et
1049 1757 1215 1807 domm,
1249 1766 1292 1797 et
1318 1771 1398 1807 ars,
1420 1765 1462 1796 et
1484 1770 1584 1811 ager
1605 1757 1749 1807 etiam,

319 1812 456 1853 fidelis
493 1812 577 1853 dici
618 1822 782 1868 potest:
827 1823 872 1851 ut
907 1813 976 1862 sit,
1008 1814 1225 1866 quomodo
1259 1812 1558 1867 Theophrasto
1597 1812 1751 1867 placet,

320 1869 560 1910 verecunda
579 1868 763 1909 tralatio.
826 1869 907 1909 Sed
934 1871 1024 1908 haec
1053 1885 1212 1911 coram.
1274 1869 1519 1910 Demetrius
1553 1870 1667 1909 venit
1698 1870 1752 1911 ad

317 1940 410 1966 me:
444 1929 577 1979 27qu0
600 1926 772 1979 quidem
796 1925 1002 1965 comitatu
1027 1930 1252 1978 οἰφωμίληο-οιε
1287 1926 1387 1966 satis
1409 1926 1505 1966 scis.
1563 1924 1626 1966 Tu
1651 1939 1749 1967 eum

321 1982 520 2022 videlicet
562 1997 647 2023 non
688 1982 866 2038 potuisti
907 1981 1062 2022 videre.
1095 1997 1186 2023 cras
1217 1982 1367 2023 aderit.
1404 1981 1567 2022 videbis
1603 1982 1751 2037 igitur.

319 2037 431 2080 Nam
456 2053 537 2093 ego
574 2039 675 2079 hinc
712 2038 911 2094 perendie
946 2053 1070 2079 mune
1108 2039 1270 2094 cogito.
1333 2038 1536 2078 Valitudo
1570 2047 1643 2078 tua
1682 2053 1748 2080 me

321 2095 440 2136 valde
461 2096 687 2138 sollicitat:
720 2096 791 2136 sed
824 2095 994 2144 inservi,
1028 2104 1070 2135 et
1098 2095 1165 2136 fae
1193 2095 1351 2135 omnia.
1386 2104 1476 2135 tum
1507 2104 1548 2135 te
1580 2109 1748 2137 mecum

276 2162 306 2192 b.
320 2166 423 2202 esse,
459 2164 545 2193 tum
579 2152 683 2193 mihi
719 2152 1056 2193 cumulatissime
1085 2152 1328 2193 satisfacere
1355 2162 1521 2206 putato.
1582 2151 1747 2207 Cuspio

320 2209 433 2263 quod
465 2223 638 2264 operam
674 2209 844 2260 dedisti,
876 2208 980 2249 mihi
1013 2219 1183 2265 gratum
1214 2218 1292 2250 est.
1352 2208 1487 2249 Valde
1516 2207 1630 2249 enim
1656 2209 1749 2265 ejus

321 2280 448 2306 causa
472 2265 583 2306 volo.
631 2265 749 2308 Vale.

258 2318 307 2356 18
831 2322 1231 2360 ARGUMENTUM.

318 2375 465 2411 Liberto
503 2376 626 2411 Tironi
661 2375 861 2423 respondet,
890 2377 1039 2422 patroni
1071 2377 1227 2415 nomina,
1259 2386 1304 2410 ne
1332 2375 1507 2410 invidiam
1524 2373 1669 2422 serant,
1689 2377 1749 2411 de·

363 2429 541 2475 precanti.
597 2427 658 2462 De
674 2428 880 2463 valetudine
896 2428 1121 2474 gratulatur,
1141 2429 1198 2463 cui
1222 2432 1262 2463 ut
1280 2427 1467 2474 indulgeat
1485 2432 1615 2463 monet.
1668 2428 1746 2463 Ad-

366 2480 489 2515 miscet
508 2479 597 2515 alia.

353 2587 393 2615 25
416 2595 490 2615 cum
506 2595 579 2615 eum
595 2586 769 2624 indignum
790 2585 852 2626 ²⁴·f·
869 2596 908 2616 ac
923 2587 1009 2616 nohis
1052 2586 1185 2616 verbum
1199 2585 1341 2624 aliquod,
1357 2590 1395 2615 ut
1411 2585 1559 2622 liberum,
1574 2585 1704 2615 excidit.

310 2628 453 2657 amicum
469 2627 543 2666 ὄζω]
564 2628 643 2658 Haec
660 2638 725 2658 non
740 2634 817 2658 sunt
833 2629 909 2658 satis
921 2638 1008 2658 sana.
1093 2628 1403 2668 96fidel1'cas—hoec
1424 2627 1533 2655 eadem
1551 2627 1644 2666 bona]
1671 2626 1746 2657 Non

310 2677 426 2709 nempe
441 2680 481 2699 ιι(-
500 2670 643 2700 alienum
659 2675 720 2706 est,
737 2679 811 2699 naui
829 2670 912 2700 ratio
932 2671 1007 2700 ficti
1052 2675 1203 2700 accurate
1225 2670 1294 2699 haec
1317 2670 1374 2699 sibi
1404 2668 1600 2706 respondent
1622 2670 1746 2699 forma:

308 2714 343 2740 et
357 2711 480 2741 factum
495 2722 561 2741 nen
578 2713 622 2741 sic
635 2712 841 2751 copulantur.
879 2712 1007 2747 Deleri,
1052 2711 1107 2742 sed
1117 2721 1223 2742 sensu.
1237 2711 1360 2742 namin
1374 2709 1531 2740 fidelitate
1546 2710 1651 2741 multa
1663 2710 1748 2740 bona

310 2758 346 2780 ut
364 2753 435 2789 jam
454 2753 623 2783 Manutius
649 2753 738 2784 fecit.
760 2755 791 2783 in
813 2754 876 2783 Ms.
894 2762 1007 2783 nostro
1052 2754 1177 2784 insunt.

309 2798 358 2823 est
372 2793 573 2833 illctsortuna
588 2797 658 2825 hac.
672 2805 788 2835 nempe
801 2795 855 2825 alii
866 2793 1006 2825 habuere
1092 2799 1129 2829 27
1167 2805 1227 2835 quo
1254 2805 1283 2835 q.
1313 2804 1341 2825 c.
1378 2792 1573 2834 ιἰφωμίληη]
1613 2803 1643 2823 v.
1672 2793 1744 2824 Ind.

308 2835 530 2874 illasortuuu,
544 2836 749 2877 aliisortuna
769 2839 839 2868 lmc.
855 2837 915 2867 nisi
930 2847 1006 2868 vero
1050 2837 1155 2868 Graee.
