1865 3223
475 105 556 144 An
583 106 625 144 c,
651 91 914 142 cassmM
939 99 1016 138 ET
1039 100 1226 140 Amos,
1498 112 1574 146 315

145 210 312 262 studiis,
349 223 599 265 summaque
633 204 856 248 modestiae
890 202 1020 245 fama.
1081 204 1181 250 Qua
1210 219 1264 246 ex
1296 220 1340 246 re
1369 217 1574 262 quantam

146 267 411 325 voluptatem
443 265 645 322 ceperim,
677 262 785 304 scire
812 271 949 317 poteS,
977 260 1108 302 etiam
1130 275 1198 302 me
1229 270 1411 304 tacente.
1474 264 1573 306 Non

145 324 261 366 enim
283 323 435 375 nescis,
455 321 604 379 quanti
636 330 677 361 te
706 318 880 368 faciam,
901 329 944 359 et
965 332 1110 373 quam,
1134 332 1209 373 pro
1231 329 1378 360 nostro
1401 323 1575 362 veterri-

147 395 220 422 mo
244 380 547 435 verissimoque
568 390 726 427 amore,
748 375 949 416 omnibus
971 375 1070 427 tuis,
1092 376 1220 416 etiam
1245 376 1434 416 minimis
1458 392 1576 418 com-

146 438 301 488 modis,
323 452 409 478 non
440 435 569 477 modo
601 444 721 475 tanto
755 434 883 484 bono,
905 432 1130 488 gaudeam.
1193 432 1293 473 Noli
1327 444 1490 488 putare,
1520 435 1577 476 mi

149 493 319 545 Cicero,
343 508 408 534 me
429 493 512 533 hoc
533 492 708 533 auribus
730 490 814 531 tuis
836 489 959 531 dare:
985 489 1090 530 nihil
1112 489 1382 531 adolescente
1403 500 1492 541 tu0‚
1514 500 1579 532 at-

147 565 232 606 que
259 551 366 592 adeo
396 558 556 599 nostro,
593 548 719 601 (nihil
749 547 863 588 enim
897 546 1001 587 mihi
1033 561 1058 587 a
1088 556 1131 587 te
1161 556 1302 602 potest
1323 561 1414 588 esse
1436 547 1580 602 sejun-

147 608 302 658 ctum,)
324 616 396 647 aut
415 605 640 647 amabilius
658 605 859 646 omnibus
881 603 947 655 iis,
969 604 1042 658 qui
1065 603 1249 645 Athenis
1268 615 1382 655 sunt,
1404 615 1482 655 est,
1505 616 1580 645 aut

147 664 378 705 studiosius
413 677 556 704 earum
589 663 759 711 artium,
790 675 893 716 quas
929 670 972 701 tu
1009 661 1199 702 maxime
1227 676 1358 712 amas,
1390 661 1470 702 boc
1500 671 1578 712 est,

145 721 421 776 optimarum.
475 719 628 775 Itaque
653 720 746 769 tibi,
768 718 883 773 quod
908 732 1004 759 vere
1027 718 1166 759 facere
1185 733 1374 774 possum,
1398 718 1580 759 libenter

144 790 316 832 quoque
337 776 543 832 gratulor,
567 790 644 817 nec
674 776 814 816 minus
836 774 966 815 etiam
990 775 1139 817 nobis:
1171 776 1286 830 quod
1308 789 1421 825 eum,
1452 789 1578 830 quem

147 847 319 875 necesse
334 842 424 875 erat
439 833 633 890 diligere,
655 832 977 888 qualiscumque
996 842 1121 882 esset,
1144 833 1270 873 talem
1290 832 1512 883 babemus,
1536 841 1582 873 ut

146 889 329 931 libenter
356 904 528 946 quoque
557 890 801 946 diligamus
862 889 950 935 Qui
981 903 1080 930 cum
1107 889 1209 930 mihi
1233 889 1275 930 in
1300 903 1494 931 sermone
1516 889 1580 930 in-

143 947 335 1002 jecisset,
371 962 414 988 se
447 949 553 989 velle
591 948 739 988 Asiam
773 947 921 997 visere,
959 961 1045 987 non
1082 947 1212 988 modo
1252 947 1472 997 invitatus,
1509 947 1580 988 sed

146 1005 275 1045 etiam
297 1014 472 1060 rogatus
488 1015 550 1046 est
571 1019 596 1045 a
615 1018 696 1054 me,
718 1013 766 1045 ut
785 1003 830 1044 id
850 1004 1121 1060 potissimum
1143 1004 1268 1045 nobis
1284 1004 1582 1045 obtinentibus

147 1061 415 1117 provinciam
439 1061 613 1104 faceret.
646 1060 728 1102 Cui
752 1075 829 1101 nos
851 1070 895 1101 et
915 1062 1093 1102 caritate
1115 1070 1158 1102 et
1179 1075 1324 1102 amore
1343 1073 1465 1102 tuum
1488 1061 1585 1102 offi-

148 1118 265 1159 cium
302 1128 578 1174 praestaturos
608 1133 695 1160 non
726 1117 856 1159 debes
886 1117 1098 1159 dubitare.
1160 1117 1269 1159 Illud
1300 1132 1472 1173 quoque
1502 1118 1584 1158 erit

149 1175 276 1216 nobis
296 1190 428 1227 ουτω,
450 1185 498 1217 ut
521 1175 754 1231 Cratippus
786 1189 871 1215 una
891 1188 989 1215 cum
1012 1189 1063 1215 eo
1086 1175 1156 1225 sit,
1179 1189 1233 1216 ne
1255 1186 1395 1231 puteS‚
1417 1176 1460 1216 in
1480 1175 1584 1216 Asia

149 1234 190 1263 55
205 1230 403 1273 feriatum
426 1232 544 1275 illum
567 1233 622 1273 ab
642 1234 694 1272 iis
715 1231 882 1281 studiis,
912 1232 954 1271 in
983 1245 1080 1286 quae
1105 1241 1177 1272 tua
1198 1233 1498 1273 cohortatione
1521 1234 1585 1274 in-

150 1288 323 1340 citatur,
345 1289 555 1331 futurum.
617 1288 728 1330 Nam
753 1287 870 1329 illum
895 1297 1105 1343 paratum,
1129 1297 1176 1328 ut
1195 1289 1334 1340 video,
1358 1298 1401 1329 et
1421 1290 1586 1346 ingres-

149 1342 244 1386 sum
266 1346 394 1401 pleno
415 1346 566 1402 gradu,
595 1345 812 1387 cohortari
834 1359 920 1385 non
950 1345 1300 1398 intermittemus,
1321 1360 1407 1402 quo
1430 1347 1472 1387 in
1495 1346 1586 1387 dies

148 1401 343 1458 longius,
372 1403 578 1444 discendo
614 1403 942 1457 exercendoque
977 1417 1035 1453 se,
1075 1403 1294 1457 procedat.
1356 1402 1443 1444 Vos
1482 1403 1586 1459 quid

146 1459 330 1516 ageretis
353 1460 396 1500 in
420 1459 656 1516 republica,
680 1474 779 1500 cum
799 1459 874 1500 has
891 1459 1054 1500 litteras
1076 1459 1247 1511 dabam,
1271 1475 1357 1501 non
1381 1461 1585 1502 sciebam.

147 1515 390 1558 Audiebam
411 1517 608 1572 quaedam
631 1516 892 1567 turbulenta,
914 1531 1010 1572 quae
1031 1516 1194 1558 scilicet
1211 1519 1341 1574 cupio
1360 1531 1451 1558 esse
1468 1517 1588 1572 falsa,

150 1582 199 1614 ut
221 1573 451 1629 aliquando
472 1574 612 1615 otiosa
633 1574 831 1615 libertate
853 1572 1067 1615 fruamur:
1090 1574 1204 1629 quod
1232 1575 1293 1616 vel
1317 1574 1494 1615 minime
1516 1575 1589 1616 ad·
1601 1580 1633 1612 b.

149 1629 235 1671 huc
265 1630 371 1672 mihi
401 1631 603 1687 contigit.
666 1629 761 1687 Ego
790 1641 931 1671 tamen
965 1639 1114 1671 nactus
1141 1632 1184 1672 in
1214 1632 1491 1687 navigatione
1514 1647 1592 1673 no-

151 1696 240 1728 stra
262 1687 463 1743 pusillum
484 1688 735 1738 laxamenti,
753 1687 1011 1728 concinnavi
1030 1688 1110 1728 tibi
1131 1688 1431 1730 munusculum
1452 1703 1506 1730 ex
1527 1689 1592 1730 in-

152 1744 307 1785 stituto
329 1758 450 1786 meo:
483 1753 526 1786 et
554 1745 788 1795 ⁵6dictum,
821 1759 919 1785 cum
947 1759 1107 1801 magno
1135 1758 1282 1787 nostro
1315 1746 1478 1786 honore
1505 1761 1530 1787 a
1551 1756 1594 1786 te

154 1800 335 1852 dictum,
357 1803 408 1835 -57
422 1801 630 1853 conclusi,
666 1813 710 1842 et
742 1804 781 1833 58
796 1801 876 1842 tibi
910 1801 1021 1842 infra
1051 1803 1300 1859 subscripsi.
1360 1802 1413 1857 ln
1437 1803 1594 1858 quibus

151 1857 372 1899 versiculis
403 1859 438 1900 si
477 1859 556 1900 tibi
589 1858 844 1914 quibusdam
884 1858 1025 1899 verbis
1060 1858 1351 1916 εὐθυρῥημονὲςεςος
1391 1861 1593 1903 videbor:

153 1917 194 1949 59
208 1915 432 1971 turpitudo
455 1930 649 1972 personae
672 1916 782 1972 ejus,
804 1916 849 1956 in
880 1931 1008 1971 quam
1037 1916 1211 1957 liberius
1236 1917 1494 1968 invehimur,
1518 1932 1596 1958 nos

154 1971 408 2013 vindicabit.
465 1972 676 2029 -Ignosces
711 1973 841 2014 etiam
874 1973 1107 2015 iracundiae
1138 1985 1321 2015 nostrae:
1354 1989 1451 2029 quae
1476 1975 1599 2030 justa

151 2038 217 2069 est
249 2029 293 2070 in
330 2029 545 2084 ejusmodi
577 2042 620 2071 et
650 2030 847 2072 homines
878 2042 921 2072 et
951 2031 1083 2072 cives.
1145 2029 1329 2082 Deinde,
1352 2030 1427 2086 qui
1460 2032 1598 2089 magis

195 2154 236 2183 55
256 2151 646 2191 feriatum—incitatur,
671 2151 853 2193 futurum]
899 2153 939 2184 ad
956 2153 1037 2184 illud
1059 2153 1214 2185 Trebonii
1238 2154 1362 2185 factum
1383 2154 1494 2186 Idibus
1510 2157 1602 2188 Mar·

154 2193 241 2224 Cum
262 2195 298 2224 in
320 2205 394 2225 meo
416 2194 578 2235 exemplo,
601 2195 689 2234 quod
711 2195 857 2226 solebam
898 2197 967 2233 tiis,
983 2206 1057 2226 cum
1074 2196 1257 2227 Antonium
1273 2203 1350 2227 ante
1367 2200 1491 2228 curiam
1506 2199 1602 2229 sedu-

153 2239 299 2267 tractare
323 2237 514 2268 Ciceronem
541 2237 666 2277 legem,
686 2238 708 2268 i.
725 2248 754 2268 e.
771 2237 856 2267 Gru·
900 2238 1003 2269 cendo
1019 2248 1056 2268 ac
1074 2239 1233 2269 morando
1258 2239 1460 2280 impedisset,
1482 2251 1523 2271 ne
1546 2241 1602 2272 ille

154 2279 297 2315 ter-iano,
305 2285 389 2310 esset
398 2279 566 2317 incitatus,
570 2278 751 2319 futurum,
758 2281 859 2310 corri-
900 2281 978 2311 caedi
994 2279 1130 2310 Caesaris
1143 2281 1327 2312 interesset.
1351 2292 1428 2312 nam
1440 2287 1474 2312 et
1488 2283 1522 2313 in
1533 2284 1604 2314 istis

157 2318 301 2359 gendum
319 2322 475 2361 putabam
490 2322 647 2353 incitatus
652 2321 780 2362 Jbrtur.
797 2322 860 2352 Sed
903 2322 1046 2353 versibus
1062 2324 1243 2354 Antonium
1261 2324 1510 2364 perstrinxerat,
1533 2331 1572 2356 ut
1585 2336 1603 2356 e

157 2361 232 2393 dein
247 2363 464 2394 animadverti
477 2373 545 2393 esse
557 2374 730 2404 operarum
741 2365 859 2395 vitium
902 2375 986 2405 seqq.
1004 2370 1108 2405 patet.
1187 2399 1191 2400 ⁷

157 2413 218 2445 pro
232 2405 406 2443 incitatur,
427 2404 514 2444 quod
535 2406 720 2436 Gronovius
738 2416 861 2437 servas·
946 2410 984 2441 57
1001 2406 1155 2446 conclusi]
1180 2403 1335 2438 Refertur
1356 2407 1418 2438 hoc
1441 2407 1481 2438 ad
1501 2418 1604 2448 genus

158 2450 220 2477 set.
266 2446 311 2477 Et
338 2452 452 2478 tamen
483 2448 595 2478 durius
623 2449 704 2479 mihi
732 2448 862 2480 videtur
903 2450 1071 2480 orationis.
1115 2451 1256 2481 Carmen
1270 2456 1353 2481 erat.
1399 2450 1508 2480 Poetae
1524 2452 1605 2482 bene

145 2485 317 2527 feriatum
327 2489 507 2529 ficturum,
524 2499 584 2520 nec
598 2491 780 2521 etiamnum
796 2491 862 2521 dis·
904 2491 1059 2522 dieuntur
1087 2502 1137 2523 res
1166 2492 1218 2522 vel
1252 2493 1433 2523 sententias
1461 2494 1604 2524 versibus

162 2529 262 2569 plicet
284 2533 492 2571 conjectura:
516 2537 613 2572 atque
627 2534 675 2563 ita
693 2533 794 2564 etiam
804 2533 863 2573 fe·
891 2528 1113 2571 'concludere,
1137 2535 1222 2565 sicut
1245 2543 1390 2574 oratores
1406 2534 1557 2574 periodis.
1573 2545 1604 2566 v.

162 2572 331 2603 riatur—um
346 2573 467 2613 legam.
646 2614 651 2615 .
750 2613 753 2615 ι
908 2575 999 2607 Clav.
1015 2577 1048 2606 in
1063 2578 1221 2607 conclusio
1235 2583 1268 2606 et
1284 2575 1478 2614 conjugatis.

206 2614 246 2644 56
259 2615 395 2652 dictum,
408 2626 482 2646 cum
496 2627 539 2647 m.
553 2626 586 2647 n.
601 2618 630 2647 h.
648 2622 713 2648 ate
724 2618 861 2655 dictum,
948 2621 987 2650 58
1013 2619 1072 2649 tibi
1097 2618 1187 2660 irffra
1211 2618 1395 2658 subscripsi]
1426 2618 1606 2657 Nunquam

163 2657 418 2696 concluszJEtsi
433 2659 499 2689 scio
514 2658 576 2689 dici
592 2660 717 2690 dictum
739 2661 862 2691 dicere:
904 2661 984 2691 satis
1010 2660 1072 2691 hoc
1095 2662 1228 2702 placuit.
1251 2659 1343 2700 infra
1369 2661 1460 2690 abest
1483 2660 1546 2690 Gu.
1573 2663 1602 2692 l.

164 2698 277 2728 tamen
304 2698 383 2729 mihi
407 2700 470 2730 hoe
493 2702 617 2732 dictum
641 2711 663 2732 α
685 2706 716 2732 te
739 2703 863 2733 dictum
905 2708 1023 2733 contra
1045 2704 1108 2734 Gu.
1135 2707 1166 2733 2.
1189 2703 1288 2733 habet
1312 2706 1335 2732 t.
1358 2701 1451 2742 infra
1472 2702 1603 2742 scripsi:

163 2746 231 2769 non
262 2739 369 2780 placet
403 2743 492 2773 satis.
536 2743 582 2774 Et
609 2744 738 2774 variant
774 2743 859 2776 libri.
904 2752 1082 2784 utrumque
1097 2745 1215 2775 melius
1230 2749 1290 2774 est.
1321 2744 1589 2785 Deligatssector.

164 2776 230 2812 Ms.
247 2788 358 2813 noster
372 2784 508 2821 editum,
524 2785 574 2816 ed.
592 2785 681 2816 Med.
695 2791 726 2816 et
737 2787 861 2818 deinde.
947 2791 987 2822 59
1001 2787 1171 2828 tufflitudo
1183 2785 1343 2827 personoe]
1368 2784 1605 2828 Antonii‚·opi-
1643 2802 1646 2805 ·

163 2822 299 2854 Dictum
317 2824 398 2856 illud
411 2826 497 2865 quod
509 2827 622 2864 fuerit,
639 2837 707 2858 non
720 2828 799 2858 licet
812 2828 862 2858 di·
906 2838 975 2861 nor.

162 2875 245 2897 cere.
289 2867 441 2908 Suspicor
463 2872 588 2907 autem,
612 2869 644 2900 id
666 2870 862 2910 pertinuisse
