1865 3223
473 106 554 144 AD
581 104 948 145 C.MEMM1UM
973 105 1049 143 ET
1073 105 1259 146 ALIOS.
1502 114 1579 149 841

141 224 211 253 me
246 211 341 253 36in
377 210 578 253 Ciliciam
609 209 739 260 venit,
767 208 998 265 multisque
1036 208 1079 249 in
1111 209 1236 250 rebus
1274 209 1379 253 mihi
1419 225 1580 269 magno

142 269 239 310 usui
261 268 344 310 fuit
373 278 417 309 et
447 269 552 310 fides
572 267 679 321 ejus,
700 276 746 306 et
776 266 1026 321 prudentia:
1060 273 1118 316 ct,
1141 275 1187 306 ut
1217 267 1385 321 opinor,
1417 269 1499 310 tibi
1532 271 1576 312 in

145 325 439 368 Alexandrino
479 324 602 374 bello,
635 331 843 378 quantum
883 323 1025 363 studio
1057 331 1101 363 et
1135 320 1341 364 fidelitate
1371 328 1577 380 consequi

139 383 299 438 potuit,
331 397 418 424 non
455 380 605 422 defuit.
667 379 795 426 Quod
839 394 938 421 cum
978 388 1182 435 speraret,
1223 388 1265 420 te
1302 394 1473 435 quoque
1514 383 1576 424 ita

136 439 400 491 existimare,
427 439 469 479 in
503 436 763 492 Hispaniam
795 437 848 478 ad
878 447 934 488 te,
965 437 1156 478 maxime
1188 435 1462 491 illequidem
1497 453 1574 480 suo

135 495 335 547 consilio,
372 495 444 536 sed
479 494 611 534 etiam
649 507 717 534 me
749 502 938 544 auctore,
970 503 1037 534 est
1068 491 1303 550 profectus.
1363 492 1447 535 Cui
1490 509 1573 551 ego

135 552 552 594 commendationem
586 565 674 591 non
704 564 798 592 sum
840 551 1070 607 pollicitus,
1090 565 1179 592 non
1207 551 1313 606 quin
1344 563 1439 592 eam
1470 553 1572 593 vali-

135 618 275 651 turam
297 608 409 664 apud
433 617 475 648 te
495 607 746 649 arbitrarer:
770 608 842 654 sed
864 621 1004 663 neque
1020 607 1127 648 mihi
1146 621 1274 663 egere
1293 608 1570 650 commenda-

131 665 251 707 tione
275 666 512 716 videbatur,
534 665 607 719 qui
644 673 688 706 et
721 665 765 705 in
797 663 906 705 bello
944 674 1085 706 tecum
1120 663 1286 716 fuisset,
1308 673 1365 715 et,
1393 675 1571 721 propter

129 723 382 763 memoriam
415 721 573 773 Crassi,
595 721 648 763 de
680 721 764 763 tuis
793 735 903 763 unus
923 732 1049 773 esset,
1071 730 1128 771 et,
1150 721 1185 761 si
1208 723 1272 762 uti
1294 723 1569 764 commenda-

135 778 326 819 tionibus
357 778 497 829 vellct,
524 780 653 819 etiam
690 792 764 836 per
794 778 900 819 alios
933 793 1030 819 eum
1055 779 1252 819 videbam
1286 778 1328 819 id
1360 780 1567 835 consequi

132 848 270 891 posse.
330 834 694 877 37Testimonium
736 836 818 876 mei
862 836 915 876 de
953 850 1004 876 eo
1039 835 1213 890 judicii,
1243 835 1358 890 quod
1395 845 1440 876 et
1475 836 1568 893 ipse

127 893 274 949 magni
308 893 563 944 aestimabat,
585 902 628 933 et
658 907 740 948 ego
771 893 884 948 apud
917 901 958 933 te
982 894 1118 933 valere
1149 906 1264 932 eram
1286 905 1503 948 expe1·tu3‚
1526 895 1565 935 ei

125 947 308 991 libenter
328 949 440 990 dedi.
503 949 694 990 Doctum
724 949 856 1005 igitur
879 949 1098 990 hominem
1121 949 1324 1004 cognovi,
1347 959 1391 989 et
1411 951 1565 992 studiis

126 1007 302 1061 optimis
341 1007 549 1058 deditum,
582 1007 710 1062 idque
746 1022 770 1047 a
804 1020 950 1062 puero.
1012 1006 1126 1047 Nam
1158 1007 1287 1047 domiv
1319 1020 1425 1047 meze
1463 1022 1564 1050 cum

126 1061 321 1104 Diodoto
358 1063 522 1115 Stoico,
554 1063 744 1114 homine,
778 1078 873 1104 meo
902 1063 1087 1119 judicio,
1117 1063 1424 1114 eruditissimo,
1453 1065 1563 1106 mul-2

125 1129 217 1161 tum
256 1135 282 1161 a
314 1135 446 1176 puero
482 1121 580 1162 suit.
641 1120 770 1161 Nunc
805 1130 965 1170 autem,
1004 1121 1202 1161 incensus
1242 1119 1383 1161 studio
1421 1135 1584 1166 rerumv

123 1185 306 1228 tuarum,
329 1180 368 1209 38
379 1191 448 1218 eas
470 1177 622 1218 litteris
643 1177 810 1218 Graecis
833 1177 1034 1217 mandare
1049 1177 1186 1232 cupit.
1206 1178 1558 1232 posse'arbitror:

122 1234 235 1275 valet
256 1235 456 1290 ingenio:
483 1234 613 1275 babet
633 1248 778 1275 usum:
801 1233 896 1287 jam
920 1234 1084 1289 pridem
1108 1234 1152 1273 in
1174 1247 1226 1273 eo
1249 1247 1404 1287 genere
1426 1235 1557 1276 studii

117 1289 442 1345 litterarumque
481 1295 698 1331 versatur:
743 1289 987 1330 satisfacere
1028 1289 1342 1330 immortalitati
1384 1290 1686 1342 laudump.2n.

117 1356 287 1388 tuarum
314 1347 565 1388 mirabiliter
594 1347 729 1402 cupit.
791 1345 940 1387 Habes
971 1346 1188 1402 opinionis
1220 1360 1327 1387 meae
1362 1349 1599 1390 testimo-³·

112 1403 258 1446 nium:
291 1404 364 1444 sed
387 1411 431 1444 tu
453 1403 538 1445 hoc
569 1402 738 1445 facilius
768 1403 919 1455 multo,
942 1418 1020 1460 pro
1044 1412 1118 1444 tua
1139 1403 1344 1458 singulari
1370 1405 1555 1460 pruden-

118 1461 191 1512 tia,
207 1460 441 1516 judicabis.
503 1460 560 1502 Et
584 1469 740 1511 tamen,
763 1460 879 1515 quod
903 1474 1176 1516 negaveram,
1198 1462 1454 1503 commendo
1476 1463 1555 1506 tibi

113 1531 226 1558 eum.
288 1517 512 1572 Quidquid
533 1517 572 1557 ei
595 1517 951 1569 commodaveris,
973 1517 1053 1559 erit
1078 1517 1121 1558 id
1147 1516 1356 1572 majorem
1387 1518 1432 1560 in
1461 1534 1556 1561 mo·

112 1574 215 1615 dum
237 1583 423 1630 gratum.

627 1646 1034 1685 ARGUMENTUM.
1570 1662 1617 1701 17

105 1710 274 1748 Manium
294 1710 443 1746 Curium
461 1709 586 1746 Servio
606 1709 784 1759 Sulpicio,
804 1710 954 1746 Achaioe
966 1710 1126 1757 praesidi,
1147 1711 1386 1748 commendat.
1440 1710 1550 1749 Adde

595 1763 659 1798 lib.
680 1762 765 1799 vn.
783 1763 894 1810 epist.
914 1761 1067 1799 xxix.

353 1827 421 1870 M.
443 1828 495 1871 T.
519 1827 571 1870 C.
604 1827 734 1871 SER.
767 1828 1060 1872 SULPIClO
1092 1828 1137 1871 S.
1161 1828 1212 1870 P.
1237 1828 1295 1871 D.

106 1883 190 1936 *M'
212 1895 457 1949 CURIUS,
479 1897 554 1953 qui
587 1896 727 1940 Patris
758 1897 1021 1953 negotiatur,
1042 1895 1189 1938 multis
1219 1906 1263 1937 et
1292 1897 1462 1952 magnis
1493 1897 1549 1940 de

102 1953 241 1995 causis
262 1969 288 1996 a
308 1968 377 1996 me
401 1954 613 2009 diligitur.
673 1954 788 1997 Nam
810 1965 854 1996 et
869 1953 1068 1995 'amicitia
1090 1963 1291 2009 pervetus
1314 1953 1419 1995 mihi
1444 1969 1546 1997 cum

103 2023 155 2050 eo
192 2007 272 2062 es't,
308 2013 349 2045 39
361 2020 406 2052 ut
444 2012 630 2067 primum
671 2011 715 2052 in
756 2011 898 2053 forum
941 2011 1073 2062 venit,
1116 2010 1339 2051 instituta:
1382 2019 1426 2051 et
1468 2025 1544 2067 pa-

101 2066 178 2107 tris
216 2081 316 2108 cum
353 2067 579 2124 aliquoties
621 2078 762 2119 autea,
800 2078 891 2113 tum
937 2067 1132 2124 proxime
1171 2066 1257 2108 hoc
1298 2066 1540 2109 miserrimo

103 2123 230 2175 bello,
248 2124 401 2166 domus
423 2125 515 2181 ejus
538 2135 630 2166 tota
650 2125 757 2166 mihi
781 2125 948 2182 patuit3
970 2139 1055 2180 qua
1076 2125 1111 2165 si
1134 2138 1243 2179 opus
1266 2122 1432 2175 fuisset,
1453 2134 1540 2167 tam

101 2195 237 2222 essem
269 2196 383 2232 usus,
403 2197 533 2237 quam
563 2196 673 2223 mea.
734 2181 982 2224 Maximum
1012 2190 1157 2222 autem
1188 2179 1294 2221 mihi
1320 2181 1539 2223 vinculum

97 2252 195 2278 cum
219 2252 270 2291 eo
296 2248 362 2279 est
381 2239 502 2293 quasi
536 2239 760 2280 sanctioris
795 2239 1021 2294 cujusdam
1055 2237 1397 2288 necessitudinis,
1418 2239 1535 2293 quod
1569 2285 1573 2289 ,

96 2303 160 2336 est
176 2294 314 2337 Attici
337 2295 472 2337 nostri
493 2294 864 2348 familiarissimus,
883 2309 1067 2351 eumque
1088 2309 1221 2336 unum
1243 2304 1400 2350 praeter
1422 2305 1537 2337 cete·
1570 2329 1572 2331 .

136 2407 177 2437 36
202 2408 238 2438 in
269 2407 433 2449 Ciliciam]
472 2409 526 2440 Sic
559 2419 621 2441 scr.
645 2412 680 2440 et
714 2408 786 2440 edd.
873 2411 913 2440 32
936 2418 991 2440 eas
1020 2409 1042 2439 l.
1079 2408 1137 2440 Gr.
1167 2407 1328 2438 manda-re
1363 2408 1527 2450 cupiebat]

95 2449 184 2480 Male
206 2451 239 2480 in
261 2451 312 2481 ed.
332 2451 428 2482 Grut.
446 2451 617 2482 Siciliam.-
639 2451 727 2491 quod
748 2451 789 2482 ad
831 2450 908 2482 Non
931 2452 1040 2492 placet
1060 2449 1218 2490 cupiebat.
1243 2454 1353 2489 potest
1383 2451 1540 2490 cupiebat

95 2497 292 2530 quaesturam
316 2494 507 2532 pertineret.
551 2494 614 2524 Sed
635 2504 673 2524 ea
690 2493 788 2524 nimis
830 2494 933 2534 accipi
955 2494 1014 2529 sic,
1031 2497 1069 2523 ut
1091 2493 1168 2532 quia
1189 2491 1228 2522 de
1250 2501 1296 2527 re,
1312 2499 1384 2530 quae
1407 2493 1528 2523 mutari

96 2540 224 2564 remota
237 2540 287 2564 «Ξῖ
302 2536 343 2565 ab
357 2535 407 2565 his
422 2536 638 2576 temporibus.
830 2539 973 2576 poterat,
989 2534 1130 2572 dicebat,
1145 2543 1186 2564 eo
1201 2535 1309 2574 potius
1323 2542 1420 2571 quam
1444 2543 1550 2573 prae--

137 2578 176 2609 37
201 2575 434 2608 Testimonium
453 2587 563 2608 meum
585 2578 624 2608 de
644 2588 679 2608 eo
690 2576 788 2618 judi·
829 2578 915 2608 senti
930 2578 1019 2617 cupit
1033 2586 1109 2607 usus
1125 2577 1180 2606 sit.
1225 2574 1287 2605 Sed
1302 2584 1389 2604 nunc
1410 2574 1443 2604 id
1465 2574 1527 2605 du—

95 2617 153 2656 cii]
190 2626 297 2648 meum
325 2628 393 2650 non
421 2624 530 2659 potest
557 2629 625 2651 esse
652 2630 786 2651 verum:
829 2621 896 2650 rius
920 2620 1018 2650 facit:
1041 2623 1076 2649 et
1100 2620 1175 2648 mox
1198 2626 1326 2655 quoque
1351 2620 1403 2645 est.
1423 2618 1527 2656 cupit,

95 2659 366 2699 scribendumque
384 2663 460 2693 mei.
505 2662 558 2692 Sic
579 2672 708 2704 semper
730 2662 786 2694 Ci-
830 2668 868 2692 ut
881 2662 927 2692 sic
941 2665 974 2692 e't
995 2661 1028 2692 h.
1043 2661 1067 2691 1.
1083 2658 1263 2691 necessario
1287 2657 1461 2696 legendum
1479 2659 1527 2689 vi-

93 2710 186 2731 cter-oz
210 2711 270 2731 nec
285 2702 430 2734 dubitavi
444 2705 490 2734 sic
504 2704 690 2735 rescribere.
733 2704 787 2734 Sic
829 2704 957 2735 deatur.
1484 2715 1490 2720 ·

91 2742 203 2782 paullo
218 2750 290 2783 post
302 2746 521 2776 testimonium
533 2747 689 2787 opinionis
699 2755 786 2781 meae.
870 2748 910 2781 39
933 2750 970 2776 ut
990 2744 1139 2785 primum
1159 2741 1323 2781 insorum
1347 2742 1448 2782 venie]
1472 2753 1526 2773 ve-

92 2784 178 2814 Ecce
191 2795 266 2816 vero
281 2786 325 2816 sic
341 2787 391 2817 ed.
408 2787 504 2818 Rom.
515 2788 627 2825 habet,
641 2789 785 2828 itemque
826 2789 876 2818 nit
890 2799 908 2818 e
924 2788 1003 2819 Mss.
1013 2787 1089 2816 cu’m
1101 2782 1260 2815 Manutio
1275 2789 1309 2814 et
1325 2783 1453 2815 Graevio
1470 2785 1525 2817 de-

94 2826 158 2857 Gu.
179 2829 205 2857 l.
645 2846 650 2854 ·
827 2829 872 2867 di,
888 2840 946 2871 pro
963 2829 1050 2868 vulg.
1068 2827 1152 2858 veni.

775 2877 843 2912 23
