1860 3228
289 101 362 135 146

229 196 276 236 17

657 97 837 136 EPIST.
875 97 1058 135 LIBER
1084 96 1308 136 SEXTUS

799 198 1198 239 ARGUMENTUM.

289 253 492 302 Respondet
512 254 698 302 Bithynici
716 255 858 290 cuidam
876 255 1048 301 epistolae,
1071 259 1158 300 (non
1173 258 1291 290 autem
1309 251 1516 301 superiori,)
1546 262 1619 298 qua
1636 250 1712 292 ille,

338 309 536 342 constituta
562 307 756 355 republica,
787 318 866 341 cum
896 306 1063 341 Cicerone
1091 317 1128 340 se
1147 306 1321 354 futurum
1352 306 1582 352 promiserat,
1618 303 1714 350 quod

337 363 485 405 gratum
501 359 570 394 sibi
578 358 668 406 fore
684 359 879 407 significat,
899 361 933 392 et
950 369 986 392 se
1003 356 1078 402 ejus
1095 369 1166 392 esse
1184 358 1469 393 amantissimum
1486 355 1684 404 confirmat.

603 424 668 466 M.
693 423 927 465 CICERO
950 422 1319 475 BITHYNICO,
1352 424 1395 463 S.

290 479 433 533 CUM
458 502 693 533 ceterarum
717 504 854 531 rerum
886 504 1014 530 causa
1034 490 1162 545 cupio
1185 504 1275 530 esse
1296 489 1523 545 aliquando
1546 502 1714 544 rempu-

289 547 444 589 bl1c1m
467 548 770 589 constitutam:
804 556 894 587 tum
919 546 1044 586 velim
1078 545 1182 586 mihi
1205 546 1350 587 credas
1373 545 1638 595 77accedere,
1671 544 1713 584 id

287 606 416 645 etiam
439 619 524 659 quo
546 605 683 659 magis
705 613 923 667 expetam,
950 603 1204 666 piomissum
1236 612 1372 654 tuum,
1394 619 1478 658 quo
1500 604 1540 643 111
1564 601 1714 643 litteris

288 661 434 702 uteris·
495 661 656 702 Scribis
687 675 816 711 enim,
849 675 879 700 Sl
914 659 974 700 ita
1005 659 1073 709 sit,
1097 669 1138 700 te
1168 673 1334 699 mecum
1365 673 1455 700 esse
1487 660 1713 700 victurum.

291 717 549 759 Gratissima
580 717 684 758 mihi
719 727 791 757 tua
821 716 1016 757 voluntas
1047 725 1136 757 est:
1173 715 1362 770 facisque
1394 716 1499 757 nihil
1529 716 1714 757 alienum

290 775 606 816 necessitudine
638 783 796 823 nostra,
820 773 1085 828 judiciisque
1117 772 1248 828 patris
1281 772 1342 812 tui
1373 773 1424 813 de
1456 787 1536 832 nie,
1559 771 1714 813 summi

292 832 388 872 viri.
469 831 582 871 Nam
621 830 682 871 sic
723 830 896 879 habeto,
936 829 1242 870 beneficiorum
1291 824 1586 884 magnitudine
1628 843 1715 879 eos,

289 891 329 921 78
343 887 414 942 qui
433 887 698 942 temporibus
719 886 954 938 valuer,unt
973 885 1293 940 conjunctiores
1313 895 1453 926 tecum
1470 899 1574 936 esse,
1588 900 1716 940 quam

289 958 382 994 me3
413 943 728 985 necessitudine
759 943 987 984 neminem.
1049 943 1341 1006 Quamobrem
1365 952 1488 998 grata
1518 942 1623 982 mihi
1654 951 1718 982 est

287 1010 331 1041 et
353 1001 558 1042 memoria
580 1010 654 1041 tua
672 1009 828 1041 nostrae
845 1009 1180 1055 conJunctioms,
1193 1008 1235 1040 et
1256 1000 1348 1055 ejus
1365 1000 1492 1040 etiam
1507 998 1717 1055 augendae

289 1058 502 1099 voluntas.

226 1135 274 1171 lg
803 1113 1072 1151 ARGUMEN·
1076 1113 1206 1150 rUM.

290 1177 487 1219 Quaestioni
500 1179 689 1226 respondet
703 1190 744 1213 ex
757 1177 833 1224 lege
846 1178 890 1213 de
907 1177 1164 1213 decurionibus.
1181 1177 1284 1212 addit
1305 1176 1348 1212 de
1365 1176 1457 1212 bello
1469 1176 1718 1223 Hispaniensi,

339 1231 382 1265 de
400 1230 525 1278 Leptae
541 1231 699 1276 negotio,
720 1230 762 1265 de
789 1230 943 1264 Otatore
959 1241 1035 1271 suo,
1056 1230 1099 1264 cle
1123 1229 1293 1269 Tulliola,
1313 1233 1348 1264 et
1367 1230 1410 1264 de
1426 1228 1551 1276 Leptae
1559 1226 1718 1274 junioris

336 1283 467 1318 studiis
486 1283 674 1318 consilium
692 1294 734 1317 ac
750 1286 978 1329 praeceptum.

755 1346 989 1389 CICERO
1023 1345 1251 1389 LEPTAE.

287 1408 327 1438 ¹9
343 1403 545 1458 SIMUL
577 1415 723 1471 accepi
749 1430 775 1456 a
810 1414 989 1456 Seleuco
1013 1424 1086 1456 tuo
1109 1414 1287 1465 litteras,
1310 1414 1453 1455 statim
1485 1412 1664 1469 quaesivi
1696 1427 1718 1453 e

288 1473 426 1515 Balbo
449 1486 523 1528 pei
546 1471 782 1523 codicillos,
805 1475 844 1502 80
857 1470 961 1526 quid
983 1480 1094 1512 esset
1114 1471 1158 1512 in
1179 1471 1288 1527 lege.
1335 1470 1598 1525 Rescripsit:
1631 1483 1718 1533 eos,

286 1530 361 1585 qui
392 1528 583 1570 facerent
614 1529 895 1583 praeconium,
928 1528 1060 1568 vetari
1090 1542 1180 1568 esse
1213 1529 1254 1568 in
1286 1527 1614 1568 decurionibus:
1645 1526 1718 1580 qui

288 1587 505 1638 fecissent,
527 1600 611 1626 non
638 1585 783 1627 xetaiui
845 1585 989 1631 Quare
1012 1585 1126 1625 bono
1149 1585 1292 1625 animo
1318 1584 1402 1625 sint
1423 1592 1467 1624 et
1489 1583 1549 1624 tui
1573 1592 1616 1624 et
1636 1582 1718 1623 mei

290 1643 535 1685 familiares.
558 1656 696 1697 neque
720 1642 834 1683 enim
857 1651 948 1683 erat
970 1640 1205 1692 ἵει-,6111111111
1228 1655 1341 1692 cum,
1354 1641 1426 1696 qui
1450 1640 1577 1681 hodie
1597 1639 1722 1680 baru-

291 1700 501 1756 spicinam
533 1698 736 1749 facerent,
774 1699 817 1739 in
849 1708 996 1740 senatu
1032 1698 1184 1740 Romae
1226 1698 1489 1754 legerentur:
1522 1711 1609 1747 eos,
1646 1695 1720 1751 qui

290 1756 520 1812 aliquando
561 1756 825 1811 praeconium
868 1755 1083 1805 fecissent,
1116 1756 1158 1796 in
1198 1755 1443 1809 municipiis
1472 1753 1722 1794 decuriones

289 1828 379 1856 esse
398 1828 484 1854 non
508 1813 647 1853 licere.
710 1812 777 1854 De
810 1813 1033 1868 Hispaniis
1066 1812 1165 1853 novi
1188 1812 1309 1853 nihil.
1342 1825 1547 1867 magnum
1578 1820 1722 1852 tamen

288 1871 526 1913 exercitum
568 1869 823 1925 Pompeium
855 1869 1011 1910 habere
1043 1878 1225 1910 constat.
1289 1868 1400 1909 Nam
1413 1845 1591 1909 OCaesar
1631 1868 1722 1922 ipse

289 1928 394 1969 8lad
419 1942 496 1968 nos
517 1927 635 1967 misit
656 1925 900 1981 exemplum
927 1926 1111 1967 Paciaeci
1143 1926 1395 1976 litterarum,
1428 1925 1469 1965 111
1501 1939 1586 1980 quo
1618 1933 1722 1975 erat,

289 1983 331 2014 82
348 1985 459 2041 ipsas
497 1983 693 2025 undecim
728 1997 818 2024 esse
856 1983 1060 2039 legiones.
1097 1983 1324 2039 scripserat
1365 1981 1495 2023 etiam
1534 1981 1723 2023 Messala

329 2111 369 2142 77
393 2108 542 2138 accedere
557 2108 593 2137 id
611 2107 725 2147 etiam]
751 2107 897 2138 Graevius
912 2117 983 2137 cor-

289 2151 373 2180 rexit
395 2150 540 2180 accidere
555 2161 572 2180 e
594 2149 659 2180 Ms.
683 2159 742 2181 suo
766 2156 801 2181 et
824 2150 896 2180 cdd.
913 2151 984 2189 qui-

289 2192 425 2222 busdam
441 2197 523 2222 vett.
540 2193 655 2230 quibus
669 2198 703 2222 et
720 2192 784 2223 ΜΞ.
801 2201 892 2222 meus
909 2201 984 2222 con-

288 2234 402 2264 sentit.
423 2233 518 2264 maie.
537 2243 612 2263 nam
631 2233 745 2264 relatio
761 2234 800 2264 ad
823 2234 983 2274 superius,

290 2279 474 2306 ceterarum
497 2285 610 2305 rerum
634 2285 747 2313 causa,
770 2276 988 2306 necessarium

290 2318 371 2348 facit
397 2317 557 2347 accedere.
616 2318 668 2347 Sic
700 2318 859 2354 ,iudicavit
887 2319 988 2348 etiam

292 2359 447 2390 Dukerus
473 2359 514 2389 ad
534 2359 605 2389 Liv.
622 2359 666 2395 X,
681 2363 735 2390 41.
751 2361 804 2399 qui
820 2360 928 2390 locum
943 2361 988 2390 sic

291 2401 516 2441 interpungit:
541 2401 622 2431 mihi
648 2403 810 2439 accedere,
832 2403 867 2431 id
888 2403 989 2432 etiam

290 2453 351 2483 quo
367 2444 474 2481 magis
494 2447 655 2483 expetam,
671 2445 868 2483 promissum
890 2449 987 2474 tuum

292 2486 351 2515 &m
367 2485 448 2516 bene
462 2493 553 2515 sane.
598 2485 661 2515 ΜΒ.
679 2487 743 2516 Gn.
760 2491 789 2516 2.
805 2486 932 2516 omittit
952 2487 989 2516 id

289 2527 411 2557 etiam.-
444 2526 530 2565 quod
557 2536 624 2556 non
653 2527 812 2567 displicet.
855 2528 987 2558 luter-ea

290 2567 536 2599 distinctionem
551 2568 679 2599 Dukeri
695 2577 824 2599 secutus
839 2578 923 2599 sum.

333 2614 373 2645 78
408 2620 439 2650 q.
468 2614 492 2640 t.
527 2612 720 2647 valuerunt,
746 2615 806 2641 aut
836 2611 982 2650 valeant]

290 2653 357 2683 Aut
380 2653 546 2683 valuerint
567 2652 754 2691 legendum,
784 2658 840 2683 aut
867 2654 988 2690 valent,

291 2694 378 2733 quod
405 2695 534 2725 Graevio
556 2694 719 2734 placebat,
745 2701 857 2734 estque
884 2695 917 2724 in
934 2694 985 2726 ed.

292 2736 380 2766 Med.
402 2741 459 2767 aut
486 2735 661 2767 delendum
685 2735 821 2767 omnino
847 2741 907 2766 aut
929 2747 987 2766 va-

293 2779 403 2815 leant,·
439 2778 526 2817 quod
561 2784 595 2808 et
628 2779 733 2819 ipsum
764 2779 892 2809 Graevio
921 2787 988 2809 non

291 2819 494 2861 displicebat.

1027 2107 1136 2138 habet.
1173 2107 1244 2137 Hoc
1257 2111 1386 2137 secutus
1401 2115 1473 2136 sum
1487 2117 1495 2138 2
1520 2116 1595 2137 nam
1612 2108 1721 2137 valent

1027 2147 1110 2180 latet
1130 2149 1164 2179 in
1178 2152 1366 2180 valuerunt.

1069 2195 1109 2225 79
1134 2191 1257 2231 Simul]
1284 2190 1347 2221 Ms.
1376 2190 1439 2221 Gu.
1463 2190 1564 2221 simul
1588 2195 1638 2221 ut.
1683 2189 1722 2220 In

1028 2232 1090 2263 Gu.
1107 2237 1138 2264 2.
1156 2243 1199 2264 m.
1217 2243 1240 2262 s.
1259 2232 1429 2272 adscripsit
1442 2237 1491 2263 ut.

1073 2279 1114 2306 80
1135 2275 1215 2315 quid
1224 2279 1301 2305 esset
1323 2276 1358 2305 in
1376 2274 1459 2314 lege]
1485 2274 1592 2324 ⁷Quam
1614 2274 1723 2306 Caesar

1031 2317 1131 2348 redux
1146 2328 1184 2347 ex
1201 2318 1360 2357 Hispania
1383 2317 1466 2347 ferre
1489 2319 1523 2346 111
1541 2317 1651 2347 31111110
1666 2317 1722 2347 ha-

1031 2359 1141 2396 bebat,
1157 2360 1269 2399 etjam
1284 2359 1466 2398 scripserat.

1073 2404 1109 2432 81
1135 2401 1181 2431 ad
1193 2401 1264 2441 nos]
1289 2402 1342 2432 Sic
1357 2410 1415 2440 pro
1434 2409 1486 2430 tos
1500 2398 1671 2436 edidimus,
1687 2406 1724 2431 ut

1030 2443 1188 2479 Graevius,
1216 2445 1315 2474 etiam
1346 2443 1425 2473 Mss.
1453 2441 1572 2471 nostris
1597 2446 1630 2472 et
1653 2442 1723 2472 edd.

1029 2495 1076 2525 pr.
1105 2485 1404 2516 consentientibus:
1428 2488 1462 2514 ct
1484 2492 1615 2514 sensum
1645 2484 1721 2514 facit

1029 2527 1209 2557 meliorem.

1071 2572 1111 2600 82
1134 2570 1218 2608 ipsas
1241 2568 1305 2600 XI.
1329 2577 1393 2598 esee
1418 2567 1569 2606 legiones]
1594 2569 1681 2606 ipsas
1707 2579 1723 2599 e

1031 2610 1110 2641 Cod.
1125 2610 1281 2641 Stewech
1299 2609 1469 2646 edidimuS,
1486 2609 1572 2649 quod
1584 2615 1619 2640 et
1634 2609 1724 2640 Grae—

1033 2653 1084 2682 vio
1100 2652 1261 2692 placebat,
1277 2662 1334 2691 pro
1348 2651 1481 2689 vulgato
1502 2653 1551 2681 illi
1568 2652 1617 2682 vel
1635 2652 1724 2689 illas,

1033 2700 1069 2724 ut
1093 2698 1143 2724 est
1164 2694 1198 2723 in
1218 2694 1383 2734 plerisque
1404 2676 1510 2731 iibris,
1526 2695 1626 2724 etiam
1642 2693 1722 2723 Mss

1032 2736 1164 2771 nostris,
1180 2735 1251 2766 edd.
1283 2737 1370 2770 1469.
1394 2735 1491 2766 Rom.
1524 2737 1612 2769 1471.
1632 2736 1722 2766 Med.

1032 2779 1091 2808 &m
1135 2779 1227 2818 Saepe
1257 2788 1295 2808 ex
1316 2779 1382 2817 ipse
1407 2778 1531 2808 factum
1555 2779 1622 2814 ille,
1645 2778 1725 2808 satis

550 2821 646 2852 Meus
681 2821 794 2862 utique
824 2821 888 2852 Ms.
916 2830 983 2852 non
1025 2825 1169 2856 constat,
1192 2821 1375 2861 111-1258111111
1397 2829 1471 2850 cum
1494 2821 1559 2859 ipse
1578 2820 1724 2859 exquisi-
