1817 3196
280 78 334 115 ao
674 76 854 115 EPIST.
879 74 1064 114 mnan
1091 63 1317 116 PnrMus

172 208 203 239 p.
221 200 268 232 17·
282 180 448 231 amasti,
469 180 748 222 libentissime
769 180 1050 222 conferemus.
1113 182 1224 227 Quae
1247 180 1296 221 ad
1317 194 1386 221 me
1406 179 1458 221 de
1480 180 1563 221 tuis
1584 180 1708 221 rebus

238 251 269 272 a·
282 239 527 280 domesticis
546 238 709 288 scribis,
731 233 913 292 q‘uaeque
936 238 1040 278 milii
1063 237 1351 289 commendas,
1373 250 1421 277 ea
1444 246 1574 278 tantae
1599 236 1704 278 mihi

280 311 394 338 curae
418 305 530 343 sunt,
552 305 599 335 ut
628 309 695 335 me
716 293 843 334 nolim
867 294 1110 335 admoneri:
1145 294 1283 348 rogari
1309 307 1406 334 vero
1426 294 1516 334 sine
1547 307 1705 349 magno

279 353 426 394 dolore
446 353 516 392 vix
535 366 720 406 possum.
744 350 870 396 Quod
892 351 943 391 de
964 351 1116 396 Quinti
1140 349 1280 390 fratris
1295 350 1470 404 negotio
1487 350 1652 399 scribis,
1667 361 1708 391 te

280 409 421 466 priore
433 419 596 457 aestate,
613 408 725 462 quod
748 408 896 448 morbo
916 407 1144 462 impeditus
1168 407 1209 447 in
1231 404 1427 447 Ciliciam
1446 421 1530 447 non
1555 407 1708 446 transi-

277 468 374 510 eris.
388 466 598 507 conficere
617 479 700 504 non
725 463 936 519 potuisse3
957 479 1068 504 nunc
1087 474 1228 504 autem
1251 463 1395 503 omnia
1414 462 1642 509 facturum,
1660 471 1708 503 ut·

277 524 506 564 conficias:
528 522 569 562 id
584 521 691 562 scito
714 535 803 561 esse
824 520 1050 575 ejusmodi,
1074 530 1120 560 ut
1145 521 1273 560 frater
1296 534 1415 560 meus
1441 535 1535 560 vere
1556 519 1706 560 existi-

276 592 380 630 met,
412 580 617 633 adjuncto
649 578 731 618 isto
769 577 916 627 fundo,
950 577 1253 632 patrimonium
1285 576 1374 617 fore
1405 591 1526 617 suum
1560 590 1633 631 per
1664 584 1706 616 te

276 637 575 678 constitutum.
633 634 697 675 Tu
730 649 798 674 me
819 634 870 675 de
894 635 976 674 tuis
1000 635 1123 674 rebus
1154 634 1370 683 omnibus,
1392 644 1435 674 et
1456 634 1509 674 de
1533 631 1702 673 Lentuli

277 694 340 734 tui
364 693 581 747 nostrique
595 691 745 732 studiis
764 701 806 731 et
822 691 1217 740 exercitationibus,
1235 691 1361 730 velim
1380 705 1505 745 quam
1521 688 1705 730 familia-

275 750 440 791 rissime
462 750 701 797 certiorem,
723 757 766 788 et
787 762 914 803 quam
939 748 1173 804 saepissime
1197 748 1351 788 facias:
1384 748 1704 800 existimesque,

274 808 490 848 neminem
513 806 710 860 cuiquam
736 819 872 859 neque
893 805 1114 855 cariorem,
1136 819 1271 859 neque
1287 805 1589 859 jucundiorem
1613 816 1686 843 um

273 879 403 919 quam
416 864 559 912 fuisse,
575 876 701 916 quam
717 871 757 901 te
772 861 874 902 mihi
893 875 900 900 :
927 862 1053 916 idque
1073 877 1247 912 me,n0u
1262 861 1388 901 modo
1407 871 1453 900 ut
1467 871 1510 900 tu
1533 859 1705 910 sentias,

273 921 347 962 sed
359 929 405 961 ut
424 934 570 961 omnes
586 928 748 974 genteS,
762 918 888 959 etiam
911 928 956 959 ut
975 919 1198 974 posteritas
1218 918 1356 959 omnis
1371 917 1598 973 intelligat,
1613 930 1704 956 esse

272 977 503 1019 facturum.
561 975 729 1031 Appius
762 977 804 1016 in
829 976 1093 1016 sermonibus
1115 985 1241 1016 antea
1268 975 1523 1025 dictitabat3
1557 981 1706 1029 postea

270 1034 384 1076 dixit
415 1035 544 1075 etiam
576 1034 617 1073 in
650 1042 797 1072 senatu
834 1032 997 1087 palam:
1042 1046 1146 1082 sese,
1170 1033 1203 1073 si
1236 1031 1400 1072 licitum
1423 1041 1533 1072 esset
1563 1030 1701 1085 legem

269 1092 477 1132 curiatam
518 1090 641 1140 ferre,
673 1089 920 1129 sortiturum
958 1103 1048 1129 esse
1078 1103 1176 1129 cum
1214 1088 1378 1144 collega
1409 1088 1701 1142 provinciam:

269 1152 310 1183 79
324 1149 357 1188 si
380 1148 545 1189 curiata
573 1147 642 1188 lex
667 1161 752 1186 non
784 1159 909 1196 esset,
932 1160 975 1186 se
997 1149 1036 1177 80
1051 1156 1311 1200 paraturum,
1335 1144 1499 1199 tibique
1531 1157 1699 1185 succes-

266 1220 437 1247 surum:
470 1205 608 1260 legem
627 1203 833 1244 curiatam
856 1202 1018 1244 consuli
1044 1202 1139 1243 ferri
1165 1217 1272 1258 opus
1293 1216 1398 1252 esse,
1420 1215 1592 1242 necesse
1613 1214 1697 1242 non

264 1277 382 1304 esse:
423 1276 480 1311 se,
501 1261 704 1316 quoniam
737 1275 789 1301 ex
811 1269 980 1300 senatus
1002 1259 1198 1300 consulto
1219 1259 1483 1315 provinciam
1508 1258 1699 1307 haberet,

264 1319 359 1375 lege
382 1318 582 1359 Cornelia
604 1317 831 1372 imperium
852 1316 1115 1366 habiturum,
1134 1317 1275 1371 quoad
1298 1316 1340 1356 in
1363 1316 1510 1356 urbem
1527 1314 1700 1355 introis-

264 1386 343 1417 set.
376 1375 485 1432 Ego,
508 1375 611 1430 quid
633 1374 686 1415 ad
709 1383 750 1414 te
775 1384 942 1415 tuorum
967 1374 1146 1428 quisque
1168 1373 1499 1414 necessariorum
1523 1371 1697 1421 scribat,

263 1433 434 1475 nescio:
467 1433 604 1473 varias
644 1445 734 1472 esse
774 1431 998 1487 opiniones
1031 1430 1240 1485 intelligo.
1277 1440 1390 1480 sunt,
1424 1429 1497 1484 qui
1529 1437 1697 1484 putent,

263 1505 388 1547 posse
408 1500 449 1530 te
474 1504 558 1530 non
582 1488 800 1538 decedere,
822 1488 936 1543 quod
961 1488 1050 1528 sine
1074 1487 1166 1542 lege
1195 1487 1360 1527 curiata
1388 1486 1467 1527 tibi
1496 1485 1697 1526 succeda-

261 1557 355 1589 tur:
388 1555 486 1587 sunt
509 1545 654 1595 etiam,
673 1544 761 1598 qui,
785 1545 817 1585 si
837 1544 1031 1595 decedas,
1050 1553 1128 1584 ate
1151 1543 1329 1598 relinqui
1351 1557 1487 1598 posse,
1507 1543 1579 1597 qui
1600 1556 1697 1597 pro-

261 1604 416 1646 vinciae
439 1603 600 1659 praesit.
661 1601 775 1642 Mihi
811 1616 895 1642 non
920 1611 1005 1642 tam
1029 1601 1081 1642 de
1102 1601 1201 1655 jure
1233 1611 1396 1641 certum
1419 1610 1511 1640 est:
1546 1613 1696 1654 quam-

262 1676 390 1717 quam
414 1675 466 1701 ne
487 1660 528 1701 id
552 1658 724 1714 quidem
750 1658 873 1699 valde
896 1658 1073 1699 dubium
1093 1667 1180 1699 est:
1213 1672 1356 1712 quam,
1377 1657 1478 1697 illud
1500 1657 1550 1697 ad
1576 1665 1693 1696 tuam

218 1726 473 1760 b-summam
497 1715 838 1772 amplitudinem,
857 1715 1129 1771 dignitatem,
1151 1718 1184 1745 8¹
1203 1713 1516 1763 liberalitatem,
1547 1727 1631 1768 qua
1654 1723 1696 1753 te

263 1776 352 1817 scio
371 1774 652 1816 libentissime
674 1772 755 1813 frui
777 1772 924 1825 solere,
943 1772 1168 1828 pertinere,
1191 1780 1232 1812 te
1249 1771 1338 1811 sine
1359 1771 1444 1811 ulla
1462 1784 1581 1811 mora
1599 1784 1696 1826 pro-

259 1833 447 1874 vinciam
473 1829 706 1871 successori
729 1829 976 1879 concedere,
1002 1829 1234 1884 praesertim
1251 1843 1348 1868 cum
1373 1829 1463 1868 sine
1485 1826 1694 1882 suspicio-

255 1904 311 1931 ne
326 1899 410 1931 tuae
425 1886 690 1944 cupiditatis,
704 1901 789 1927 non
808 1887 941 1941 possis
957 1885 1065 1926 illius
1080 1885 1358 1942 cupiditatem
1376 1885 1574 1926 refutare.
1601 1882 1692 1939 Ego

248 1950 486 2001 'utrumque
499 1958 642 1985 meum
656 1953 761 1999 puto
775 1953 932 1993 esse,et
944 1943 1046 1997 quid
1061 1944 1256 1992 sentiam,
1267 1943 1503 1992 ostendere,
1520 1951 1562 1981 et
1575 1940 1691 1995 quod

254 2003 422 2053 feceris,
451 2001 694 2043 defendere.
755 2000 926 2056 Scripta
951 2000 1043 2054 jam
1080 1999 1261 2055 epistola
1290 1999 1521 2054 superiore,
1542 1998 1690 2052 accepi

255 2069 349 2102 tuas
369 2063 408 2091 82
426 2059 589 2100 litteras
612 2058 664 2098 de
698 2057 937 2113 publicanis
957 2074 965 2098 ε
1004 2057 1159 2112 quibus
1182 2057 1430 2111 aequitatem
1455 2065 1570 2096 tuam
1602 2068 1689 2095 non

253 2118 377 2176 potui
415 2131 502 2158 non
541 2115 734 2172 probare.
767 2116 806 2144 83
821 2113 1026 2155 felicitate
1064 2114 1252 2170 quidem,
1284 2112 1449 2163 vellem,
1482 2111 1687 2167 consequi

292 2269 333 2299 79
355 2265 383 2295 si
403 2263 534 2293 curiata
555 2263 607 2291 lca·
621 2270 683 2290 non
698 2259 788 2299 esset]
814 2260 836 2290 i.
859 2270 890 2290 e.
905 2260 944 2290 de

250 2316 284 2337 se
307 2316 373 2338 non
396 2305 536 2335 ferretur
557 2312 615 2343 per
637 2302 845 2333 adversarios.
870 2312 944 2332 mox

250 2350 284 2379 in
309 2351 472 2388 legemque
495 2344 632 2377 delenda
656 2344 784 2384 copula.
829 2344 891 2374 Sed
912 2350 946 2374 et

249 2391 375 2430 reliqua
401 2399 467 2419 non
505 2388 655 2426 placent:
700 2387 821 2416 consuli
850 2384 947 2424 ferre

249 2443 328 2473 opus
353 2441 435 2462 esse:
470 2430 540 2469 quis
569 2437 711 2466 unquam
746 2428 793 2458 ita
817 2428 946 2458 loeutus

249 2475 322 2505 est?
347 2471 562 2511 saltemserri
575 2480 642 2500 esse
658 2470 765 2505 debet,
778 2470 864 2509 quod
883 2470 944 2500 Ms.

249 2521 362 2547 noster
388 2520 423 2546 et
450 2515 515 2545 Gu.
540 2513 640 2543 habet
668 2517 701 2542 et
728 2511 778 2542 ed.
811 2511 945 2542 Mediol.

248 2559 311 2589 Sed
335 2568 395 2597 ego
417 2561 499 2598 puto
520 2555 591 2586 haec
612 2563 679 2584 esse
702 2553 902 2594 interpolata
927 2564 944 2584 e

247 2599 518 2640 praecedentibus,
530 2597 571 2627 ab
587 2596 726 2626 indoctis
735 2596 875 2625 librariis
886 2600 944 2626 aut

247 2642 492 2682 glossatoribus.
522 2638 760 2677 delendumque
773 2637 882 2677 ¹ferre.
905 2637 944 2668 de

244 2694 279 2715 re
294 2695 323 2713 v.
340 2684 450 2722 Sigon.
466 2683 546 2713 Jure
561 2685 632 2711 ant.
646 2681 793 2711 Provinc.
810 2679 875 2716 111,
892 2682 939 2709 11.

244 2725 376 2756 Interea
391 2722 573 2764 dediferri.

287 2770 328 2797 80
356 2771 561 2806 paraturum
589 2773 664 2794 cum
691 2763 828 2802 collega]
867 2772 942 2792 cum

242 2811 315 2841 volt.
331 2818 398 2841 non
413 2808 512 2840 habet
523 2807 589 2839 Ms.
604 2809 725 2837 noster.
741 2806 946 2837 bene.teme.

988 2270 1021 2289 re
1044 2260 1219 2299 repetitum
1235 2262 1284 2290 est
1296 2269 1335 2288 ex
1355 2257 1634 2297 antecedentibus,
1651 2266 1690 2292 ut

988 2302 1021 2331 in
1039 2302 1101 2331 Ms.
1118 2302 1180 2331 Gn.
1196 2302 1295 2331 etiam
1309 2301 1523 2340 provinciam.

1033 2346 1065 2374 81
1096 2344 1338 2379 liberalitatem,
1353 2342 1544 2382 qua—frui
1567 2343 1682 2383 solere]

989 2385 1078 2416 Male
1101 2385 1157 2416 alii
1184 2387 1375 2416 libertatem.
1420 2385 1532 2414 Sermo
1562 2389 1611 2414 est
1645 2385 1686 2416 de

989 2428 1203 2466 benignitate,
1220 2426 1270 2456 cui
1287 2430 1321 2456 et
1333 2424 1583 2465 convenitsrui,
1599 2427 1685 2466 quod

990 2470 1070 2500 bene
1084 2479 1141 2509 pro
1156 2470 1205 2499 uti
1218 2469 1338 2498 dicitur
1350 2468 1487 2506 augendi
1504 2477 1613 2499 causa.

1031 2513 1070 2542 82
1093 2512 1205 2541 literas
1228 2512 1266 2541 de
1293 2510 1497 2549 publicanis:
1528 2511 1684 2549 quibus—-

986 2563 1048 2583 non
1061 2554 1152 2592 potui
1176 2563 1236 2583 nou
1252 2551 1405 2591 probare]
1430 2552 1543 2591 quibus
1564 2561 1628 2582 non
1644 2553 1686 2584 ad

987 2596 1175 2635 publicanos
1192 2595 1346 2634 pertinet,
1361 2598 1399 2623 ut
1415 2593 1498 2623 forte
1515 2594 1618 2624 visum
1636 2594 1682 2625 le·

987 2638 1105 2667 ctionis
1127 2637 1225 2676 hujus
1248 2635 1448 2673 auctoribus,
1474 2635 1529 2665 sed
1551 2635 1590 2666 nd
1606 2636 1681 2667 lite-

987 2689 1050 2714 ras,
1065 2678 1312 2717 addendumque
1326 2679 1369 2707 in.

1027 2724 1067 2751 83
1077 2720 1244 2760 felicitate
1257 2721 1370 2749 vellem-
1385 2729 1412 2749 c.
1424 2719 1476 2759 μ]
1504 2719 1684 2757 Felicitate,

986 2763 1071 2802 quod
1091 2767 1140 2793 cst
1155 2768 1189 2792 et
1204 2763 1237 2793 in
1253 2762 1315 2792 Ms.
1330 2766 1454 2798 nostre,
1471 2760 1607 2791 debetur·
1626 2761 1685 2792 Vi-

988 2805 1104 2843 ctorio,
1121 2805 1177 2847 qui
1192 2812 1259 2837 non
1273 2804 1354 2835 dixit
1369 2802 1466 2836 unde.
1510 2802 1596 2834 Ante
1612 2813 1683 2834 om·-
