1865 3223
287 95 364 130 324
588 91 765 130 EPIST.
794 92 978 130 LIBER
1004 89 1411 135 DUODECIMUS

801 194 1201 233 ARGUMENTUM.

444 259 596 308 Aufidii,
615 261 747 307 equitis
766 258 935 300 Romani,
956 257 1135 307 Africana
1151 259 1298 305 negotia
1315 257 1550 294 commendat.

533 325 598 366 M.
621 325 671 367 T.
697 326 748 367 C.
781 326 825 366 S.
851 326 900 366 P.
925 325 982 366 D.
1016 325 1072 371 Q.
1096 322 1485 366 CORNIFICIO.

294 380 436 433 SEX.
460 392 657 435 Aufidius
689 403 732 434 et
769 393 1057 441 observantia,
1089 406 1174 446 qua
1209 406 1275 432 me
1312 390 1431 440 colit,
1465 388 1630 431 accedit
1666 389 1720 431 ad

293 450 538 504 proximos:
572 460 614 490 et
632 449 855 505 splendore
881 449 1015 501 equiti
1048 448 1246 488 Romano
1268 448 1427 488 nemini
1456 446 1584 488 cedit.
1645 445 1724 487 Est

293 515 433 546 autem
459 507 518 546 ita
550 507 795 562 temperatis
828 505 1141 558 moderatisque
1171 505 1374 555 moribus,
1396 513 1444 546 ut
1472 517 1638 544 summa
1660 516 1724 544 se-

294 563 449 603 veritas
471 577 636 603 summa
669 576 766 603 cum
798 561 1067 602 humanitate
1093 561 1318 615 jungatur.
1378 560 1515 615 Cujus
1546 560 1624 601 tibi
1652 573 1724 600 ne-

295 620 429 675 gotia,
450 634 546 674 quae
570 628 668 660 sunt
691 620 733 659 in
757 617 920 667 Africa,
944 618 1004 658 ita
1025 617 1296 668 commendo,
1318 628 1365 657 ut
1387 618 1547 672 majore
1570 616 1727 667 studio,

295 676 488 732 magisve
516 691 571 717 ex
603 676 763 726 animo,
785 674 1084 717 commendare
1116 689 1202 714 non
1239 675 1412 729 possim.
1475 674 1729 729 Pergratum

296 733 402 773 mihi
435 731 599 782 feceris,
627 733 661 772 si
691 732 856 773 dederis
879 745 1067 786 operam,
1091 740 1137 771 ut
1162 731 1195 770 is
1227 730 1452 787 intelligat,
1474 745 1586 771 meas
1614 729 1728 786 apud

300 800 343 830 te
374 789 534 830 litteras
565 787 803 829 maximum
836 788 1001 844 pondus
1034 787 1247 829 babuisse.
1310 786 1408 827 Hoc
1439 797 1480 827 te
1504 786 1730 828 vehemen-

301 847 378 897 ter,
402 848 461 887 mi
485 845 708 898 Cornifici,
733 859 851 902 rogo.

814 913 1218 971 ARGUMENTUM.

302 998 407 1040 Quod
425 978 635 1048 Cornificius
650 998 687 1033 ὶη
705 1009 775 1039 eos,
795 998 858 1045 qui
877 996 1036 1043 Lilybaeo
1055 998 1185 1033 minati
1192 994 1362 1045 fuerant,
1380 1007 1451 1031 non
1469 995 1731 1031 animadverte-

350 1054 421 1090 rat,
444 1050 568 1086 leviter
591 1050 821 1097 reprehendit
835 1066 847 1085 .·
877 1054 1003 1085 contra
1022 1049 1149 1084 laudat
1171 1047 1246 1094 ejus
1264 1049 1302 1083 in
1321 1058 1430 1095 remp.
1448 1048 1607 1083 studium
1622 1063 1635 1084 .·
1662 1048 1727 1083 ad·
1770 1059 1775 1063 ·

351 1103 405 1138 dit
425 1103 467 1138 de
482 1104 638 1151 pecunia
655 1106 690 1138 et
708 1102 903 1150 republica.

171 1241 201 1272 Ρ·
219 1233 290 1262 9⁰⁰·
305 1225 664 1278 ASSENTIOR
687 1235 782 1285 tibi,
804 1249 892 1282 eOS,
913 1249 1021 1289 quos
1052 1234 1201 1275 scribis
1231 1234 1425 1290 Lilybaeo
1447 1233 1615 1284 minari,
1637 1233 1733 1276 istic

257 1283 289 1304 a.
305 1308 457 1351 poenas
479 1293 579 1334 dare
600 1292 821 1333 debuisse:
859 1293 926 1332 sed
953 1291 1158 1341 metuisti,
1181 1299 1228 1331 ut
1247 1292 1323 1342 ais,
1343 1305 1396 1332 ne
1418 1291 1544 1332 nimis
1566 1290 1673 1331 liber
1691 1290 1736 1332 in

304 1351 549 1392 ulciscendo
581 1349 784 1390 viderere.
847 1348 1045 1388 Metuisti
1079 1348 1224 1402 igitur,
1256 1361 1310 1388 ne
1348 1349 1489 1404 gravis
1527 1348 1647 1397 civis,
1683 1361 1735 1388 ne

303 1407 431 1449 nimis
462 1406 600 1455 fortis,
623 1421 674 1446 ne
707 1405 834 1446 nimis
872 1414 913 1445 te
945 1405 1101 1460 dignus
1135 1405 1334 1445 viderere.
1396 1404 1526 1451 Quod
1556 1405 1735 1445 societa-

304 1474 390 1506 tem
429 1462 675 1518 reipublicae
708 1462 1011 1503 conservandae
1043 1463 1082 1491 88
1099 1461 1174 1500 tibi
1215 1475 1378 1502 mecum
1414 1477 1439 1502 a
1465 1470 1584 1517 patre
1616 1475 1738 1502 acce-

303 1533 421 1577 ptam
455 1535 649 1569 renovas,
671 1529 842 1575 gratum
875 1527 964 1559 est:
995 1532 1092 1573 quae
1115 1519 1294 1558 societas
1319 1519 1427 1559 inter
1458 1532 1534 1558 nos
1557 1532 1738 1573 semper,

305 1579 363 1619 mi
388 1577 611 1627 Cornifici,
633 1575 839 1617 manebit.
901 1575 1082 1616 Gratum
1106 1576 1235 1615 etiam
1260 1574 1376 1624 illud,
1398 1575 1512 1630 quod
1537 1573 1640 1615 mihi
1664 1583 1740 1615 tuo

307 1635 480 1676 nomine
514 1634 672 1689 gratias
701 1632 886 1688 agendas
921 1646 1003 1671 non
1040 1640 1176 1686 putas.
1208 1646 1286 1672 nec
1313 1633 1425 1672 enim
1453 1631 1493 1672 id
1525 1631 1634 1671 inter
1661 1645 1739 1672 nos

308 1693 446 1732 facere
478 1691 698 1731 debemus.
761 1690 942 1729 Senatus
973 1692 1012 1722 89
1029 1688 1185 1743 saepius
1219 1703 1293 1743 pro
1325 1688 1536 1744 dignitate
1568 1699 1641 1728 tua
1667 1702 1741 1743 ap-

308 1748 548 1804 pellaretur,
571 1748 620 1796 si,
645 1747 893 1787 absentibus
921 1745 1183 1795 consulibus»,
1210 1759 1426 1799 uinquam,
1457 1746 1537 1786 nisi
1565 1745 1618 1785 ad
1651 1759 1739 1786 rem

308 1819 480 1855 novam,
511 1813 751 1859 cogeretur.
814 1802 964 1856 Itaque
1000 1816 1078 1843 nee
1114 1802 1167 1842 de
1204 1801 1303 1842 H-S
1336 1816 1415 1851 xx,
1448 1816 1525 1842 nec
1556 1801 1608 1842 de
1641 1801 1740 1842 H-S

312 1875 439 1911 mcc,
462 1861 695 1916 quidquam
718 1859 787 1914 agi
812 1874 925 1899 nunc
953 1873 1027 1914 per
1047 1867 1240 1899 senatum
1264 1869 1418 1913 potest.
1476 1857 1575 1900 Tibi
1598 1867 1742 1899 autem

308 1934 363 1960 ex
395 1928 564 1959 senatus
602 1918 799 1958 consulto
832 1916 1141 1971 imperandum,
1174 1924 1456 1971 mutuumque
1488 1915 1742 1956 sumendum

304 1989 477 2017 censeo.
540 1973 591 2014 In
613 1973 833 2030 republica
856 1973 960 2028 quid
981 1983 1147 2028 agatur,
1171 1972 1298 2013 credo
1321 1983 1362 2013 te
1383 1987 1435 2013 ex
1459 1986 1605 2014 eorum
1629 1972 1742 2013 litte-

310 2034 367 2074 ris
409 2046 684 2088 cognoscere,
713 2031 787 2086 qui
820 2031 873 2070 ad
913 2040 953 2069 te
985 2040 1081 2070 acta
1114 2030 1274 2070 debent
1309 2030 1584 2085 perscribere.
1646 2027 1742 2085 Ego

311 2104 404 2130 sum
428 2103 502 2144 spe
529 2091 665 2130 bona:
698 2087 893 2135 consilio,
915 2101 1030 2136 cura,
1051 2085 1196 2126 labore
1224 2100 1308 2126 non
1333 2086 1510 2128 desum:
1543 2087 1743 2128 omnibus

313 2146 498 2187 inimicis
514 2145 759 2202 reipublicae
774 2159 864 2185 esse
881 2158 949 2184 me
969 2145 1222 2184 acerrimum
1237 2142 1419 2191 hostem,
1437 2158 1524 2199 prae
1549 2158 1615 2185 me
1638 2143 1742 2184 fero.

316 2204 401 2243 Res
437 2217 574 2257 neque
607 2216 720 2242 nunc
743 2200 906 2242 difficili
941 2201 1035 2242 loco
1066 2200 1170 2241 mibi
1195 2199 1363 2242 videtur
1383 2214 1497 2243 esse:
1529 2210 1573 2241 et
1594 2200 1745 2241 fuisset

314 2259 536 2310 facillime,
559 2260 592 2300 si
614 2258 741 2314 culpa
762 2274 787 2299 a
806 2258 1062 2313 quibusdam
1086 2256 1310 2298 abfuisset.
1499 2261 1501 2263 ’

233 936 286 973 28

359 2396 399 2424 88
423 2393 480 2422 tibi
503 2402 625 2423 mecum
650 2404 670 2423 a
696 2398 794 2432 patre
824 2392 1009 2432 acceptam]

306 2436 376 2465 -tihi
389 2445 528 2470 mecum,
544 2436 568 2464 si
587 2436 765 2473 genuinum
785 2441 847 2472 est,
865 2436 904 2465 ad
918 2436 1013 2465 socie-

320 2482 423 2508 tatem
439 2476 642 2508 referendum
657 2484 718 2507 est.

364 2524 404 2553 89
427 2522 540 2560 soepins
558 2528 592 2558 p.
613 2519 644 2548 d.
663 2523 686 2548 t.
703 2518 896 2558 appellaret]
923 2518 1013 2549 Libri

322 2571 385 2591 scr.
408 2566 442 2591 et
465 2561 535 2591 cdd.
562 2571 607 2600 pr.
631 2561 776 2591 variant:
803 2571 893 2590 meus
916 2561 1014 2591 habt-t

323 2604 517 2643 appellaret,
532 2610 571 2632 ut
593 2609 625 2633 et
649 2603 699 2632 ed.
723 2603 818 2633 Rom.
849 2606 935 2636 1471.
960 2603 1013 2632 alii

323 2646 559 2684 appellaretur,
577 2652 614 2674 ut
637 2645 686 2674 ed.
704 2644 792 2674 Med.
810 2647 900 2683 cujus
917 2644 1014 2674 lectio

323 2692 453 2718 servata
475 2694 524 2718 est
547 2687 587 2716 ad
608 2687 805 2722 victorium,
825 2687 878 2725 qui
904 2693 1013 2716 tamen

323 2729 362 2760 de
378 2729 482 2760 altera
505 2730 646 2765 monuit,
661 2734 695 2759 et
717 2739 788 2758 eam
806 2729 838 2757 in
857 2731 942 2758 notis
959 2738 1014 2767 po-

323 2772 512 2802 sterion-{buz
538 2770 695 2811 praetulit.
739 2770 886 2800 Gra-vius
913 2771 1015 2800 edidit

325 2813 380 2845 ille
406 2813 535 2852 quidem
561 2815 796 2853 appellaretur,
820 2813 875 2843 sed
903 2816 1016 2843 tamen

1056 2391 1214 2433 probabat
1229 2394 1421 2432 appellaret,
1434 2392 1635 2433 putabatque
1651 2393 1748 2425 intel-

1057 2435 1111 2473 ligi
1134 2434 1292 2466 Consules.
1328 2435 1503 2465 Enimvero
1518 2434 1675 2466 Consules
1691 2437 1748 2466 ab·

1056 2482 1163 2513 erant,
1193 2486 1252 2507 nec
1281 2487 1299 2507 a
1321 2482 1436 2507 senatu
1467 2476 1623 2516 appellari
1654 2482 1746 2518 pote-

1058 2527 1132 2549 rant
1147 2530 1153 2548 :
1189 2524 1223 2548 et
1253 2529 1328 2548 mox
1356 2525 1405 2548 est
1432 2519 1531 2548 etiam
1557 2524 1726 2558 cogeretur
1738 2532 1748 2550 .-

1058 2570 1117 2591 nec
1131 2566 1179 2590 est
1193 2561 1248 2591 hic
1262 2560 1376 2590 modus
1387 2560 1538 2599 loquendi
1555 2563 1696 2592 usitatus
1713 2563 1748 2593 in

1059 2603 1118 2632 bac
1137 2612 1170 2632 re
1186 2603 1346 2633 Ciceroni.
1392 2603 1507 2640 ltaque
1526 2605 1749 2643 appellaretur

1058 2644 1154 2674 edidi.
1176 2645 1362 2684 appellatur
1373 2649 1514 2680 senatus,
1527 2655 1601 2675 cum
1616 2653 1749 2682 senten-

1057 2686 1141 2716 tiam
1161 2685 1305 2715 dicentes
1321 2686 1359 2716 de
1382 2686 1490 2725 aliqua
1513 2697 1559 2724 re,
1575 2687 1747 2727 egrediun-

1057 2733 1113 2757 tur
1132 2727 1336 2764 relationem,
1351 2734 1578 2770 senatumqne,
1595 2729 1671 2770 quid
1693 2730 1748 2760 de-

1058 2770 1257 2801 cernendum
1271 2770 1327 2807 sit,
1343 2776 1490 2801 monent.
