1860 3228
477 77 557 119 'AD
581 79 638 118 M.
656 78 906 119 MARJUM
933 78 1009 116 ET
1036 76 1315 116 CETEROS.
1539 83 1609 123 173

180 182 294 224 enim
337 182 441 225 mihi
477 177 626 235 vereri,
662 185 784 234 93ne‚
823 182 855 223 si
897 182 1026 223 istum
1065 179 1358 230 habuerimus,
1397 179 1610 223 rideamus

177 244 312 291 γέλωτα
332 243 501 298 σαρδόνιον.
560 240 644 281 Sed
666 239 770 280 heus
794 247 855 290 tu,
876 251 1051 280 manum
1084 237 1137 277 de
1170 236 1330 278 tabula.
1352 238 1393 270 94
1409 238 1612 294 magister

178 298 299 339 adest
330 298 472 350 citius,
527 311 619 337 uam
656 305 918 351 putaramus.
978 295 1154 346 Vereor,
1174 297 1214 328 95
1229 308 1281 334 ne
1308 294 1351 334 in
1376 293 1610 336 Catonium

181 354 434 396 Catoninos.
493 312 562 394 3ss
588 352 727 404 Galle,
749 367 853 394 cave
878 361 1001 409 putes
1023 351 1258 407 quidquam
1294 350 1460 401 melius,
1481 366 1610 407 quam

177 411 372 468 epistolae
404 421 488 452 tuae
523 419 684 466 partem
708 410 761 451 ab
784 424 834 451 eo
858 409 978 451 loco:
1011 415 1140 450 cetera
1163 407 1374 448 labuntur.
1436 407 1611 450 Secreto

179 468 262 510 hoc
284 469 408 510 audi:
442 478 582 508 tecum
615 467 798 509 habeto:
831 481 885 508 ne
916 465 1080 522 Apellae
1113 465 1302 521 quidem,
1334 464 1487 506 liberto
1522 475 1611 518 tu0,

176 525 353 566 dixeris.
386 534 542 580 praeter
574 525 659 566 duo
693 539 785 574 nos,
808 523 998 579 loquitur
1033 523 1114 563 isto
1148 522 1278 563 modo
1312 535 1469 564 nemo:
1506 523 1612 563 bene

178 582 357 633 malene,
394 581 569 623 videro:
614 582 702 632 sed,
740 581 949 637 quidquid
992 589 1072 631 est,
1113 589 1306 620 nostrum
1347 588 1426 620 est.
1494 579 1613 636 Urge

178 639 340 695 igitur:
372 652 450 680 nec
485 648 770 680 transversum
808 652 995 694 unguem
1031 637 1167 692 (quod
1199 636 1338 686 aiunt)
1371 652 1396 678 a
1427 636 1542 678 stilo.
1579 636 1614 677 is

178 696 292 736 enim
324 705 389 736 est
421 696 591 737 dicendi
627 696 793 752 opifex.
827 704 956 751 atque
987 693 1186 750 equidem
1220 692 1486 749 aliquantum
1520 694 1615 750 jam

177 753 308 794 etiam
331 754 472 794 noctis
495 768 679 795 assumo.
742 751 862 793 Vale.

698 838 1104 878 ARGUMENTUM.

196 903 338 940 Herbas
355 906 392 941 in
411 906 583 953 augurali.
601 917 689 941 cena
708 906 811 942 lauta
829 905 993 940 conditas
1010 904 1079 940 sibi
1097 902 1259 939 morbum
1277 903 1443 939 attulisse
1459 906 1602 938 narrat.

579 971 814 1014 CICERO
846 971 890 1014 S.
915 970 973 1012 D.
1000 969 1223 1013 GALLO.

176 1027 322 1081 CUM
360 1039 575 1081 decimum
603 1041 698 1096 jam
733 1040 849 1082 diem
885 1038 1073 1095 graviter
1111 1052 1164 1079 ex
1204 1038 1418 1079 intestinis
1452 1037 1619 1079 labora-

180 1111 297 1148 rem3
329 1111 467 1152 neque
499 1097 564 1148 iis,
587 1099 660 1153 qui
693 1112 788 1138 mea
817 1111 947 1152 opera
979 1096 1042 1136 uti
1066 1095 1280 1146 volebant,
1306 1110 1372 1136 me
1394 1097 1619 1151 probarem
1631 1104 1664 1138 b.

183 1168 269 1194 non
305 1154 457 1204 valere,
493 1155 595 1209 quia
628 1154 781 1196 febrim
821 1168 905 1194 non
948 1153 1175 1194 haberem:
1209 1151 1301 1207 fugi
1339 1153 1382 1193 in
1415 1151 1622 1194 Tuscula-

182 1225 311 1262 num3
354 1225 452 1251 cum
492 1211 665 1266 quidem
711 1212 886 1251 biduum
930 1210 990 1249 ita
1024 1208 1204 1264 jejunus
1247 1209 1438 1261 fuissem,
1483 1219 1529 1250 ut
1570 1223 1623 1251 ne

181 1281 338 1322 aquam
372 1268 546 1322 quidem
585 1279 820 1323 gustarem.
882 1265 1035 1321 Itaque
1073 1264 1297 1307 confectus
1335 1266 1542 1323 languore
1580 1276 1624 1308 et

181 1323 311 1374 fame,
332 1324 470 1380 magis
498 1333 619 1365 tuum
651 1325 844 1366 officium
875 1323 1128 1373 desideravi,
1149 1337 1277 1377 quam
1301 1324 1377 1364 abs
1401 1333 1443 1364 te
1464 1324 1623 1379 requiri

183 1380 332 1436 putavi
354 1395 512 1422 meum.
575 1380 671 1437 Ego
703 1391 846 1423 autem
885 1395 983 1421 cum
1006 1394 1154 1421 omnes
1177 1380 1350 1421 morbos
1372 1380 1623 1432 reformido,

181 1438 224 1473 96
238 1448 329 1479 tum
365 1438 480 1494 quod
516 1436 751 1495 Epicurum
786 1452 907 1480 tuum
948 1437 1083 1478 Stoici
1117 1437 1227 1477 male
1259 1438 1496 1494 accipiunt,
1523 1438 1625 1494 quia

181 1494 315 1546 dicat,
343 1498 521 1550 δυσ-ουςικοὶ
547 1502 606 1537 καὶ
633 1497 838 1550 δυσεντερικὰ
865 1499 960 1540 πάθη
990 1495 1123 1535 97Sib1
1155 1493 1335 1535 mOieSta
1363 1509 1484 1537 esse:
1517 1510 1625 1551 quo-

184 1566 278 1593 rum
306 1552 500 1603 alterum,
525 1552 721 1593 morbum
753 1551 978 1592 edacitatis
1009 1566 1101 1592 esse
1132 1560 1316 1607 putant3
1347 1551 1529 1593 alterum
1559 1562 1623 1594 et-

182 1609 268 1650 iam
295 1609 498 1665 turpioris
521 1608 881 1666 intemperantiae.
943 1608 1054 1649 Sane
1084 1611 1280 1664 δυπιτεςίαν
1302 1610 1623 1664 pertimueram.

183 1665 268 1707 Sed
294 1667 384 1707 visa
414 1676 479 1707 est
517 1666 623 1707 mihi
648 1666 714 1708 vel
748 1665 831 1707 loci
865 1666 1064 1717 mutatio,
1096 1666 1160 1706 vel
1192 1666 1324 1707 animi
1358 1666 1488 1707 etiam
1518 1666 1625 1708 rela-

185 1723 321 1774 xatio,
342 1723 410 1764 vel
432 1724 525 1780 ipsa
546 1723 726 1764 fortasse
745 1723 839 1778 jam
863 1723 1122 1764 senescentis
1145 1723 1284 1764 morbi
1309 1724 1502 1765 remissio
1527 1739 1625 1780 pro-

183 1779 330 1821 fuisse.
389 1779 612 1832 Attamen,
643 1795 699 1821 ne
734 1780 901 1830 mirere,
935 1780 1048 1821 unde
1081 1779 1166 1822 hoc
1201 1780 1422 1833 acciderit,
1443 1796 1626 1837 quomo-

184 1837 296 1878 dove
324 1838 643 1880 commiserim:
676 1837 745 1879 lex
778 1837 1028 1888 summaria,
1049 1851 1148 1892 quae
1172 1837 1341 1879 videtur
1370 1838 1531 1889 ,λιτότητα
1561 1848 1625 1880 at-

1629 841 1685 883 26

184 1895 347 1946 tulisse,
378 1909 429 1936 ea
465 1895 572 1936 mihi
605 1894 745 1937 fraudi
777 1894 876 1935 fuit.

224 2009 265 2042 93
289 2018 339 2045 ne,
361 2010 388 2039 εἰ
408 2011 508 2039 istum
531 2009 752 2045 habuerimus,
775 2009 883 2039 ridea-

185 2061 259 2082 mus
286 2050 361 2089 &0.]
393 2051 500 2081 Istum
530 2051 592 2082 int.
618 2053 800 2083 Caesarem:
828 2050 885 2081 sed

182 2098 294 2125 totum
308 2102 349 2123 ne
359 2094 387 2122 si
401 2095 423 2124 i.
439 2094 649 2125 habuerimus
661 2099 710 2124 est
724 2094 795 2124 sine
809 2102 882 2123 sen-

184 2145 235 2172 su,
251 2145 311 2166 nec
327 2145 440 2166 verum
453 2145 522 2165 esse
538 2142 660 2176 potest.
698 2135 812 2166 Placet
827 2136 883 2166 Vi-

183 2178 280 2208 ctorii
303 2178 474 2214 correctio,
489 2187 540 2215 ne,
555 2180 617 2209 nisi
639 2180 737 2208 istum
759 2180 881 2208 caveri-

186 2230 259 2251 mus
281 2220 340 2250 ἃς.
358 2218 445 2258 quod
466 2219 551 2250 belle
573 2221 738 2252 convenit.
757 2226 883 2258 monet,

185 2272 226 2292 ne
241 2261 378 2292 dicteria
390 2261 477 2291 dicat
492 2261 527 2291 in
543 2262 705 2293 Caesarem
722 2274 728 2293 :
751 2272 792 2293 ne
805 2272 883 2293 cum

186 2314 273 2335 noxa
287 2313 345 2334 sua
360 2303 500 2334 rideant.

227 2348 269 2380 94
290 2346 449 2384 magister
473 2346 564 2376 adest
587 2347 697 2387 citius]
721 2347 886 2386 Magister

183 2395 234 2419 est
260 2389 380 2418 iterum
407 2387 536 2419 Caesar:
561 2399 659 2428 quem
685 2390 884 2428 mag-Istrum

185 2430 279 2468 dicit,
302 2430 394 2461 velut
417 2430 560 2461 seholae:
585 2441 662 2461 nam
684 2432 724 2462 de
746 2431 830 2463 libro
851 2435 886 2462 et

185 2473 302 2504 tabula
323 2472 424 2503 dixit:
447 2472 534 2512 quod
563 2474 707 2513 pertinet
729 2474 770 2504 ad
791 2473 886 2504 scho-

939 1894 1052 1936 Nam
1086 1894 1189 1935 dum
1224 1894 1374 1937 volunt
1410 1891 1481 1932 isti
1518 1894 1625 1938 lauti

925 2017 1001 2038 nem
1017 2008 1147 2039 servari.
1184 2007 1271 2038 Usus
1286 2008 1350 2039 hoe
1363 2009 1461 2039 verbo
1475 2014 1546 2040 erat
1563 2009 1626 2042 La-

925 2050 1044 2082 berius.
1062 2061 1091 2080 v.
1108 2049 1193 2080 Geli.
1209 2050 1302 2087 XVI,
1317 2054 1350 2085 7.

968 2092 1010 2126 96
1031 2097 1103 2123 tum
1116 2092 1201 2132 quod
1215 2091 1326 2132 Epicu]
1353 2094 1435 2124 Haec
1456 2098 1508 2124 est
1528 2094 1628 2126 lectio

925 2134 998 2165 edd.
1015 2145 1063 2175 pr.
1078 2142 1113 2166 et
1137 2135 1216 2164 Mss.
1239 2145 1388 2167 meorum
1410 2136 1629 2176 aliorumque.

926 2177 983 2208 aiii
1009 2188 1066 2217 per
1093 2179 1315 2218 conjecturam
1343 2178 1459 2209 dedere
1484 2179 1518 2210 in
1543 2189 1627 2219 quo:

927 2219 979 2248 eui
1000 2219 1088 2249 favet
1104 2219 1202 2249 lectio
1225 2218 1384 2251 librorum
1407 2220 1571 2252 Gebhardi
1592 2223 1629 2253 in

926 2262 1012 2300 quod
1023 2274 1032 2291 .-
1054 2262 1256 2300 omninoque
1277 2272 1349 2293 eam
1375 2262 1553 2294 lectionem
1574 2273 1629 2296 ve-

927 2313 997 2334 ram
1011 2308 1104 2344 puto.
1128 2304 1301 2335 Manutius
1317 2305 1460 2336 malebat
1471 2316 1629 2346 quo,pro-

927 2345 1047 2385 batque
1074 2347 1233 2377 Graevius.
1263 2346 1319 2377 sed
1348 2349 1403 2387 qui
1432 2348 1548 2378 modus
1578 2348 1628 2379 10-

927 2388 1060 2427 quendi,
1076 2390 1184 2420 morbo
1199 2389 1340 2429 aliquem
1356 2391 1444 2420 male
1457 2391 1627 2430 accipere?

928 2430 985 2460 ilia
999 2436 1109 2461 autem
1127 2431 1224 2462 lectio
1239 2432 1404 2471 optimum
1420 2442 1552 2463 sensum
1568 2432 1627 2463 ha-

928 2473 1005 2502 bet:
1030 2474 1127 2504 timet
1144 2474 1285 2504 maxime
1299 2484 1376 2504 eum
1393 2475 1556 2512 morbum,
1572 2485 1631 2506 cu·

186 2514 265 2546 lam.
308 2514 411 2546 Urtius
423 2516 514 2546 adest
529 2515 673 2556 pertinet
687 2516 728 2547 ad
743 2515 885 2547 reditum
921 2517 977 2556 jus
1006 2525 1104 2547 causa
1133 2516 1273 2547 irrident
1305 2517 1419 2548 acerbe
1448 2517 1630 2557 Epicurum

187 2567 226 2588 ex
252 2557 424 2598 Hispania,
439 2558 535 2587 victis
560 2558 706 2598 Pompeii
733 2558 810 2589 filiis
839 2558 885 2588 ci-
929 2556 1043 2588 Stoici.

187 2600 267 2637 tius,
281 2609 381 2639 quam
396 2604 566 2640 putarant.

229 2645 270 2677 95
294 2651 334 2672 ne
347 2643 382 2673 in
401 2641 571 2673 Catonium
592 2642 678 2682 Cat]
704 2642 839 2673 Frustra
853 2642 888 2672 in

190 2683 367 2723 ‚antonium
388 2684 510 2715 haesere
534 2685 646 2722 musti,
662 2684 760 2724 idque
780 2685 891 2725 conje-

189 2726 290 2757 etun-is
305 2732 491 2759 tentarunt.
529 2727 702 2758 Cotonium
717 2731 767 2758 est
781 2737 888 2758 orcus.

191 2767 279 2798 lusus
306 2770 523 2801 necessarium
552 2769 643 2805 facit,
666 2769 752 2800 hanc
773 2768 889 2804 lectio·

971 2602 1011 2634 97
1034 2601 1094 2631 sibi
1109 2601 1244 2631 molesta
1258 2600 1337 2640 esse]
1354 2601 1376 2631 i.
1392 2611 1421 2631 e.
1437 2609 1523 2640 saepe
1539 2601 1632 2634 inva-

930 2642 1006 2673 dere
1031 2652 1065 2674 se
1088 2647 1124 2673 et
1142 2652 1271 2680 vexare,
1296 2648 1336 2673 ut
1361 2642 1537 2673 creditores
1560 2654 1631 2675 mo.

930 2684 1006 2716 lesti
1027 2689 1107 2716 sunt
1127 2685 1342 2721 debitoribus,
1364 2685 1387 2716 i.
1402 2695 1430 2715 e.
1447 2694 1523 2716 cum
1544 2695 1634 2729 sepe

931 2727 1114 2769 appenant,
1130 2733 1251 2767 urgent
1266 2727 1326 2758 διο.
