1903 3218
316 71 394 106 234
721 66 898 104 EPIST.
928 65 1113 104 LIBER
1138 65 1340 130 NQNUS

317 170 411 212 Nec
444 169 485 211 id
519 170 571 211 ad
596 170 859 226 voluptatem
890 169 1042 220 refero,
1072 170 1144 211 sed
1173 170 1225 212 ad
1257 168 1608 211 communitatem
1640 168 1738 210 vitae

317 236 446 282 atque
468 227 621 278 victus,
643 227 1021 282 remissionemque
1043 228 1281 269 animorum
1300 243 1309 268 t
1333 240 1428 282 quae
1449 228 1636 268 maxime
1657 238 1740 266 ser·

319 298 444 326 mone
465 284 649 325 efficitur
671 284 883 334 familiari,
905 285 978 338 qui
1000 294 1065 324 est
1087 284 1126 324 in
1148 283 1358 325 conviviis
1377 281 1672 325 dulcissimus:
1696 289 1744 322 ut.

187 359 220 390 p.
240 347 307 377 142.
321 340 554 397 sapientius
576 342 724 390 nostri,
746 355 872 396 quam
899 340 1040 381 Graeci
1059 358 1069 390 ς
1101 340 1159 381 illi
1183 344 1366 393 συμπόσιι,
1389 349 1463 380 aut
1488 337 1667 379 σύνδειπνοι,
1700 337 1743 378 id

276 399 307 420 ὅ·
321 408 399 448 est,
421 398 778 454 compotationes,
800 405 872 437 aut
896 398 1251 438 concenationes:
1285 411 1361 437 nos
1383 392 1606 443 convivia3
1627 394 1743 448 quod

322 465 413 496 tum
434 455 620 495 maxime
642 453 766 494 simul
791 453 962 493 vivitur.
1014 453 1157 503 Vides,
1183 462 1227 493 ut
1250 463 1291 493 te
1314 449 1656 508 philosophando
1679 464 1743 491 re-

323 526 474 553 vocare
496 525 625 552 coner
646 511 697 550 ad
720 513 871 551 cenas?
904 509 1033 559 Cura,
1064 518 1110 549 ut
1133 509 1282 550 valeas.
1316 510 1355 550 id
1390 510 1493 551 foris
1516 506 1743 548 cenitando

322 567 523 611 facillime
544 581 817 622 consequere.
850 566 932 607 Sed
955 580 1072 615 cave,
1101 565 1133 606 si
1164 579 1230 605 me
1251 580 1381 616 amas,
1403 564 1637 614 existimes,
1660 578 1742 614 me,

321 624 639 680 quodjocosius
657 624 854 673 scribam,
874 621 1081 676 abjecisse
1097 636 1241 662 curam
1262 622 1522 678 reipublicae.
1555 621 1627 661 Sic
1644 621 1744 670 tibi,

322 682 380 722 mi
403 681 537 732 Paete,
558 680 776 736 persuade,
796 694 863 720 me
880 679 969 720 (lies
988 689 1029 719 et
1050 688 1196 720 noctes
1216 678 1320 719 nihil
1339 679 1452 719 aliud
1471 693 1610 735 agere,
1632 676 1742 719 nihil

321 753 482 788 curare,
506 738 584 778 nisi
607 747 651 777 nt
673 737 754 777 mei
778 737 893 777 cives
916 735 1017 776 salvi
1043 735 1248 790 liberique
1270 735 1369 775 sint.
1407 735 1582 776 Nullum
1603 736 1741 776 locum

322 795 606 851 praetermitto
644 793 860 843 monendi,
902 792 1073 847 agendi,
1117 792 1391 847 providendi:
1437 792 1520 833 hoc
1561 792 1743 847 denique

320 852 463 892 animo
488 865 595 899 sum,
628 859 689 900 ut,
719 850 752 890 si
781 849 826 890 ‘in
861 849 939 890 hac
971 863 1073 889 cura
1102 859 1230 903 atque
1261 849 1630 890 administratione
1657 850 1746 889 vita

320 908 425 949 mihi
450 907 646 963 ponenda
675 907 743 957 sit,
776 905 978 962 praeclare
1005 917 1148 947 actum
1174 919 1340 946 mecum
1366 916 1524 961 putem.
1587 904 1744 956 Etiam,

321 976 449 1021 atquc
471 964 600 1005 etiam
627 963 731 1004 vale.

250 1058 304 1094 2:22
630 1052 632 1055 ’
832 1052 1234 1089 ARGUMENTUM.

319 1119 406 1154 Cum
424 1118 560 1153 Cilicioe
580 1117 701 1152 Cicero
717 1128 784 1164 pro
803 1117 945 1151 consuta
958 1120 1137 1164 praeesset,
1159 1128 1181 1150 a
1202 1116 1302 1151 Poeto
1321 1115 1462 1150 litteras
1480 1114 1523 1149 de
1540 1125 1578 1148 re
1592 1112 1747 1148 'militari

367 1171 503 1218 accepit
517 1185 528 1205 :
558 1181 647 1217 quas
655 1167 785 1214 jocans
807 1168 860 1203 his
880 1170 1055 1216 exagitat,
1076 1172 1110 1203 et
1127 1179 1200 1203 una
1219 1167 1274 1203 M.
1294 1167 1442 1203 Fabium
1459 1164 1694 1201 commendat.

713 1234 947 1277 CICERO
988 1234 1120 1276 IMP.
1159 1233 1350 1276 PAETO.

318 1294 611 1346 SUMMUM
636 1317 703 1342 me
726 1303 879 1343 ducem
902 1302 1056 1343 litterae
1079 1313 1162 1342 tuae
1187 1302 1419 1343 reddidere.
1442 1301 1563 1356 plane
1586 1299 1746 1354 nescie-

316 1362 431 1411 bam,
454 1371 494 1401 te
520 1370 607 1400 tam
632 1360 816 1414 peritum
839 1373 928 1400 esse
952 1359 1010 1399 rei
1034 1359 1243 1399 militaris.
1306 1358 1460 1414 Pyrrhi
1486 1368 1526 1398 te
1547 1356 1678 1397 libros
1700 1366 1744 1397 et

317 1418 465 1460 Cineae
489 1417 612 1458 video
637 1416 863 1456 lectitasse.
925 1415 1076 1470 Itaque
1098 1417 1395 1470 obtemperare
1416 1415 1564 1471 cogito
1585 1428 1744 1469 praece-

317 1475 400 1530 ptis
424 1473 533 1516 tuis:
567 1473 648 1513 hoc
678 1473 884 1528 amplius3
916 1472 1207 1513 navicularum
1243 1472 1397 1513 habere
1420 1470 1580 1526 aliquid
1605 1472 1645 1510 in
1670 1485 1745 1511 ora

315 1531 544 1572 maritima.
575 1540 726 1570 contra
754 1530 945 1584 equitem
977 1528 1187 1569 Parthum
1211 1539 1371 1582 negant
1401 1528 1529 1569 ullam
1558 1536 1744 1567 armatu-

316 1603 406 1629 ram
434 1587 652 1628 meliorem
688 1587 867 1627 inveniri
900 1600 1036 1642 posse.
1096 1585 1180 1626 Sed
1211 1586 1313 1639 quid
1344 1585 1560 1627 ludimus?
1593 1583 1745 1634 nescis,

314 1659 502 1700 quocum
533 1644 791 1699 imperatore
826 1645 901 1685 tibi
942 1642 1165 1698 negotium
1190 1643 1259 1682 sit.
1289 1643 1436 1681 παιὲείοιν
1455 1643 1560 1696 Κίιςε,
1584 1643 1744 1696 8quam

314 1702 599 1743 contriveram
623 1701 821 1756 legendo,
847 1711 981 1743 totam
1007 1701 1049 1740 in
1073 1699 1154 1739 hoc
1179 1698 1358 1754 imperio
1381 1696 1610 1753 explicavi.
1661 1697 1744 1738 Sed

307 1759 556 1814 jocabimur
577 1756 679 1798 alias
700 1772 861 1809 coram,
888 1768 932 1798 ut
954 1771 1092 1812 spero,
1115 1756 1229 1796 brevi
1257 1767 1461 1809 tempore.
1494 1752 1623 1794 Nunc
1645 1754 1744 1807 ades

315 1816 367 1857 ad
390 1814 701 1871 imperandum,
725 1815 790 1855 vel
821 1817 870 1856 ad
898 1813 1129 1870 parendum
1157 1812 1324 1868 potius:
1357 1812 1419 1851 sic
1439 1812 1552 1851 enirn
1576 1811 1742 1866 antiqui

316 1873 616 1927 loquebantur.
678 1871 788 1912 Cum
823 1871 889 1912 M.
917 1871 1064 1919 Fabio,
1086 1869 1200 1924 quod
1225 1869 1331 1909 scire
1354 1876 1395 1909 te
1417 1868 1615 1918 arbitror,
1638 1867 1743 1908 mihi

315 1943 505 1970 summus
530 1943 628 1969 usus
658 1938 746 1970 est:
782 1928 987 1983 valdeque
1010 1941 1107 1967 eum
1139 1926 1288 1982 diligo,
1311 1939 1407 1965 cum
1434 1934 1608 1980 propter
1630 1938 1744 1979 sum-

315 2000 427 2027 mam
452 1986 708 2041 probitatem
734 1985 826 2040 ejus
849 2001 898 2026 ac
921 1983 1179 2039 singularem
1208 1982 1476 2031 modestiam,
1508 1991 1597 2021 tum
1629 1981 1743 2036 quod

315 2045 358 2083 in
392 2043 458 2084 his
494 2043 812 2094 controversiis,
851 2056 955 2097 quas
987 2041 1125 2082 habeo
1158 2053 1256 2081 cum
1290 2039 1371 2079 tuis
1410 2038 1744 2079 combibonibus

320 2099 557 2155 Epicureis,
592 2101 790 2155 9optima
819 2113 949 2155 opera
977 2097 1070 2153 ejus
1105 2096 1165 2137 uti
1197 2095 1328 2137 soleo.
1390 2094 1431 2135 Is
1463 2109 1560 2136 cum
1593 2095 1645 2135 ad
1678 2109 1745 2136 me

270 2171 304 2205 b,
322 2157 578 2198 Laodiceam
603 2156 801 2207 venisset,
834 2168 1090 2210 mecumque
1122 2167 1204 2209 ego
1241 2167 1339 2193 eum
1370 2166 1461 2192 esse
1484 2151 1649 2203 vellem,
1681 2166 1744 2192 re-

318 2223 446 2271 pente
470 2227 691 2268 percussus
714 2222 778 2254 est
800 2212 1078 2254 atrocissimis
1103 2209 1267 2259 litteris,
1291 2210 1333 2250 in
1357 2210 1512 2264 quibus
1535 2209 1742 2264 scriptum

316 2280 422 2321 erat,
456 2270 636 2311 fundum
671 2270 1038 2311 Herculanensem
1066 2283 1091 2308 a
1112 2268 1175 2320 Q.
1205 2266 1355 2317 Fabio,
1384 2265 1527 2316 fratre,
1562 2266 1744 2322 proscri-

316 2337 436 2383 ptum
461 2341 578 2369 esse:
615 2330 651 2357 ¹0
665 2328 738 2382 qui
768 2326 923 2368 fundus
946 2341 1043 2368 cum
1072 2339 1123 2366 eo
1150 2323 1391 2365 communis
1414 2332 1537 2363 esset.
1601 2321 1650 2362 Id
1675 2321 1742 2362 M.

355 2444 373 2472 8
387 2450 486 2479 quam
501 2441 696 2470 contrieram
714 2442 734 2470 l.
757 2444 859 2471 totam
876 2442 908 2470 in
924 2442 955 2470 Ιι.
981 2441 1004 2469 i.
1048 2444 1190 2469 caretur.

312 2482 485 2522 explicavi]
515 2482 718 2512 Com-ieram
740 2492 757 2512 e
781 2483 860 2514 Mss.
876 2482 1005 2520 quibus-
1090 2485 1110 2515 9
1133 2481 1254 2520 optima
1277 2487 1374 2519 opera
1395 2476 1465 2518 ejus
1486 2476 1549 2516 uti]
1576 2476 1614 2506 ln
1633 2477 1743 2517 dispu-

309 2526 396 2560 darn,
426 2524 543 2564 quilms
571 2524 697 2554 accedit
722 2525 785 2554 Gn.
821 2528 846 2554 l.
876 2523 1002 2554 edidere
1046 2523 1170 2553 tando?
1196 2523 1240 2551 sic
1264 2521 1337 2551 alii:
1362 2524 1396 2549 et
1410 2526 1481 2549 crat
1493 2517 1609 2549 doctus
1625 2519 1671 2555 11,
1693 2522 1740 2550 14.

310 2568 397 2598 Vict.
420 2572 453 2597 et
478 2566 574 2596 Grut.
602 2567 636 2596 in
659 2566 722 2596 Gu.
747 2568 776 2596 2.
801 2570 836 2595 et
858 2576 930 2595 meo
953 2572 1003 2595 est
1046 2569 1080 2595 at
1095 2574 1162 2594 non
1183 2564 1243 2593 hoc
1259 2562 1490 2602 negotiatoris:
1516 2566 1548 2591 et
1565 2561 1741 2601 Cicerojo-

309 2611 537 2641 conto-iveram.
560 2618 687 2648 semper
708 2607 784 2638 alibi
809 2609 922 2639 Cicero
938 2607 1002 2637 for·
1046 2612 1152 2636 catur.
1174 2605 1262 2635 aliud
1277 2603 1354 2643 quid
1377 2603 1517 2643 intelligi
1535 2610 1625 2642 pute.
1650 2612 1692 2633 an
1707 2604 1741 2634 in

309 2661 362 2683 ma
387 2651 483 2693 plena
509 2652 629 2681 utitur.
657 2660 756 2689 quam
779 2659 837 2679 nos
862 2649 1003 2688 reposui·
1046 2647 1206 2677 bibendo?

309 2704 402 2724 mus:
428 2703 486 2724 nec
509 2693 617 2724 hiatus
631 2692 683 2722 hic
698 2692 815 2731 dignus
830 2692 1000 2723 Cicerone.
1093 2693 1129 2719 10
1155 2689 1210 2728 qui
1225 2686 1359 2726 fundus
1386 2697 1461 2718 cum
1488 2698 1522 2717 eo
1544 2697 1623 2717 com.
1647 2686 1738 2727 esset]

309 2740 411 2766 totam.
432 2736 464 2765 in
483 2737 545 2766 Ms.
571 2745 644 2765 meo
658 2733 760 2772 deest,
774 2743 794 2764 a
808 2743 852 2764 m.
867 2743 893 2764 s.
911 2733 999 2764 addi·
1047 2731 1120 2762 Hoc
1146 2740 1212 2761 non
1243 2739 1323 2771 opus
1349 2736 1421 2761 erat
1450 2729 1624 2760 nunciare:
1663 2739 1739 2759 nam

307 2784 380 2808 tum
398 2780 430 2808 in
446 2778 609 2817 margine:
626 2775 711 2816 quod
727 2775 807 2806 mihi
822 2775 854 2806 id
866 2776 1000 2806 verbum
1044 2774 1110 2813 ipse
1141 2773 1281 2803 sciebat:
1318 2782 1378 2803 nec
1401 2772 1502 2802 alium
1529 2780 1738 2812 communem

307 2825 494 2861 suspectum
509 2820 642 2856 faceret,
666 2818 728 2850 nisi
743 2819 856 2850 Cicero
880 2817 932 2848 hic
948 2818 1001 2857 jo·
1044 2815 1221 2853 habebant,
1235 2815 1365 2855 opinor.
1411 2813 1549 2854 Videtur
1565 2812 1737 2857 legendum
