1865 3223
315 109 391 144 426
449 117 453 120 ’
569 103 749 142 EPIST.
775 101 961 141 LIBER
987 100 1483 164 SEXTUSDECIMUS

315 206 505 249 institui:
532 206 681 248 Latine
702 216 843 248 autem
865 205 976 260 apud
1000 204 1217 245 Bruttium
1238 204 1425 245 exerceri
1447 203 1558 245 volo.
1618 204 1728 246 Utor

316 264 594 305 familiaribus
616 274 659 304 et
680 262 938 324 quotidianis
971 261 1303 311 convictoribus,
1326 275 1431 315 quos
1463 274 1606 302 secum
1639 260 1729 301 Mi-

317 330 362 376 t)
354 321 470 361 lenis
505 320 734 375 Cratippus
767 318 960 368 adduxit,
982 317 1226 358 hominibus
1257 327 1299 358 et
1328 317 1465 358 doctis
1487 327 1530 358 et
1550 316 1609 358 illi
1632 331 1729 372 pro-

316 377 561 418 batissimis.
622 376 812 417 Multum
850 375 977 414 etiam
1019 388 1186 414 mecum
1234 384 1298 414 est
1339 373 1572 437 Epicrates,
1616 373 1730 428 prin-

315 448 416 489 ceps
443 433 783 482 Atheniensium,
813 440 855 472 et
893 430 1113 481 Leonides,
1145 439 1188 470 et
1217 430 1369 471 horum
1401 431 1529 470 ceteri
1561 429 1731 470 similes.

316 495 361 530 τὰ
386 493 441 542 μὲν
468 489 504 529 ’ἐν
530 491 610 529 καθ’
636 492 719 539 ἡμᾶς
747 489 837 528 τάδε.
897 485 964 527 De
996 486 1161 541 Gorgia
1191 497 1330 527 autem
1353 487 1464 542 quod
1495 487 1599 527 mihi
1631 486 1733 527 scri-

319 546 398 595 bis,
436 554 525 585 erat
562 544 733 598 quidem
774 542 840 582 ille
879 542 921 583 in
957 543 1206 597 quotidiana
1242 543 1548 584 declamatione
1585 543 1730 583 utilis:

319 602 391 643 sed
413 601 557 641 omnia
586 600 820 662 postposui,
842 599 1074 640 dummodo
1108 601 1332 654 praeceptis
1368 601 1495 654 patris
1529 612 1732 663 parerem.

317 659 475 711 διοιῤῥηδην
506 656 620 697 enim
662 656 900 710 scripserat,
931 666 977 695 ut
1017 670 1113 695 eum
1151 656 1409 696 dimitterem
1451 658 1607 697 statim.
1652 666 1734 697 ter-

319 727 474 768 guers
463 727 521 753 ιιι
558 712 690 763 nolui,
724 727 775 753 ne
814 727 907 752 mea
940 713 1071 752 nimia
1108 714 1229 754 σπουδή
1267 712 1549 767 suspicionem
1586 713 1623 753 ei
1660 711 1736 753 ali-

318 784 445 826 quam
480 769 744 824 impor··.t11ct
806 768 974 809 Deinde
1011 768 1112 809 illud
1147 769 1274 808 etiam
1313 768 1418 809 mihi
1451 770 1736 819 succurr,ebat

317 828 501 881 43grave
536 840 640 875 esse,
674 839 740 865 me
777 824 830 866 de
860 825 1027 880 judicio
1067 826 1197 880 patris
1228 825 1437 880 judicare.
1496 825 1635 866 Tuum
1674 835 1737 866 ta-

319 896 417 922 men
440 882 626 923 studium
650 893 691 922 et
723 882 1152 937 consili1111],[.g·iutuul
1186 893 1493 945 acceptumque
1521 891 1585 923 est
1618 882 1736 923 mihi.

322 937 654 980 Excusationcm
677 940 968 994 angustiarum
991 940 1049 979 tui
1074 939 1276 993 temporis
1298 954 1478 993 accipio.
1501 939 1589 979 scio
1610 939 1739 989 enim,

318 1009 447 1050 quarn
471 995 602 1036 soleas
625 1009 714 1035 esse
736 1007 984 1051 occupatus.
1036 994 1197 1035 Emisse
1221 1007 1260 1035 te
1283 995 1488 1050 praedium
1513 995 1738 1036 vehemen-

321 1063 384 1092 ter
424 1053 618 1108 gaudeo:
664 1051 928 1107 feliciterque
970 1053 1047 1092 tibi
1091 1067 1177 1093 rem
1221 1053 1342 1092 istam
1385 1053 1552 1093 evenire
1594 1052 1735 1107 cupio.

322 1108 424 1149 Hoc
454 1109 550 1150 loco
583 1123 648 1149 nie
684 1108 761 1148 tibi
796 1109 1012 1164 gratulari,
1037 1109 1119 1149 noli
1155 1109 1311 1149 mirari.
1334 1109 1482 1149 eodem
1516 1110 1629 1149 euim
1653 1109 1739 1149 fere

320 1165 431 1217 loco,
460 1175 506 1206 tu
537 1178 721 1221 quoque,
754 1166 904 1206 emisse
937 1178 993 1216 te,
1025 1166 1161 1206 fecisti
1201 1180 1267 1205 me
1299 1166 1538 1206 certiorem.
1595 1165 1740 1207 44Ha-

321 1223 410 1263 bes.
443 1222 707 1278 dcponendae
740 1222 818 1263 tibi
854 1233 951 1263 sunt
991 1223 1266 1263 urbanitates.
1305 1223 1485 1263 rusticus
1519 1222 1739 1263 Romanus

319 1278 458 1320 factus
480 1294 538 1319 es.
599 1279 829 1325 Quomodo
853 1294 935 1334 ego
971 1279 1073 1320 milii
1108 1294 1221 1320 nuuc
1244 1291 1341 1319 ante
1363 1279 1508 1320 oculos
1532 1290 1650 1319 tuum
1667 1278 1740 1333 ju-

319 1336 626 1377 cundissimum
667 1345 945 1390 conspectum
986 1339 1210 1391 propono?
1260 1336 1403 1376 videor
1443 1336 1556 1376 euim
1601 1336 1740 1376 videre

320 1402 532 1433 ementem
569 1403 610 1432 te
637 1392 815 1432 rusticas
851 1406 929 1442 res,
962 1407 1060 1434 cum
1096 1392 1235 1432 villico
1273 1391 1532 1446 loquentem,
1564 1393 1603 1432 in
1640 1392 1740 1433 laci-

320 1451 391 1489 nia
429 1459 665 1489 servantem
701 1463 756 1489 ex
793 1463 940 1489 mensa
971 1449 1156 1489 secunda
1186 1449 1361 1489 semina.
1422 1449 1504 1489 Sed
1540 1449 1652 1504 quod
1685 1449 1740 1490 ad

320 1521 408 1546 rem
437 1507 636 1561 pertinet,
659 1519 726 1545 me
759 1516 849 1545 tum
883 1508 922 1536 45
937 1506 1015 1546 tibi
1049 1505 1249 1556 defuisse,
1271 1518 1392 1560 aeque
1427 1520 1476 1546 ac
1509 1515 1569 1555 tu,
1603 1505 1740 1546 doleo.

321 1563 404 1602 Sed
438 1562 524 1602 noli
558 1562 768 1612 dubitare,
801 1562 860 1602 mi
892 1561 1008 1613 Tiro,
1038 1562 1142 1616 quin
1174 1570 1216 1602 te
1248 1561 1542 1603 sublevaturus
1575 1562 1670 1612 sim,
1708 1563 1743 1602 si

319 1618 449 1659 modo
482 1619 654 1659 fortuna
684 1633 776 1660 me:
810 1620 1045 1674 praesertim
1078 1632 1175 1660 cum
1207 1618 1351 1669 sciam,
1373 1633 1642 1660 communem
1668 1633 1745 1659 no-

321 1676 386 1715 bis
423 1687 585 1716 emtum
623 1690 713 1716 esse
751 1676 879 1716 istum
918 1675 1112 1716 fundum.
1175 1675 1242 1716 De
1274 1676 1486 1716 mandatis
1517 1675 1631 1730 quod
1665 1675 1743 1716 tibi

319 1746 434 1773 curae
462 1732 565 1782 fuit,
586 1741 651 1772 est
683 1731 788 1773 mihi
822 1741 1007 1787 gratum.
1068 1731 1151 1773 Sed
1185 1741 1285 1795 peto
1318 1747 1342 1773 a
1369 1742 1423 1783 te,
1447 1743 1494 1773 ut
1516 1746 1644 1787 quam
1676 1747 1745 1773 ce-

320 1789 487 1829 lerrime
513 1788 620 1829 mihi
652 1788 847 1829 libra1ius
880 1789 1090 1840 mittatur,
1113 1803 1301 1830 maxime
1330 1789 1502 1844 quidem
1535 1788 1743 1830 Graecus:

319 1845 503 1886 multum
544 1843 651 1885 mihi
691 1845 804 1888 enim
846 1845 1032 1909 eripitur
1065 1860 1208 1909 operae
1250 1846 1293 1886 in
1334 1845 1625 1886 exscribendis
1665 1845 1746 1900 hy-

321 1902 622 1957 pomnematis.
681 1899 747 1941 Tu
766 1901 891 1942 velim
928 1903 1119 1957 inpiimis
1154 1916 1288 1952 cures,
1325 1912 1373 1943 ut
1401 1902 1554 1953 valeas,
1587 1911 1635 1942 ut
1661 1917 1747 1943 una

321 1965 577 2010 συμφιλολογεῖν
600 1958 825 2014 possimus.
884 1959 926 1989 46
938 1958 1147 1999 Anterum
1173 1959 1250 1999 tibi
1273 1959 1543 2000 commendo.
1598 1957 1716 2002 Vale

257 2052 312 2088 22
516 2062 518 2065 ’
834 2049 1235 2086 ARGUMENTUM.

368 2110 592 2148 Valetudinis
610 2112 777 2148 curandae
794 2113 961 2149 admonet
980 2117 1211 2159 aegrotantem
1226 2129 1237 2148 .·
1269 2113 1435 2149 librarios
1454 2117 1572 2149 tamen
1589 2122 1712 2160 regere

797 2163 928 2210 jubet:
959 2166 1062 2200 addit
1078 2166 1120 2201 de
1140 2166 1259 2201 variis.

363 2316 403 2343 43
424 2323 528 2352 grave
541 2322 616 2349 esse,
632 2323 683 2344 me
697 2314 735 2344 de
746 2314 780 2354 j.
793 2314 845 2354 μ]
873 2324 923 2345 me
945 2325 1010 2345 non
1055 2315 1152 2346 Rom.
1184 2315 1326 2352 Servavi,
1343 2315 1428 2354 quod
1444 2314 1632 2346 Gebhardus
1647 2314 1748 2352 dedit,

322 2355 400 2385 satis
415 2355 532 2395 placet.
548 2355 663 2385 melius
678 2357 829 2387 abfuerit.
868 2357 1013 2387 Dixisset
1055 2363 1167 2396 estque
1195 2357 1301 2387 multo
1328 2359 1505 2388 venustius.
1550 2357 1672 2394 Habes,
1697 2357 1748 2388 vel

322 2397 565 2437 potiusfilium.
595 2396 655 2427 Est
665 2398 829 2429 sententia
843 2399 1015 2438 generalis,
1059 2400 1139 2429 habe
1153 2399 1271 2429 dicitnr
1286 2399 1385 2430 etiam
1401 2402 1581 2440 pei-jocum
1597 2411 1603 2428 :
1627 2405 1661 2430 et
1673 2399 1750 2429 huie

321 2448 452 2479 gnome.
1059 2441 1173 2471 formae
1195 2441 1309 2471 melius
1333 2442 1534 2472 conveniunt
1558 2441 1746 2480 sequentia:

365 2483 407 2511 44
430 2480 550 2511 Habes.
573 2481 762 2520 deponenda>
785 2483 841 2512 tibi
866 2488 941 2513 sune
963 2483 1012 2522 ιιι]
1059 2485 1200 2513 rusticus
1215 2483 1302 2522 Rs.
1318 2494 1343 2514 e.

323 2522 375 2552 Sic
389 2532 405 2552 e
421 2522 572 2552 Lambini
595 2522 684 2553 libris
706 2524 895 2554 Gebhardus
917 2524 1016 2555 dedit.
1101 2527 1141 2555 45
1165 2525 1221 2554 tibi
1235 2524 1385 2564 defuisse]
1403 2525 1480 2555 Non
1496 2525 1638 2565 potuisse
1653 2534 1750 2565 pecu-

323 2565 377 2594 Sie
400 2569 433 2593 et
455 2564 509 2594 alii
536 2565 629 2594 libri:
655 2574 767 2596 omnes
795 2567 873 2596 Mss.
901 2567 1016 2603 nostri,
1061 2567 1147 2597 niam
1164 2566 1238 2597 dare
1254 2568 1293 2597 ad
1308 2567 1480 2597 emendum
1499 2567 1667 2607 praedium.
1684 2575 1749 2606 quo

323 2606 374 2635 ed.
391 2605 472 2635 Ven.
494 2606 584 2640 1469.
603 2609 691 2639 1471.
707 2607 795 2638 Med.
827 2608 889 2638 Alii
905 2617 965 2638 scr.
983 2614 1016 2639 et
1059 2614 1092 2638 et
1108 2609 1250 2648 pertinet
1267 2619 1342 2639 mox
1355 2610 1580 2639 sublevaturus
1594 2610 1666 2638 sim.

322 2646 395 2677 edd.
409 2652 447 2677 ut
462 2648 544 2677 Ven.
566 2648 653 2682 1469.
668 2650 773 2687 habes,
789 2650 841 2679 ubi
864 2651 1016 2688 asponen—
1102 2650 1143 2680 46
1164 2650 1340 2689 Anterum]
1370 2651 1422 2681 Sic
1450 2650 1520 2681 dedi
1550 2660 1607 2690 pro
1627 2651 1750 2682 Anthe-

322 2689 372 2718 da·
385 2693 471 2718 sunt.
505 2689 649 2719 Graevius
665 2701 682 2719 e
697 2692 754 2720 tibi
768 2692 845 2722 fecit
859 2692 924 2721 ubi.
956 2692 1017 2722 Sed
1059 2701 1148 2728 rum,
1161 2692 1245 2730 quod
1258 2702 1377 2723 nomen
1391 2692 1518 2724 nullum
1532 2698 1591 2724 est.
1608 2692 1753 2724 Autem&

323 2730 371 2760 ita
386 2735 420 2760 et
440 2734 504 2761 sint
526 2732 752 2770 corrigendum
775 2739 845 2764 erat
866 2744 883 2763 e
905 2732 1010 2763 latini·
1060 2738 1109 2765 est
1124 2743 1182 2775 pro
1196 2735 1342 2765 Anteros.

324 2776 394 2803 tate
411 2782 485 2803 vera
501 2776 534 2803 et
550 2779 722 2813 accurata3
745 2781 782 2806 ut
805 2780 839 2807 et
852 2775 950 2808 habet
964 2775 1014 2806 ed.
