1865 3223
407 103 486 140 AD
512 99 818 139 CONSULES
846 99 918 138 ET
945 100 1223 138 CETEROS.
1446 106 1521 140 409

98 220 123 247 a
151 205 276 247 nobis
295 209 454 255 φιλήδονοι
478 209 697 254 vocantur,
720 213 817 244 sunt
844 208 1022 252 φιλόκαλοι
1050 210 1106 244 καὶ
1125 208 1331 251 φιλοδίκαιοι,
1355 219 1523 247 omncs-

97 277 179 318 que
203 264 378 304 virtutes
399 274 442 304 et
462 263 609 304 colunt
630 271 673 301 et
695 261 892 301 retinent.
941 259 1091 315 Itaque
1113 259 1243 310 Sulla,
1264 262 1387 317 cujus
1403 263 1523 317 judi·

95 320 208 360 cium
235 320 413 375 probare
436 320 653 368 debemus,
676 332 773 358 curn
796 316 1019 358 dissentire
1044 315 1321 372 philosophos
1346 320 1521 371 videret,

98 389 184 417 non
207 376 394 431 quaesiit,
414 376 515 432 quid
539 376 700 416 bonum
724 384 849 424 esset,
871 374 1015 414 omnia
1037 374 1150 414 bona
1179 374 1365 417 co'emit:
1397 376 1520 431 cujus

97 446 180 488 ego
202 443 380 473 mortem
404 433 503 474 forti
527 432 788 473 mehercules
809 431 952 473 animo
978 430 1069 471 tuli.
1103 430 1194 471 Nec
1214 440 1354 472 tamen
1377 432 1522 475 Caesar

96 489 258 530 diutius
281 505 356 530 nos
386 504 480 530 eum
513 490 750 530 desiderare
782 489 979 544 patietur.
1005 501 1097 528 nam
1130 487 1261 528 habet
1283 488 1521 541 damnatos,

98 560 204 602 quos
228 561 303 602 pro
328 546 396 587 illo
421 547 542 587 nobis
566 547 784 588 restituat:
810 559 886 586 nec
911 546 1000 601 ipse
1022 554 1229 586 sectorem
1249 544 1523 597 desiderabit,

99 618 195 644 cum
236 603 369 643 filium
405 604 571 644 viderit.
634 603 776 653 Nunc,
816 612 862 643 ut
900 602 951 642 ad
992 601 1297 657 rempublicam
1339 603 1522 654 redeam,

99 660 200 715 quid
224 660 267 700 in
291 658 512 715 Hispaniis
541 672 726 716 geratur,
749 659 946 700 rescribe.
1000 658 1191 709 Perenni,
1214 659 1293 699 nisi
1318 659 1524 702 sollicitus

100 730 207 766 sum,
226 731 275 757 ac
294 719 404 757 malo
425 731 605 758 veterem
627 726 670 758 et
691 717 940 757 clementem
964 716 1184 756 dominum
1209 715 1380 766 habere,
1396 732 1526 773 quam

100 787 259 815 novum
281 783 324 813 et
345 774 556 815 crudelem
580 774 779 830 experiri.
819 773 926 823 Scis,
951 772 1108 813 Cnaeus
1129 787 1255 827 quam
1281 773 1335 813 sit
1358 774 1524 817 fatuus:

99 831 197 880 scis,
219 831 435 885 quomodo
466 832 761 873 crudelitatem
794 833 994 871 virtutem
1027 840 1172 885 putet:
1206 830 1302 880 scis,
1324 845 1452 885 quam
1485 846 1528 872 se

100 901 268 943 semper
290 903 314 928 a
336 889 458 928 nobis
481 889 665 929 derisum
691 898 825 943 putet.
887 886 1059 936 Vereor,
1084 901 1134 927 ne
1163 901 1238 927 nos
1261 888 1418 928 rustice
1439 889 1530 944 gla-

102 945 175 986 dio
212 944 311 985 velit
342 948 623 1000 ἀκιμυκτηςίσαι.
686 945 802 991 Quid
842 943 931 993 fiat,
970 944 1002 984 si
1039 957 1104 984 me
1141 943 1299 998 diligis,
1333 947 1530 987 rescribe.

104 1000 212 1050 Hui,
233 1015 358 1056 quarn
386 1001 509 1041 velim
533 1003 654 1051 scire,
676 1013 816 1042 utrum
842 1001 921 1041 ista
944 999 1126 1041 sollicito
1149 1002 1293 1041 animo
1315 1015 1366 1041 an
1392 1003 1531 1044 soluto

103 1058 243 1113 legas!
275 1058 404 1099 sciam
437 1058 549 1098 enim
582 1059 731 1099 eodem
767 1071 971 1114 tempore,
1002 1057 1103 1112 quid
1138 1072 1205 1097 me
1235 1057 1374 1099 facere
1404 1074 1658 1116 opor-p.255.

104 1123 206 1156 teat.
268 1115 335 1156 Ne
367 1114 534 1170 longior
566 1116 660 1165 sim,
697 1115 811 1156 vale:
843 1125 886 1155 et
919 1128 999 1165 me,
1033 1124 1078 1155 ut
1108 1113 1230 1165 facis,
1263 1130 1374 1157 ama.
1432 1117 1574 1159 fissia.

106 1171 253 1214 Caesar
274 1172 392 1224 vicit,
415 1171 606 1213 celeriter
626 1187 694 1212 me
714 1180 932 1228 exspecta.

616 1259 1016 1298 ARGUMENTUM.
1542 1265 1599 1302 20

105 1323 266 1364 Librum,
288 1337 391 1373 quem
404 1325 590 1360 Oratorem
609 1325 805 1371 inscripsit,
825 1324 939 1359 mittit
956 1338 968 1358 .·
988 1321 1204 1359 Sabinorum
1217 1325 1437 1372 probitatem
1456 1327 1533 1363 lau-

156 1377 246 1412 dat.-
275 1377 466 1413 crebriores
500 1376 642 1412 litteras
671 1376 847 1424 postulat.
903 1374 1020 1411 Missa
1051 1377 1088 1411 in
1115 1378 1242 1413 Asiam
1270 1382 1354 1425 post
1386 1379 1536 1417 Caesaris

156 1439 286 1464 necem.

418 1493 485 1536 M.
508 1494 558 1536 T.
583 1494 634 1537 C.
665 1494 989 1537 TREBONIO
1024 1497 1068 1537 S.
1095 1496 1144 1537 P.
1167 1496 1225 1538 D.

110 1552 467 1603 ORATOREM
492 1577 633 1604 meum
657 1564 736 1616 (sic
758 1564 871 1604 enim
901 1564 1115 1619 inscripsi)
1139 1564 1299 1606 Sabino
1324 1575 1398 1607 tuo
1421 1581 1536 1608 com-

109 1618 322 1660 mendavi.
384 1619 516 1660 Natio
542 1634 609 1660 me
632 1620 817 1662 hominis
842 1621 1026 1676 impulit,
1052 1632 1096 1662 ut
1117 1622 1155 1661 ei
1179 1631 1292 1663 recte
1315 1634 1534 1678 putarem:

46 1704 49 1705 γ
110 1675 191 1715 nisi
224 1675 349 1726 forte,
379 1676 415 1709 67
430 1676 754 1718 candidatorum
787 1677 975 1728 licentia,
1008 1678 1076 1719 hic
1106 1692 1276 1734 quoque
1306 1694 1421 1732 usus,
1453 1682 1535 1722 hoc

112 1733 255 1773 subito
287 1747 528 1788 cognomen
563 1735 757 1790 arripuit.
789 1735 867 1775 etsi
901 1735 1117 1776 modestus
1149 1735 1241 1790 ejus
1264 1736 1420 1788 vultus,
1453 1752 1539 1779 ser-

111 1803 267 1845 moque
307 1800 523 1841 constans,
564 1790 721 1832 habere
760 1791 963 1846 quiddam
1006 1806 1030 1832 a
1072 1791 1260 1834 Curibus
1299 1794 1540 1838 videbatur.

111 1845 196 1887 Sed
226 1846 279 1887 de
310 1846 472 1887 Sabino
503 1848 620 1888 satis.
679 1847 759 1898 Tu,
782 1849 840 1888 mi
871 1847 1075 1900 Treboni,
1094 1849 1314 1904 68quand0
1338 1851 1391 1893 ad
1422 1866 1542 1894 amo—

113 1917 202 1944 rem
234 1918 375 1944 meum
405 1903 670 1959 aliquantum
704 1905 806 1945 olim
839 1905 1059 1946 discedens
1098 1906 1326 1959 addidisti3
1357 1923 1442 1964 quo
1476 1918 1542 1950 to-

112 1958 327 2001 lerabilius
359 1960 542 2002 feramus
574 1961 810 2017 igniculum
842 1962 1040 2003 desiderii
1073 1963 1149 2014 tui,
1174 1964 1333 2006 crebris
1364 1981 1442 2007 nos
1471 1966 1543 2007 lit-

113 2017 214 2057 teris
251 2017 464 2073 appellato
486 2034 495 2059 :
528 2028 656 2072 atque
682 2019 754 2069 ita,
777 2019 811 2059 si
844 2019 956 2060 idem
979 2019 1054 2060 fiat
1075 2035 1100 2060 a
1121 2021 1260 2062 nobis.
1282 2036 1543 2079 quamquam

110 2073 210 2114 duae
244 2089 383 2115 causae
423 2084 535 2125 sunt,
568 2089 643 2116 cur
680 2085 726 2116 tu
765 2074 1028 2131 frequentior
1065 2077 1108 2118 in
1147 2077 1230 2119 isto
1268 2079 1414 2120 officio
1451 2094 1543 2121 esse

114 2130 285 2180 debeas,
306 2145 434 2186 quam
466 2146 568 2183 nos;
602 2132 800 2187 primurn,
829 2133 944 2188 quod
975 2132 1076 2174 olim
1109 2134 1318 2186 solebant,
1346 2138 1420 2192 qui
1454 2136 1544 2178 Ro-

113 2202 198 2228 mae
229 2199 365 2238 erant,
401 2187 453 2228 ad
488 2189 769 2244 provinciales
801 2190 962 2231 amicos
994 2190 1046 2231 de
1081 2192 1302 2247 republica
1333 2194 1544 2237 scribere:

114 2258 229 2285 nunc
253 2254 297 2285 tu
320 2245 444 2286 nobis
467 2245 627 2286 scribas
648 2256 834 2302 oportet.
896 2246 982 2288 Res
1004 2247 1118 2289 enim
1141 2249 1315 2304 publica
1335 2251 1432 2292 istic
1453 2261 1543 2294 est:

116 2301 285 2352 deinde,
305 2302 421 2357 quod
443 2316 519 2342 nos
541 2301 634 2343 aliis
655 2303 809 2344 officiis
841 2303 919 2344 tibi
941 2305 1107 2346 absenti
1130 2305 1374 2348 satisfacere
1395 2323 1548 2364 possu-

117 2372 240 2400 mus:
273 2368 317 2399 tu
345 2359 483 2409 nobis,
506 2358 586 2399 nisi
620 2359 785 2410 litteris,
807 2375 894 2401 non
918 2361 1058 2412 video,
1079 2376 1164 2417 qua
1193 2377 1239 2404 re
1267 2363 1351 2405 alia
1379 2364 1546 2406 satisfa-

116 2429 212 2457 cere
235 2415 385 2471 possis.
445 2415 529 2456 Sed
551 2426 691 2457 cetera
713 2418 871 2458 scribes
893 2418 945 2458 ad
970 2433 1046 2459 nos
1078 2428 1240 2475 postea.
1302 2421 1431 2463 Nunc
1451 2421 1549 2464 haec

116 2473 256 2529 primo
293 2472 423 2529 cupio
458 2487 744 2528 cognoscere:
786 2475 866 2516 iter
904 2485 1026 2517 tuum
1064 2476 1306 2531 cujusmodi
1349 2478 1429 2520 sit:
1471 2479 1547 2521 ubi

160 2629 201 2660 66
216 2629 254 2661 Si
269 2630 376 2661 emar
383 2631 475 2671 vicit]
489 2631 575 2662 Tum
587 2630 717 2670 quidem
731 2641 813 2661 non·
856 2632 1045 2671 ignotorum
1059 2633 1169 2664 studia
1183 2633 1309 2665 facilius
1324 2644 1381 2675 per
1396 2634 1550 2667 nobilita-

119 2671 196 2702 dum
213 2672 346 2704 vicerat.
363 2683 438 2704 narn
461 2678 539 2704 ante
561 2674 706 2713 Pompeii
723 2683 814 2703 men-
855 2679 924 2705 tem
952 2682 1010 2706 aut
1038 2676 1246 2706 honestatem
1274 2677 1416 2708 nominis
1439 2687 1552 2708 couse-

119 2714 179 2750 tio,
202 2721 236 2744 et
260 2714 437 2755 Hispaniae.
483 2716 587 2747 Credo
610 2716 816 2746 scribendum
858 2723 1047 2755 qut-rentur.
1458 2740 1461 2741 γ

118 2765 186 2786 esse
202 2757 311 2792 vinde,
328 2757 376 2787 vel
391 2759 516 2788 vicerit.
900 2759 940 2789 68
963 2759 1091 2799 quando
1106 2759 1152 2789 ad
1165 2759 1323 2801 amorem]
1345 2760 1554 2793 Recentiores

161 2798 201 2831 87
223 2798 473 2830 candidatorum
496 2799 640 2840 licentia]
671 2800 736 2840 Qui
758 2809 817 2830 no·
859 2811 976 2841 quum,
990 2807 1028 2832 ut
1044 2810 1140 2842 saepe.

121 2839 212 2871 mina
226 2840 334 2874 aliena
348 2848 382 2873 et
397 2842 528 2874 notiora
543 2843 765 2879 assumebant,
781 2846 819 2873 ut
