1817 3196
476 92 479 96 '
532 87 617 126 AD
648 82 1033 125 LENTULUM.
1451 96 1504 132 529

75 189 311 244 perantiam
333 196 376 229 et
395 189 729 231 moderationem
748 199 910 231 naturae
930 199 1042 230 tuae:
1066 189 1165 230 novi
1186 189 1390 242 animum,
1413 202 1504 236 tum

75 245 181 286 mihi
205 245 524 297 amicissimum,
556 258 646 288 tum
671 247 784 287 nulla
811 248 852 287 in
878 257 1041 288 ceteros
1065 245 1352 288 malivolentia
1374 250 1506 290 suffu-

77 316 185 352 sum,
199 313 430 358 contraque
444 309 538 344 cui‘n
556 318 758 360 magnum
770 303 1053 352 etexcelsum,
1066 313 1154 343 tum
1169 304 1297 344 etiam
1312 316 1507 360 apertum

74 368 116 399 et
133 359 385 415 simplicem.
411 360 507 401 Vidi
525 375 607 415 ego
621 361 828 415 quosdam
847 362 886 401 in
907 370 947 400 te
971 359 1088 410 tales,
1108 360 1252 414 quales
1272 372 1314 401 tu
1329 365 1501 403 cosdem

77 414 121 455 in
144 429 211 456 me
247 416 387 456 videre
422 419 615 472 potuisti.
676 418 787 464 Quae
820 432 886 457 me
919 427 1159 466 moverunt,
1184 419 1416 459 movissent
1438 433 1508 459 ea-

77 471 174 514 dem
199 481 239 514 te
266 472 475 528 profecto·
536 475 634 524 Sed,
662 488 933 530 quocumque
956 484 1147 529 tempore
1181 475 1284 514 mihi
1322 486 1509 529 potestas

79 530 301 584 praesentis
325 531 384 570 tui
411 531 553 582 fuerit,
578 543 623 572 tu
653 533 733 572 eris
756 534 946 572 omnium
972 532 1212 571 moderator
1233 533 1508 574 consiliorum

78 599 286 627 meorum.
320 587 396 628 tibi
415 589 494 629 erit
517 590 669 639 eidem,
691 589 759 629 cui
791 588 900 628 salus
924 602 1016 627 mea
1041 587 1134 634 fuit,
1158 589 1284 628 etiam
1320 590 1509 645 dignitas
1521 607 1553 638 b.

80 656 209 684 curae.
236 643 312 683 Me
327 645 497 699 quidem
518 657 632 687 certe
647 656 811 686 tuarum
837 646 1071 694 actionum,
1091 647 1413 696 sententiarum,
1439 662 1511 686 vo-

80 697 308 751 luntatum,
333 716 467 743 rerum
492 703 676 758 denique
708 702 898 743 omnium
923 702 1083 742 socium
1119 704 1408 757 comitemque
1439 704 1513 744 ha-

84 755 230 799 b'ebis:
264 771 400 813 neque
424 760 526 799 mihi
553 761 591 800 in
616 761 732 799 omni
757 759 845 799 vita
868 774 928 799 res
961 769 1044 798 tam
1070 758 1149 799 erit
1173 759 1255 799 ulla
1278 762 1514 815 proposita,

83 827 209 867 quam
241 827 288 855 ut
321 817 512 871 quotidie
545 817 839 857 vehementius
875 828 914 856 te
947 815 998 855 de
1022 830 1088 856 me
1119 817 1282 872 optime
1314 818 1515 859 meritum

81 883 172 911 esse
198 870 352 913 laetere.

142 927 272 974 Quod
296 944 436 985 rogas,
457 938 504 970 ut
536 933 576 964 74
590 945 685 971 mea
705 930 782 970 tibi
806 930 966 986 scripta
987 929 1170 979 mittam,
1193 941 1406 986 quaerpost
1430 932 1517 973 dis-

87 998 254 1026 cessum
293 995 412 1027 tuum
456 988 721 1043 scripserim:
775 997 873 1027 sunt
907 987 1121 1027 orationes
1160 988 1373 1041 quaedam,
1411 1004 1516 1044 quas

87 1039 336 1083 Menocrito
358 1044 469 1084 dabo
489 1061 497 1085 ;
530 1048 568 1078 75
583 1058 720 1099 neque
738 1045 798 1085 ita
819 1043 990 1095 multae3
1013 1058 1067 1083 ne
1084 1047 1371 1099 pertimescas.
1405 1047 1519 1087 Scri-

86 1099 152 1154 psi
175 1100 302 1140 etiam
327 1105 444 1151 (nam
466 1102 506 1134 76
519 1103 573 1141 ab
595 1102 861 1142 orationibus
881 1101 1062 1156 dijungo
1084 1115 1152 1141 me
1174 1101 1274 1150 fere,
1297 1102 1519 1158 referoque

87 1156 138 1196 ad
173 1158 479 1198 mansuetiores
516 1158 696 1198 Musas:
729 1161 878 1212 77quae
913 1171 980 1197 me
1013 1159 1215 1208 maxime,
1238 1160 1347 1198 sicut
1369 1161 1459 1213 jam
1495 1175 1520 1201 a

89 1213 226 1268 prima
262 1214 562 1265 adolescentia,
603 1214 856 1262 delectantz)
909 1214 1057 1269 scripsi
1095 1216 1226 1269 igitur
1261 1215 1520 1258 Aristoteleo

90 1284 223 1319 more,
246 1271 605 1325 quemadmodum
630 1272 802 1326 quidem
838 1270 967 1319 volui,
991 1282 1073 1310 tres
1099 1271 1227 1311 libros
1249 1272 1291 1312 in
1327 1273 1522 1328 disputa-

92 1325 210 1367 tione
232 1342 281 1367 ac
302 1327 474 1384 dialogo
496 1328 549 1369 de
572 1328 769 1378 Oratore,
792 1343 898 1383 quos
921 1328 1104 1368 arbitror
1130 1328 1311 1369 Lentulo
1335 1341 1408 1370 tuo
1433 1332 1523 1372 l'ore

88 1397 176 1424 non
207 1384 393 1426 inutiles.
451 1385 702 1427 Abhorrent
738 1387 851 1425 enim
885 1399 910 1425 a
942 1387 1245 1426 communibus
1280 1389 1523 1443 praeceptis,

91 1443 130 1481 '4⁷8
144 1450 187 1481 et
222 1455 394 1482 omnem
431 1444 721 1498 antiquorum,
754 1451 797 1482 et
834 1441 1152 1493 Aristoteleam,
1185 1453 1229 1483 et
1263 1442 1525 1486 Isocrateam

92 1498 302 1538 rationem
325 1500 554 1541 oratoriam
579 1499 938 1555 complectuntur.
979 1500 1139 1554 Scripsi
1176 1501 1305 1540 etiam
1337 1504 1527 1543 versibus

94 1563 178 1595 tres
201 1555 330 1596 libros
353 1556 407 1597 de
428 1557 692 1612 temporibus
716 1558 844 1598 meis:
884 1570 990 1610 quos
1006 1557 1098 1609 jam
1124 1557 1285 1611 pridem
1310 1558 1361 1598 ad
1387 1569 1427 1598 te
1450 1560 1529 1600 mi-

96 1611 258 1663 sissem,
296 1613 330 1653 si
366 1627 456 1654 esse
490 1614 676 1655 edendos
721 1625 948 1668 putassem.
1011 1614 1121 1654 Sunt
1155 1614 1268 1654 enim
1305 1626 1447 1665 testes,
1485 1625 1529 1657 et

94 1678 233 1718 erunt,
274 1671 523 1725 sempiterni
570 1671 819 1710 meritorum
862 1684 964 1724 erga
1005 1685 1072 1711 me
1118 1682 1304 1720 tuorum,
1337 1686 1529 1727 meaeque

95 1725 282 1781 pietatis.
343 1727 427 1768 Sed
457 1728 559 1783 quia
590 1728 780 1778 verebar,
804 1741 887 1767 non
921 1740 1008 1776 eOS,
1031 1725 1172 1781 qui'se
1204 1727 1328 1769 laesos
1350 1730 1530 1771 arbitra-

96 1792 256 1832 rentur,
273 1784 448 1835 (etenim
471 1786 512 1825 id
534 1784 613 1826 feci
641 1799 780 1840 parce,
804 1794 847 1824 et
870 1783 1086 1834 molliter,)
1110 1784 1180 1824 sed
1202 1799 1290 1836 eos,
1312 1801 1419 1840 quos
1441 1797 1532 1828 erat

96 1838 314 1889 infinitum
339 1842 447 1882 bene
475 1843 528 1882 de
550 1856 618 1882 me
641 1842 813 1882 meritos
836 1855 983 1881 omnes
1017 1843 1254 1882 nominare.
1316 1843 1437 1889 Quos
1471 1854 1533 1885 ta-

84 1910 196 1938 ·men
220 1897 334 1953 ipsos
367 1898 512 1947 libros,
535 1899 567 1939 si
591 1913 735 1954 quem,
758 1898 826 1939 cui
858 1908 972 1939 recte
999 1899 1284 1949 committam,
1315 1900 1532 1951 invenero,

98 1955 258 1995 curabo
281 1955 332 1995 ad
357 1965 399 1996 te
425 1956 712 2012 perferendos,
735 1956 879 2010 Atque
895 1956 1019 1995 istam
1040 1956 1213 2010 quidem
1246 1966 1408 2011 partein
1435 1958 1534 2000 vitae

102 2011 510 2068 consuetudinisque
529 2024 685 2054 nostrae
703 2023 837 2053 totam
856 2012 906 2053 ad
930 2023 971 2052 te
992 2012 1153 2053 defero.
1177 2012 1399 2058 Quantum
1419 2014 1533 2056 litte-

100 2067 172 2118 ris,
185 2079 393 2124 quantum
409 2070 574 2120 studiis,
593 2070 805 2110 veteribus
821 2070 976 2110 nostris
992 2070 1366 2120 delectationibus,
1385 2086 1537 2113 conse-

103 2125 175 2179 qui
196 2126 446 2181 poterimus,
466 2128 508 2168 id
533 2142 660 2169 omne
678 2127 732 2168 ad
753 2127 979 2168 arbitrium
1002 2136 1139 2176 tuum,
1161 2127 1234 2182 qui
1258 2127 1351 2169 haec
1371 2142 1538 2185 semper

146 2239 186 2269 74
209 2248 282 2268 mea
319 2240 376 2270 tibi
409 2242 530 2279 scripta
562 2241 705 2276 mittam,
730 2250 800 2280 quoe
883 2243 923 2274 77
952 2249 1022 2280 quoe
1048 2250 1098 2270 me
1123 2243 1277 2278 maa-ime,
1304 2242 1539 2273 sicut—adole-

101 2280 299 2318 smdpsen'm]
336 2280 537 2319 Languidius
563 2288 623 2311 est.
651 2292 718 2312 non
739 2292 799 2312 no·
840 2283 962 2312 scentia
977 2282 1150 2321 delectant]
1176 2284 1317 2314 Restitui
1334 2289 1476 2315 veterem
1494 2285 1540 2314 le·

103 2325 210 2351 sti-um
244 2322 376 2360 quisque
405 2325 450 2353 sic
479 2324 644 2359 scriberet,
675 2328 713 2354 nt
742 2326 801 2354 tibi

103 2363 247 2400 mittam,
263 2373 333 2403 quae
346 2367 527 2404 scripsem'm
543 2366 558 2394 ‚⁷
580 2366 666 2404 quod
680 2366 801 2405 glossi—

101 2407 155 2434 tor
171 2411 278 2444 potest
293 2407 500 2445 interpretari
516 2417 585 2437 mea
593 2409 725 2446 scripta.
743 2408 802 2437 Ce-

104 2450 212 2476 tei-um
229 2448 262 2478 in
278 2447 341 2478 Ms.
358 2449 422 2479 Gn.
441 2449 493 2479 hic
508 2455 557 2479 est
573 2450 704 2480 initium
719 2449 802 2480 alius

104 2489 265 2528 epistolae.

112 2546 120 2549 >
148 2533 188 2564 75
204 2541 304 2571 neque
318 2533 367 2562 ita
381 2535 514 2570 multae3
530 2544 570 2563 ne
579 2534 801 2573 pertimescas]

108 2571 258 2612 Plerique
272 2581 351 2604 vett.
367 2575 439 2605 libri
455 2585 516 2605 scr.
532 2583 564 2605 et
580 2576 651 2605 edd.
667 2582 718 2606 w.
743 2577 806 2607 Sed

107 2623 148 2644 ne
160 2621 209 2645 est
225 2616 360 2646 facetius
374 2622 407 2647 et
419 2618 546 2647 melius.
564 2619 608 2648 sic
623 2624 654 2647 et
673 2619 736 2648 Ms.
750 2628 808 2648 no-

109 2662 186 2686 ster.

151 2700 192 2732 76
214 2700 254 2729 ab
277 2701 474 2731 oracionibus
494 2701 630 2742 diiungo
655 2702 718 2741 me]
746 2702 809 2733 Hic

109 2746 198 2771 recte
221 2740 357 2781 dijungo
382 2753 440 2782 pro
465 2744 617 2784 disiungat
640 2751 809 2784 receptum

109 2788 171 2819 est,
187 2784 274 2822 quod
295 2791 328 2815 et
352 2785 416 2815 Ms.
434 2793 545 2816 noster
572 2787 670 2816 habet
690 2791 725 2816 et
744 2786 807 2818 Gu.

112 2823 226 2855 nie-hoc
240 2827 338 2857 verbo
353 2836 452 2868 supra
465 2828 584 2859 alicubi
600 2827 738 2860 dictum.

841 2324 998 2359 ctionem,
1025 2325 1076 2353 eui
1101 2326 1316 2362 delectarunt,
1336 2327 1389 2356 sed
1409 2338 1427 2356 e
1451 2327 1541 2356 libris

844 2366 949 2402 bonis,
985 2367 1202 2397 substituvmu
1239 2376 1320 2399 erat.
1366 2368 1543 2400 Manifeste

844 2410 976 2438 verbum
993 2408 1032 2438 ad
1044 2415 1238 2448 praesentem
1247 2417 1370 2440 statum
1387 2411 1543 2451 pertinet,

845 2460 910 2480 non
938 2451 976 2480 ad
1002 2451 1216 2488 praeteritum.
1253 2463 1311 2482 nec
1335 2453 1381 2482 ita
1404 2461 1473 2491 quoe
1494 2461 1546 2483 me

846 2494 990 2522 vuarim&
1003 2493 1102 2522 habet
1117 2494 1264 2530 verbum,
1276 2494 1315 2524 ad
1328 2495 1414 2533 quod
1428 2494 1546 2524 refera-

846 2540 911 2564 tur.
955 2535 987 2564 8³-
1005 2536 1075 2573 quis
1097 2542 1209 2565 tamen
1231 2537 1314 2566 sicut
1329 2536 1447 2572 deleat,
1463 2536 1548 2566 dele·

848 2581 982 2607 otmunt
996 2577 1189 2606 servandum
1208 2587 1333 2617 putem.

892 2621 931 2652 78
955 2623 986 2649 et
1014 2619 1155 2658 omnem]
1193 2620 1301 2659 Vulgo
1334 2629 1374 2649 σι·
1408 2629 1547 2651 omnem.

850 2661 946 2690 male.
969 2661 1024 2700 qui
1047 2660 1124 2690 alibi
1149 2661 1210 2691 hoc
1232 2671 1412 2698 correxere,
1429 2661 1481 2692 hic
1495 2669 1550 2691 τᾶ·-

850 2709 938 2733 cent.
970 2713 1086 2742 nempe
1110 2704 1273 2733 monitore
1296 2703 1404 2742 aliquo
1428 2708 1550 2740 vetere,

852 2744 947 2781 libro,
963 2745 1128 2775 carebant.
1174 2745 1233 2775 Est
1254 2752 1368 2775 tamen
1382 2749 1413 2776 et
1435 2745 1469 2776 in
1485 2745 1550 2777 MS.

852 2793 965 2818 nostro
975 2792 1010 2819 et
1022 2787 1085 2817 Gu.
1101 2793 1134 2817 et
1148 2787 1219 2817 edd.
1235 2797 1285 2831 pr.
