1817 3196
152 1977 158 1983 .
175 1952 224 1983 86.

127 1964 147 1994 p
215 2022 223 2030 ·
238 2015 343 2052 ram,
363 2000 520 2041 librum
555 1999 634 2040 tibi
668 1997 826 2054 legeret
848 2006 891 2037 et
915 1995 1033 2037 aufei
1038 2005 1123 2037 ret
1156 2004 1229 2036 aut
1250 2011 1300 2036 ea
1319 1996 1568 2037 conditione
1588 1997 1664 2038 da·

205 421 279 447 .ne
313 408 463 449 vitium
497 409 753 464 {lr‘logantlae
784 409 1087 462 SlleeqU'dtul‘l

227 79 300 115 136
612 78 788 116 EPIST.
817 78 1001 116 LIBER
1027 77 1251 116 SEXTUS

226 179 374 221 Genus
406 189 549 222 autem
578 181 663 224 hoc
693 183 929 238 scripturae,
953 196 1037 222 non
1071 171 1198 223 rhodo
1221 181 1415 232 liberum,
1438 180 1543 222 sed
1534 180 1641 221 mci-

226 244 362 278 tatum
384 240 563 294 34atque
583 240 740 280 elatum
763 253 851 280 esse
875 239 1042 288 debere,
1063 239 1157 294 quis
1187 239 1383 294 ignorat?
1444 237 1642 279 Solutum

224 294 496 337 existimatur
524 310 627 346 esse,
653 297 771 337 alteii
807 296 1086 347 maledicer3e
1117 305 1257 336 tamen
1293 296 1529 336 cavendum
1563 303 1641 344 est,

226 364 279 391 ne
311 352 354 391 in
378 352 667 415 petulantiam
700 352 887 393 incidas.
921 352 1188 407 impeditum,
1217 367 1259 393 se
1291 352 1429 407 ipsum
1460 351 1643 400 laudate,

1135 409 1270 450 solum
1313 423 1410 449 vero
1445 409 1642 457 liberum,

225 463 401 506 alterum
425 465 520 508 laud
526 480 619 516 ire3
642 465 693 506 de
714 479 800 518 quo
818 465 1025 519 quidquid
1048 465 1258 515 detrahas,
1281 480 1449 506 necesse
1471 477 1549 515 est,
1571 475 1646 506 aut

225 521 478 571 infirmitati,
502 532 576 562 aut
596 521 769 562 invidie
793 521 1045 576 assignetur.
1104 521 1170 561 Ac
1192 522 1349 573 nescio,
1372 537 1424 563 an
1448 522 1526 562 tibi
1550 536 1646 578 gra-

225 578 309 618 tius
330 578 698 634 opportuniusque
720 577 937 619 acciderit.
999 577 1111 618 Nam
1136 579 1250 631 quod
1286 579 1485 633 praeclare
1507 556 1646 619 facere

224 649 311 674 non
351 645 556 690 poter‚am
592 636 772 691 primum
814 643 918 686 erat,
958 649 1041 674 non
1084 636 1322 690 attingere:
1363 635 1647 677 35secundum

227 692 539 745 [beneficium]‚
561 707 688 746 quam
720 691 965 746 parcissime
995 690 1148 732 facere.
1175 691 1247 731 sed
1279 701 1417 732 tamen
1450 707 1530 748 ego
1553 692 1648 747 qui-

229 748 325 789 dem
349 763 429 789 me.
437 749 632 789 sustinui.
657 748 789 788 multa
813 762 971 788 minui:
1000 746 1136 788 multa
1157 747 1330 789 sustuli.
1353 750 1574 804 complura
1595 763 1649 789 ue

228 806 350 860 posui
374 805 562 860 quidem·
623 804 996 851 Quemadmodum
1027 805 1158 860 igitur
1191 803 1397 845 scalmum
1430 806 1584 860 gradus
1614 806 1648 847 si

226 862 331 902 alios
366 861 502 911 tollas,
527 860 630 901 alios
668 861 843 910 incidas,
877 861 1102 901 nonnullos
1138 861 1246 901 male
1279 861 1489 902 haerentes
1525 862 1650 903 relin-

225 932 345 972 quas,
367 918 501 958 ruinae
525 918 757 973 periculum
783 928 932 967 struas,
955 933 1040 958 non
1064 931 1285 958 ascensum
1317 932 1460 973 pares:
1493 919 1553 959 sic
1586 927 1651 958 tot

224 974 346 1015 malis
383 989 481 1016 cuin
505 977 710 1025 vinctum,
735 984 824 1014 tum
859 973 1040 1014 fractum
1075 975 1262 1015 studium
1297 975 1523 1025 scribendi,
1547 975 1649 1030 quid

225 1031 405 1096 dignum
439 1032 626 1083 auribus,
649 1041 722 1072 aut
754 1030 976 1094 probabile
1009 1039 1151 1086 potest
1183 1032 1365 1073 afferre?
1416 1031 1526 1072 Cum
1550 1046 1650 1073 vero

226 1089 277 1130 ad
314 1089 446 1144 ipsuus
480 1088 663 1131 Caesaris
696 1102 851 1129 nomen
876 1102 987 1137 vem,
1012 1096 1104 1128 toto
1137 1102 1315 1143 cor-pore
1349 1089 1651 1151 contremisco,

224 1160 311 1186 non
351 1160 493 1211 poenae
518 1157 651 1196 metu,
674 1145 744 1186 secl
777 1144 886 1185 illius
915 1144 1085 1199 judicii.
1121 1153 1258 1185 totum
1291 1145 1404 1186 cuim
1436 1144 1651 1186 Caesarem

226 1218 313 1244 non
336 1204 450 1244 novi.
512 1177 652 1250 Queni
688 1211 811 1258 putas
838 1201 1026 1241 animum
1049 1215 1153 1264 esse,
1176 1202 1248 1242 ubi
1273 1216 1415 1243 secum
1438 1202 1653 1256 loquitur?

225 1260 310 1301 hoc
346 1260 571 1315 probabit:
603 1260 686 1300 hoc
720 1260 893 1299 verbum
927 1259 1208 1313 suspiciosum
1242 1268 1318 1299 est.
1353 1259 1470 1313 quid,
1503 1274 1537 1299 st
1571 1258 1654 1300 hoc

227 1320 382 1358 muto?
412 1325 456 1358 at
479 1331 638 1367 vmcor,
662 1330 714 1356 ne
737 1317 858 1371 pejus
880 1315 948 1356 sit.
1001 1314 1145 1370 scAgC
1170 1329 1282 1366 vero,
1305 1315 1430 1356 laudo
1453 1315 1653 1370 aliquem

227 1389 331 1415 num
363 1373 563 1414 offendo?
594 1388 692 1414 cum
727 1386 851 1428 porro
882 1371 1112 1421 offendam,
1135 1372 1252 1425 quid,
1276 1373 1309 1412 si
1334 1386 1418 1412 non
1444 1372 1559 1414 vult?
1590 1387 1656 1412 ar-

229 1432 332 1472 mati
356 1431 500 1471 stilum
529 1429 823 1493 persequitur.
855 1428 958 1469 victi
982 1438 1025 1468 et
1047 1429 1234 1468 nondum
1258 1429 1442 1469 restituti
1468 1429 1570 1483 qnid
1595 1429 1656 1469 fa-

228 1489 341 1530 ciet?
392 1487 538 1542 Auges
571 1486 701 1527 etiam
735 1496 779 1526 tu
814 1484 919 1525 mihi
952 1485 1162 1535 timorem,
1184 1485 1256 1540 qui
1292 1486 1333 1525 in
1367 1485 1549 1525 Oratore
1582 1494 1656 1527 tuo

229 1559 354 1586 caves
376 1544 455 1585 tibi
482 1558 554 1599 per
576 1544 775 1592 Brutum
797 1551 841 1582 et
862 1542 914 1582 ad
944 1541 1267 1582 excusationem
1301 1543 1462 1582 socium
1485 1542 1658 1596 quaeris.

231 1602 319 1644 Ubi
352 1601 435 1643 hoc
474 1601 667 1641 omnium
702 1602 739 1633 37
754 1609 957 1655 patronus
993 1598 1128 1639 facis:
1159 1598 1313 1653 38quid
1355 1612 1438 1648 me,
1472 1607 1659 1640 veterem

231 1669 369 1709 tuum,
392 1673 505 1699 nunc
535 1658 728 1698 omnium
759 1655 974 1706 clientem,
1007 1654 1201 1708 [sentire]
1234 1657 1434 1710 oportet?
1496 1654 1545 1695 In
1577 1655 1659 1697 hac

232 1716 366 1771 igitur
386 1714 584 1756 calumni¹
587 1730 599 1753 ι
622 1713 801 1762 timoris,
820 1722 863 1753 ct
883 1727 1011 1753 caecae
1036 1712 1290 1767 suspicionis
1313 1721 1541 1762 tormento,
1560 1727 1660 1753 cum

232 1773 416 1830 plurima
450 1772 503 1812 ad
540 1771 665 1812 alieni
701 1784 846 1810 sensus
882 1770 1190 1824 coniecturam,
1231 1783 1314 1809 non
1350 1768 1401 1809 ad
1436 1783 1558 1810 suum
1588 1769 1660 1825 ju-

233 1830 395 1871 dicium
426 1829 680 1878 scribantur,
703 1841 830 1881 quam
862 1825 1035 1867 difficile
1069 1825 1123 1865 sit
1151 1839 1201 1866 ev
1205 1825 1343 1876 a·de1e,
1366 1825 1398 1865 si
1424 1826 1563 1866 minus
1584 1840 1662 1867 ex-

234 1896 379 1951 pertus
401 1900 458 1937 es,
481 1885 595 1949 quod
618 1895 659 1925 te
680 1884 733 1925 ad
755 1883 899 1923 omnia
920 1896 1132 1923 summum
1155 1890 1282 1937 atque
1299 1881 1510 1923 excellens
1543 1883 1663 1940 inge-

237 1944 356 1986 nium
394 1942 589 1992 armavit,
619 1955 697 1982 nos
729 1940 949 1981 sentimus.
1011 1939 1093 1980 Sed
1126 1947 1267 1980 tamen
1301 1953 1383 1995 eoro
1417 1939 1505 1980 filio
1540 1916 1664 1981 dixe-

239 2067 315 2109 ret,
338 2057 372 2098 si
406 2057 614 2113 reciperes
651 2065 693 2096 te
724 2063 1030 2104 correcturum,
1061 2053 1143 2094 hoc
1174 2060 1253 2104 est,
1288 2053 1321 2093 si
1360 2063 1499 2094 totum
1531 2053 1662 2096 alium

974 2228 1030 2248 cus
1046 2224 1096 2248 est
1111 2218 1254 2248 vitiosus.
1274 2217 1436 2257 quomodo
1455 2218 1668 2258 probabiliter

282 2228 323 2256 34
344 2229 440 2264 atque
453 2223 592 2261 elatum]
619 2223 670 2252 Sic
693 2222 775 2251 bene
791 2230 848 2260 pro
862 2219 932 2249 v-ul

975 2260 1148 2299 corrigam,
1178 2270 1245 2290 non
1275 2261 1402 2292 habeo:
1437 2270 1496 2291 nec
1526 2261 1665 2291 aliorum

240 2271 318 2308 gato
349 2268 456 2296 latum
485 2276 502 2295 e
533 2265 625 2295 bonis
655 2264 744 2294 libris
775 2262 932 2293 Graevius.

238 2310 327 2340 Nam
358 2310 463 2338 latum
489 2306 615 2336 dicendi
643 2314 745 2345 genus
767 2305 829 2336 dici
853 2303 933 2334 illud

240 2351 372 2392 quidem
392 2350 474 2379 bene
496 2348 597 2378 latine
619 2348 698 2383 scio,
713 2347 767 2377 sed
791 2355 856 2376 non
880 2356 931 2382 eo,

240 2395 294 2434 qui
310 2393 363 2423 hic
378 2400 445 2422 esse
461 2391 568 2426 debet,
584 2399 690 2420 sensu.
709 2398 775 2419 non
799 2388 851 2418 hie
866 2397 930 2418 ser

241 2445 296 2466 mo
310 2439 361 2465 est
374 2434 412 2464 de
431 2433 560 2472 copioso
583 2431 707 2462 dicendi
732 2440 860 2470 genere,
878 2430 932 2460 scd

240 2477 279 2508 de
302 2477 439 2507 incitato
465 2475 504 2505 ab
531 2474 631 2504 animi
654 2479 764 2504 motu·
789 2473 840 2502 cui
863 2474 930 2502 ela-

240 2524 312 2550 tum
325 2519 407 2549 bene
423 2517 585 2547 convenit.
631 2516 682 2546 Sic
705 2513 802 2545 habet
817 2518 851 2544 et
866 2514 930 2544 Ms.

294 2570 341 2591 us

239 2571 314 2633 mgf)
329 2601 504 2633 ..secundum
516 2597 713 2639 benificium]
700 2597 820 2636 ]Bene
835 2596 933 2627 Lam-

239 2646 335 2675 binus
354 2643 495 2683 judicat,
522 2640 706 2682 beneficium
732 2649 799 2670 esse
824 2637 933 2668 delen-

240 2688 329 2717 dum.
347 2695 424 2717 nam
441 2694 500 2715 nec
515 2683 558 2714 rei
578 2683 656 2713 satis
670 2687 785 2722 aptum
798 2685 848 2712 est
863 2690 933 2710 ver-

240 2730 338 2760 bum:
363 2733 397 2759 et
429 2727 456 2757 si
490 2729 586 2762 esset,
613 2728 790 2766 poneretur
823 2723 933 2763 potius

240 2774 314 2811 post
325 2771 484 2811 primum.

283 2813 323 2844 36
337 2813 385 2852 Ag
386 2822 407 2841 e
421 2821 441 2840 ἰ
443 2820 496 2841 ero
512 2809 609 2840 laudo
623 2810 763 2848 aliquem
777 2807 833 2838 ἃς.
836 2805 850 2846 ]
867 2805 932 2837 Lo-

975 2303 1174 2341 conjectu'rae
1189 2302 1268 2332 mihi
1285 2302 1498 2333 satisfaciunt.

1017 2347 1056 2377 37
1074 2348 1234 2383 patronus
1244 2343 1350 2384 facis]
1376 2345 1428 2374 Sic
1445 2343 1515 2374 edd.
1530 2348 1666 2382 veteres,

974 2386 1020 2416 sic
1034 2393 1069 2416 et
1083 2386 1146 2416 Ms.
1163 2396 1253 2416 meus
1267 2392 1301 2416 et
1317 2387 1381 2417 duo
1396 2386 1527 2416 Graevii.
1555 2386 1668 2416 Victo-

976 2428 1041 2457 rius
1055 2439 1073 2458 c
1090 2427 1351 2467 Mss.suissacit.
1367 2428 1462 2458 male.
1480 2437 1555 2458 nam
1571 2428 1668 2459 debet

975 2470 1165 2509 respondere
1188 2471 1229 2509 τῷ
1253 2479 1304 2499 me
1324 2473 1463 2499 veterem
1488 2474 1583 2500 tuum
1606 2471 1666 2501 &tn

974 2512 1108 2542 Poterat
1122 2511 1239 2548 dicere,
1253 2513 1307 2542 ubi
1321 2515 1357 2542 tu
1373 2513 1430 2542 Ιιοι·
1440 2524 1449 2541 .·
1465 2511 1519 2542 sed
1533 2517 1570 2543 tu
1584 2511 1668 2542 latet

975 2552 1113 2591 insacis.

1017 2597 1057 2627 38
1079 2595 1158 2634 quid
1171 2595 1380 2625 one-sentire
1400 2595 1533 2635 oportet]
1561 2595 1669 2626 Haesit

976 2636 1009 2666 in
1024 2638 1142 2667 sentire
1155 2636 1373 2672 Guilielmius,
1385 2638 1586 2677 conjecitque
1597 2647 1670 2667 cor-

977 2678 1147 2717 rigendum
1161 2681 1259 2709 sentis
1272 2682 1433 2718 oportere:
1457 2689 1523 2709 non
1548 2679 1667 2719 placet.

974 2719 1106 2750 dixisset
1115 2730 1219 2751 censes
1232 2731 1258 2750 o.
1273 2726 1354 2760 puto
1365 2729 1433 2750 esse
1445 2731 1464 2751 a
1476 2721 1669 2760 glossatore,

975 2763 1030 2801 qui
1046 2773 1064 2793 e
1078 2772 1164 2801 seqq.
1182 2762 1243 2794 boc
1260 2763 1387 2802 putavit
1409 2763 1551 2810 intelligi
1572 2763 1668 2794 debe·

976 2814 1021 2835 re
1066 2804 1321 2844 Intelligendum
1337 2803 1516 2844 estsacere.
