1865 3223
528 102 611 141 AD
637 100 971 138 TIRONEM·
1390 104 1464 138 413

37 206 343 262 obtemperaris
366 205 574 247 voluntati
607 217 727 244 meae.
790 203 899 245 Haec
931 217 1007 259 pro
1031 209 1103 242 tuo
1127 202 1300 258 ingenio
1322 203 1463 244 consi-

36 264 151 304 dera.
214 264 304 305 Nos
339 265 395 304 ita
430 273 470 303 te
498 261 798 311 desideramus,
824 271 869 302 ut
900 273 1113 300 amemus:
1147 273 1279 309 amor,
1312 271 1358 301 ut
1391 275 1463 300 va-

37 318 193 361 lentem
237 321 467 369 videamus,
516 318 739 358 hortatur:
790 316 1060 365 desiderium,
1110 324 1155 354 ut
1201 331 1326 370 quain
1379 319 1464 372 pri-

36 390 170 417 mum.
235 377 338 417 lllud
366 376 495 432 igitur
523 375 678 429 potius.
739 373 853 415 Cura
885 388 986 429 ergo
1018 370 1300 428 potissimum,
1324 383 1368 413 ut
1394 389 1464 414 va-

37 432 146 474 leas:
179 433 231 474 de
266 434 346 474 tuis
371 431 750 472 innumerabilibus
774 431 814 471 in
841 445 906 472 me
929 430 1082 471 officiis
1103 429 1183 469 erit
1207 428 1288 469 hoc
1311 431 1463 484 gratis-

38 490 209 530 simum.
262 503 322 531 ιιι
347 490 493 530 Nonas
521 488 799 529 Novembres.

550 576 949 615 ARGUMENTUM.
1473 570 1501 605 2

38 640 327 677 Sollicitudinem
344 651 445 676 suam
463 641 658 689 significat,
676 652 847 688 suumque
875 641 922 675 ad
941 640 1106 686 Alyziam
1134 649 1310 674 accessum
1328 653 1341 674 .·
1367 638 1464 674 vale-

513 694 670 727 tudinem
690 698 728 727 ut
748 697 857 732 curet,
878 696 995 739 rogat.

302 756 562 800 TULLIUS
593 757 814 800 TlROM
848 758 965 800 SUO
997 757 1041 798 S.
1070 757 1116 798 P.
1147 756 1199 797 D.

42 813 191 869 NON
215 841 324 882 queo
355 826 405 867 ad
441 835 496 877 te,
520 842 596 867 nec
633 826 748 868 lubet
783 827 979 876 scribere,
1002 841 1087 880 quo
1119 826 1261 866 animo
1296 823 1374 864 sim
1403 823 1467 865 af-

40 882 202 925 fectus:
238 893 401 924 tantum
438 884 593 934 scribo,
615 894 657 924 et
691 884 784 934 tibi,
812 894 854 924 et
886 884 988 924 mihi
1020 883 1218 924 maximae
1258 881 1467 937 voluptati

42 940 147 992 fore,
171 941 203 981 si
241 952 281 981 te
314 941 481 980 firmum
505 955 631 995 quani
673 941 854 996 primum
891 941 1048 981 videro.
1107 938 1253 979 Tertio
1286 939 1354 979 die
1391 939 1468 979 abs

44 1007 86 1039 te
107 1000 156 1039 ad
182 997 378 1052 Alyziam
406 1011 730 1038 accesseramus.
793 997 834 1038 ls
868 997 985 1038 locus
1008 1006 1070 1037 est
1094 996 1201 1037 citra
1232 995 1468 1037 Leucadem

44 1055 179 1096 stadia
218 1068 336 1095 cxx.
398 1053 592 1095 Leucade
627 1064 700 1095 aut
741 1065 780 1094 te
825 1056 977 1110 ipsum,
1016 1063 1089 1094 aut
1128 1064 1219 1094 tuas
1254 1053 1413 1094 litteras
1445 1067 1471 1092 a

47 1110 247 1152 Marione
279 1111 481 1167 putabam
512 1125 580 1152 me
608 1121 898 1168 accepturum.
961 1112 1181 1157 Quantum
1213 1125 1280 1151 me
1312 1109 1471 1165 diligis,

46 1179 213 1209 tantum
239 1168 305 1208 fac
329 1180 374 1208 ut
399 1168 550 1218 valeas,
573 1169 636 1209 vel
658 1178 865 1224 quantum
892 1179 932 1208 te
951 1183 975 1209 a
997 1182 1062 1208 nie
1086 1168 1167 1208 scis
1190 1167 1326 1223 diligi.
1379 1167 1471 1208 No-

48 1226 111 1266 nis
135 1226 371 1267 Novembr.
431 1225 596 1280 Alyzia.

558 1315 900 1353 ARGUMENTU
904 1315 958 1351 M.
1484 1312 1509 1348 3

358 1377 494 1425 Rogat,
514 1383 553 1414 ut
573 1381 669 1414 omni
688 1391 774 1414 cum
790 1379 990 1414 valetudini
1008 1380 1153 1415 serviat.

64 1443 322 1487 TULLIUS
356 1444 430 1486 ET
462 1445 694 1487 CICERO
726 1445 947 1486 TIRONI
983 1446 1099 1487 SUO
1132 1447 1175 1487 S.
1200 1445 1256 1487 D.
1291 1444 1365 1486 ET
1396 1444 1453 1492 Q.

437 1502 651 1554 PATER,
685 1502 758 1543 ET
791 1504 846 1549 Q.
873 1502 1086 1544 FILIUS.

51 1556 186 1610 NOS
222 1570 334 1626 apud
368 1569 578 1624 Alyziam,
617 1585 670 1611 ex
704 1585 788 1625 quo
826 1570 920 1612 loco
958 1571 1035 1611 tibi
1072 1571 1232 1611 litteras
1270 1579 1368 1611 ante
1403 1569 1476 1611 de-

47 1625 258 1677 (ieramus,
282 1642 411 1668 unuin
445 1628 558 1668 diem
589 1628 841 1668 commorati
870 1642 1027 1677 sumus,
1050 1628 1163 1682 quod
1188 1628 1376 1673 Quintus
1399 1641 1476 1668 nos

48 1695 303 1724 consecutus
337 1699 420 1725 non
452 1694 555 1724 erat.
618 1683 659 1724 Is
684 1685 772 1725 dies
802 1683 883 1724 fuit
910 1685 1048 1725 Nonae
1073 1685 1309 1725 Noveinbr.
1370 1683 1476 1725 Inde

49 1750 147 1780 ante
180 1740 317 1781 lucem
352 1740 682 1796 proficiscente-S,
715 1752 813 1782 ante
845 1741 958 1782 diem
995 1755 1085 1782 vm
1125 1741 1225 1782 Idus
1261 1742 1474 1782 Noveinb.

52 1796 126 1837 has
159 1796 320 1838 litteras
352 1798 560 1839 dedimus.
620 1797 700 1848 Tu,
727 1798 758 1838 si
795 1813 870 1839 nos
903 1813 1049 1838 omnes
1084 1813 1214 1848 amas,
1247 1808 1289 1838 et
1325 1797 1602 1853 praeci-p.25e.

52 1867 133 1908 pue
156 1868 236 1905 me,
261 1855 510 1910 magistrum
537 1866 671 1904 tuum,
693 1855 900 1896 confirma
923 1865 976 1896 te.
1012 1854 1106 1910 Ego
1131 1855 1250 1896 valde
1271 1870 1476 1910 suspenso
1488 1863 1518 1883 a.

50 1910 193 1951 animo
215 1922 435 1967 exspecto,
459 1912 640 1967 primum
666 1921 706 1952 te
728 1911 904 1962 scilicet,
927 1912 1079 1953 deinde
1111 1911 1354 1952 Marionem
1379 1927 1478 1953 cum

52 1968 136 2007 tuis
172 1968 337 2009 litteris.
399 1969 560 2010 Omnes
596 1969 808 2023 cupimus,
841 1983 922 2024 ego
957 1970 999 2009 in
1038 1969 1199 2024 primis,
1232 1983 1359 2023 quam
1394 1970 1480 2025 pri-

51 2038 169 2065 mum
194 2035 234 2065 te
259 2026 423 2068 videre:
457 2026 542 2075 sed,
566 2026 621 2066 mi
645 2025 761 2075 Tiro,
787 2025 1010 2066 valentem.
1072 2026 1216 2072 Quare
1247 2025 1352 2066 nihil
1383 2041 1482 2082 pro-

53 2081 236 2136 peraris:
262 2083 394 2123 2satis
416 2082 609 2137 quotidie
634 2083 792 2132 videro,
815 2083 848 2122 si
873 2083 1045 2123 valebis.
1107 2083 1374 2123 Utilitatibus
1398 2083 1481 2124 tuis

53 2151 223 2193 possum
264 2153 430 2181 carere:
471 2149 511 2179 te
551 2140 701 2190 valere,
738 2148 810 2180 tua
847 2154 975 2181 causa
1015 2139 1200 2195 primum
1239 2139 1351 2191 volo,
1390 2149 1481 2182 tum

53 2209 160 2247 mea,
182 2196 240 2237 mi
261 2195 380 2237 Tiro.
440 2196 559 2237 Vale.

567 2286 968 2324 ARGUMENTUM.
1493 2296 1519 2329 4

306 2348 398 2385 Tota
417 2349 618 2385 cohortatio
637 2354 688 2385 est
707 2351 754 2386 ad
772 2351 968 2386 curandam
985 2350 1238 2387 valetudinem.

183 2414 249 2456 M.
271 2414 322 2457 T.
348 2414 399 2457 C.
434 2415 507 2456 ET
539 2417 596 2463 Q.
622 2416 713 2457 FR.
739 2415 812 2457 ET
844 2417 900 2463 Q.
925 2416 1037 2458 HL,
1060 2415 1283 2458 TIRONI
1316 2415 1360 2456 S.

59 2469 262 2524 VARIE
304 2499 395 2524 sum
439 2483 616 2524 affectus
659 2484 741 2524 tuis
778 2484 959 2527 litteris:
994 2485 1113 2526 valde
1150 2485 1289 2541 priore
1329 2482 1488 2540 pagina,

58 2542 344 2596 perturbatus,
378 2541 564 2596 paullum
603 2541 735 2582 altera
775 2552 1000 2583 recreatus.
1062 2543 1207 2589 Quare
1249 2556 1361 2582 nunc
1391 2540 1485 2595 qui-

58 2597 155 2638 dem
189 2612 274 2639 non
309 2598 475 2650 dubito,
497 2599 615 2654 quin,
637 2599 779 2654 quoad
812 2599 936 2655 plane
974 2599 1128 2652 valeas,
1166 2607 1207 2640 te
1242 2612 1380 2654 neque
1412 2611 1487 2638 na·

97 2761 118 2791 2
138 2761 218 2790 satis
236 2762 375 2800 quotidie
394 2761 517 2802 videro]
542 2762 680 2802 quotidie
701 2761 752 2791 ni·
794 2762 914 2798 videro,
930 2761 980 2792 vel
994 2762 1074 2792 satis
1088 2760 1215 2801 quidem
1229 2761 1291 2791 cito
1312 2763 1342 2790 te
1355 2770 1385 2790 v.
1401 2763 1440 2790 ut
1455 2765 1489 2790 et

54 2797 116 2832 hili
140 2809 174 2833 et
199 2803 447 2834 vitiosum‘est:
478 2815 516 2835 ex
541 2814 574 2835 re
598 2810 631 2835 et
655 2804 752 2834 verbo
795 2804 871 2834 alibi
894 2804 960 2834 fere
976 2808 1037 2834 est.
1053 2814 1083 2835 v.
1100 2814 1128 2836 c.
1143 2813 1194 2844 ep.
1210 2806 1242 2835 4.
1258 2803 1338 2834 satie
1360 2807 1490 2833 marm-e

52 2846 240 2885 properaris
255 2852 347 2885 patet
364 2846 537 2886 legendum
553 2848 633 2878 εαιῖε
648 2847 709 2877 cito
723 2851 754 2877 te
795 2851 826 2877 te
841 2846 948 2878 videro
963 2847 1021 2876 ἃς.
