<?xml version="1.0" encoding="UTF-8"?>
<!DOCTYPE html PUBLIC "-//W3C//DTD XHTML 1.0 Transitional//EN"
    "http://www.w3.org/TR/xhtml1/DTD/xhtml1-transitional.dtd">
<html xmlns="http://www.w3.org/1999/xhtml" xml:lang="en" lang="en">
 <head>
  <title>
</title>
<meta http-equiv="Content-Type" content="text/html;charset=utf-8" />
  <meta name='ocr-system' content='tesseract 3.04.00' />
  <meta name='ocr-capabilities' content='ocr_page ocr_carea ocr_par ocr_line ocrx_word'/>
</head>
<body>
  <div class='ocr_page' id='page_1' title='image "./p1operaomnia03ciceuoft_0441.png"; bbox 0 0 1865 3223; ppageno 0'>
   <div class='ocr_carea' id='block_1_1' title="bbox 611 128 1066 168">
    <p class='ocr_par' dir='ltr' id='par_1_1' title="bbox 611 128 1066 168">
     <span class='ocr_line' id='line_1_1' title="bbox 611 128 1066 168; baseline 0.002 -1"><span class='ocrx_word' id='word_1_1' title='bbox 611 129 691 167; x_wconf 79' lang='lat' dir='ltr'><strong>AD</strong></span> <span class='ocrx_word' id='word_1_2' title='bbox 724 128 1066 168; x_wconf 74' lang='lat' dir='ltr'>TIRONEM·</span> 
     </span>
    </p>
   </div>
   <div class='ocr_carea' id='block_1_2' title="bbox 460 207 1212 276">
    <p class='ocr_par' dir='ltr' id='par_1_2' title="bbox 460 207 1212 276">
     <span class='ocr_line' id='line_1_2' title="bbox 460 207 1212 276; baseline -0.004 -2"><span class='ocrx_word' id='word_1_3' title='bbox 460 207 718 274; x_wconf 76' lang='lat' dir='ltr'>TULLIUS</span> <span class='ocrx_word' id='word_1_4' title='bbox 749 230 968 273; x_wconf 83' lang='lat' dir='ltr'>TIRONI</span> <span class='ocrx_word' id='word_1_5' title='bbox 1001 232 1045 273; x_wconf 82' lang='lat' dir='ltr'><strong>s,</strong></span> <span class='ocrx_word' id='word_1_6' title='bbox 1071 232 1119 273; x_wconf 87' lang='lat' dir='ltr'><strong>P.</strong></span> <span class='ocrx_word' id='word_1_7' title='bbox 1144 233 1212 276; x_wconf 87' lang='lat' dir='ltr'><strong>D..</strong></span> 
     </span>
    </p>
   </div>
   <div class='ocr_carea' id='block_1_3' title="bbox 109 289 1609 1372">
    <p class='ocr_par' dir='ltr' id='par_1_3' title="bbox 109 289 1609 1372">
     <span class='ocr_line' id='line_1_3' title="bbox 125 289 1539 357; baseline 0.004 -17"><span class='ocrx_word' id='word_1_8' title='bbox 125 289 331 340; x_wconf 82' lang='lat' dir='ltr'>SPERO</span> <span class='ocrx_word' id='word_1_9' title='bbox 370 314 424 342; x_wconf 81' lang='lat' dir='ltr'><strong>cx</strong></span> <span class='ocrx_word' id='word_1_10' title='bbox 466 299 549 340; x_wconf 91' lang='lat' dir='ltr'><strong>tuis</strong></span> <span class='ocrx_word' id='word_1_11' title='bbox 590 297 755 349; x_wconf 80' lang='lat' dir='ltr'><strong>litteris,</strong></span> <span class='ocrx_word' id='word_1_12' title='bbox 796 299 873 340; x_wconf 87' lang='lat' dir='ltr'><strong>tibi</strong></span> <span class='ocrx_word' id='word_1_13' title='bbox 914 299 1063 340; x_wconf 83' lang='lat' dir='ltr'><strong>melius</strong></span> <span class='ocrx_word' id='word_1_14' title='bbox 1103 313 1217 342; x_wconf 88' lang='lat' dir='ltr'><strong>esse:</strong></span> <span class='ocrx_word' id='word_1_15' title='bbox 1249 304 1377 357; x_wconf 86' lang='lat' dir='ltr'><strong>cupio</strong></span> <span class='ocrx_word' id='word_1_16' title='bbox 1410 313 1539 345; x_wconf 88' lang='lat' dir='ltr'><strong>certe.</strong></span> 
     </span>
     <span class='ocr_line' id='line_1_4' title="bbox 124 352 1609 411; baseline 0.003 -15"><span class='ocrx_word' id='word_1_17' title='bbox 124 355 207 396; x_wconf 87' lang='lat' dir='ltr'><strong>Cui</strong></span> <span class='ocrx_word' id='word_1_18' title='bbox 240 352 411 411; x_wconf 86' lang='lat' dir='ltr'><strong>quidem</strong></span> <span class='ocrx_word' id='word_1_19' title='bbox 446 356 503 396; x_wconf 86' lang='lat' dir='ltr'><strong>rei</strong></span> <span class='ocrx_word' id='word_1_20' title='bbox 535 356 650 396; x_wconf 89' lang='lat' dir='ltr'><strong>omni</strong></span> <span class='ocrx_word' id='word_1_21' title='bbox 692 355 853 396; x_wconf 84' lang='lat' dir='ltr'><strong>ratione</strong></span> <span class='ocrx_word' id='word_1_22' title='bbox 884 370 984 396; x_wconf 84' lang='lat' dir='ltr'><strong>cura</strong></span> <span class='ocrx_word' id='word_1_23' title='bbox 1024 366 1068 398; x_wconf 92' lang='lat' dir='ltr'><strong>ut</strong></span> <span class='ocrx_word' id='word_1_24' title='bbox 1106 357 1332 400; x_wconf 72' lang='lat' dir='ltr'>inservias:</span> <span class='ocrx_word' id='word_1_25' title='bbox 1364 369 1407 399; x_wconf 83' lang='lat' dir='ltr'><strong>et</strong></span> <span class='ocrx_word' id='word_1_26' title='bbox 1437 375 1551 401; x_wconf 33' lang='lat' dir='ltr'><strong>cave.</strong></span> <span class='ocrx_word' id='word_1_27' title='bbox 1604 380 1609 385; x_wconf 89' lang='lat'>·</span> 
     </span>
     <span class='ocr_line' id='line_1_5' title="bbox 120 411 1539 469; baseline 0.004 -17"><span class='ocrx_word' id='word_1_28' title='bbox 120 412 360 468; x_wconf 83' lang='lat' dir='ltr'><strong>suspiceris,</strong></span> <span class='ocrx_word' id='word_1_29' title='bbox 392 422 541 453; x_wconf 84' lang='lat' dir='ltr'><strong>contra</strong></span> <span class='ocrx_word' id='word_1_30' title='bbox 574 425 711 452; x_wconf 85' lang='lat' dir='ltr'><strong>meam</strong></span> <span class='ocrx_word' id='word_1_31' title='bbox 751 411 1019 453; x_wconf 83' lang='lat' dir='ltr'><strong>voluntatem·</strong></span> <span class='ocrx_word' id='word_1_32' title='bbox 1047 422 1089 453; x_wconf 86' lang='lat' dir='ltr'><strong>te</strong></span> <span class='ocrx_word' id='word_1_33' title='bbox 1120 413 1273 464; x_wconf 79' lang='lat' dir='ltr'><strong>facere,</strong></span> <span class='ocrx_word' id='word_1_34' title='bbox 1306 416 1419 469; x_wconf 85' lang='lat' dir='ltr'><strong>quod</strong></span> <span class='ocrx_word' id='word_1_35' title='bbox 1453 431 1539 457; x_wconf 91' lang='lat' dir='ltr'><strong>non</strong></span> 
     </span>
     <span class='ocr_line' id='line_1_6' title="bbox 121 468 1541 518; baseline 0.004 -10"><span class='ocrx_word' id='word_1_36' title='bbox 121 468 177 508; x_wconf 89' lang='lat' dir='ltr'><strong>sis</strong></span> <span class='ocrx_word' id='word_1_37' title='bbox 211 482 392 510; x_wconf 89' lang='lat' dir='ltr'><strong>mecum.</strong></span> <span class='ocrx_word' id='word_1_38' title='bbox 425 482 591 509; x_wconf 86' lang='lat' dir='ltr'><strong>mecum</strong></span> <span class='ocrx_word' id='word_1_39' title='bbox 624 483 682 518; x_wconf 88' lang='lat' dir='ltr'><strong>es,</strong></span> <span class='ocrx_word' id='word_1_40' title='bbox 706 468 738 508; x_wconf 92' lang='lat' dir='ltr'><strong>si</strong></span> <span class='ocrx_word' id='word_1_41' title='bbox 775 479 815 509; x_wconf 88' lang='lat' dir='ltr'><strong>te</strong></span> <span class='ocrx_word' id='word_1_42' title='bbox 850 484 986 510; x_wconf 86' lang='lat' dir='ltr'><strong>curas.</strong></span> <span class='ocrx_word' id='word_1_43' title='bbox 1012 494 1016 498; x_wconf 92' lang='lat'>-</span> <span class='ocrx_word' id='word_1_44' title='bbox 1047 470 1189 516; x_wconf 83' lang='lat' dir='ltr'>Quare</span> <span class='ocrx_word' id='word_1_45' title='bbox 1222 470 1332 512; x_wconf 86' lang='lat' dir='ltr'><strong>malo</strong></span> <span class='ocrx_word' id='word_1_46' title='bbox 1367 481 1407 512; x_wconf 87' lang='lat' dir='ltr'><strong>te</strong></span> <span class='ocrx_word' id='word_1_47' title='bbox 1437 473 1541 513; x_wconf 88' lang='lat' dir='ltr'><strong>vali-</strong></span> 
     </span>
     <span class='ocr_line' id='line_1_7' title="bbox 121 525 1539 579; baseline 0.004 -14"><span class='ocrx_word' id='word_1_48' title='bbox 121 525 257 565; x_wconf 86' lang='lat' dir='ltr'>tudini</span> <span class='ocrx_word' id='word_1_49' title='bbox 302 536 386 566; x_wconf 87' lang='lat' dir='ltr'><strong>tuae</strong></span> <span class='ocrx_word' id='word_1_50' title='bbox 425 525 594 575; x_wconf 88' lang='lat' dir='ltr'><strong>servire,</strong></span> <span class='ocrx_word' id='word_1_51' title='bbox 632 539 758 579; x_wconf 90' lang='lat' dir='ltr'><strong>quam</strong></span> <span class='ocrx_word' id='word_1_52' title='bbox 801 526 904 566; x_wconf 73' lang='lat' dir='ltr'><strong>meis</strong></span> <span class='ocrx_word' id='word_1_53' title='bbox 949 525 1082 567; x_wconf 89' lang='lat' dir='ltr'><strong>oculis</strong></span> <span class='ocrx_word' id='word_1_54' title='bbox 1120 537 1161 567; x_wconf 89' lang='lat' dir='ltr'><strong>et</strong></span> <span class='ocrx_word' id='word_1_55' title='bbox 1195 528 1385 568; x_wconf 83' lang='lat' dir='ltr'><strong>auribus.</strong></span> <span class='ocrx_word' id='word_1_56' title='bbox 1447 528 1539 571; x_wconf 87' lang='lat' dir='ltr'><strong>Etsi</strong></span> 
     </span>
     <span class='ocr_line' id='line_1_8' title="bbox 118 581 1538 637; baseline 0.004 -16"><span class='ocrx_word' id='word_1_57' title='bbox 118 582 232 622; x_wconf 90' lang='lat' dir='ltr'><strong>enim</strong></span> <span class='ocrx_word' id='word_1_58' title='bbox 255 590 301 634; x_wconf 34' lang='lat' dir='ltr'><strong>et·</strong></span> <span class='ocrx_word' id='word_1_59' title='bbox 318 581 444 622; x_wconf 87' lang='lat' dir='ltr'><strong>audio</strong></span> <span class='ocrx_word' id='word_1_60' title='bbox 469 592 509 621; x_wconf 83' lang='lat' dir='ltr'><strong>te</strong></span> <span class='ocrx_word' id='word_1_61' title='bbox 535 592 576 622; x_wconf 87' lang='lat' dir='ltr'><strong>et</strong></span> <span class='ocrx_word' id='word_1_62' title='bbox 601 582 723 622; x_wconf 86' lang='lat' dir='ltr'><strong>video</strong></span> <span class='ocrx_word' id='word_1_63' title='bbox 759 581 959 623; x_wconf 81' lang='lat' dir='ltr'><strong>libenter:</strong></span> <span class='ocrx_word' id='word_1_64' title='bbox 994 593 1134 623; x_wconf 86' lang='lat' dir='ltr'><strong>tamen</strong></span> <span class='ocrx_word' id='word_1_65' title='bbox 1168 583 1250 625; x_wconf 91' lang='lat' dir='ltr'><strong>hoc</strong></span> <span class='ocrx_word' id='word_1_66' title='bbox 1285 585 1419 625; x_wconf 88' lang='lat' dir='ltr'><strong>multo</strong></span> <span class='ocrx_word' id='word_1_67' title='bbox 1443 586 1538 637; x_wconf 88' lang='lat' dir='ltr'><strong>erit,</strong></span> 
     </span>
     <span class='ocr_line' id='line_1_9' title="bbox 117 637 1539 695; baseline 0.003 -17"><span class='ocrx_word' id='word_1_68' title='bbox 117 638 151 678; x_wconf 83' lang='lat' dir='ltr'><strong>si</strong></span> <span class='ocrx_word' id='word_1_69' title='bbox 178 637 349 687; x_wconf 83' lang='lat' dir='ltr'>valebis,</span> <span class='ocrx_word' id='word_1_70' title='bbox 373 638 623 692; x_wconf 84' lang='lat' dir='ltr'><strong>jucundius.</strong></span> <span class='ocrx_word' id='word_1_71' title='bbox 686 637 779 692; x_wconf 82' lang='lat' dir='ltr'><strong>Ego</strong></span> <span class='ocrx_word' id='word_1_72' title='bbox 813 638 883 680; x_wconf 88' lang='lat' dir='ltr'><strong>hic</strong></span> <span class='ocrx_word' id='word_1_73' title='bbox 914 653 1047 690; x_wconf 87' lang='lat' dir='ltr'><strong>cesso,</strong></span> <span class='ocrx_word' id='word_1_74' title='bbox 1070 640 1170 694; x_wconf 85' lang='lat' dir='ltr'><strong>quia</strong></span> <span class='ocrx_word' id='word_1_75' title='bbox 1198 641 1286 695; x_wconf 88' lang='lat' dir='ltr'><strong>ipse</strong></span> <span class='ocrx_word' id='word_1_76' title='bbox 1309 641 1412 682; x_wconf 86' lang='lat' dir='ltr'><strong>nihil</strong></span> <span class='ocrx_word' id='word_1_77' title='bbox 1436 643 1539 683; x_wconf 85' lang='lat' dir='ltr'><strong>scri·-</strong></span> 
     </span>
     <span class='ocr_line' id='line_1_10' title="bbox 115 694 1539 750; baseline 0.003 -15"><span class='ocrx_word' id='word_1_78' title='bbox 115 695 201 736; x_wconf 92' lang='lat' dir='ltr'><strong>bo:</strong></span> <span class='ocrx_word' id='word_1_79' title='bbox 232 694 328 750; x_wconf 83' lang='lat' dir='ltr'><strong>lego</strong></span> <span class='ocrx_word' id='word_1_80' title='bbox 350 705 492 735; x_wconf 86' lang='lat' dir='ltr'><strong>autem</strong></span> <span class='ocrx_word' id='word_1_81' title='bbox 515 694 809 735; x_wconf 82' lang='lat' dir='ltr'><strong>libentissime.</strong></span> <span class='ocrx_word' id='word_1_82' title='bbox 863 694 926 735; x_wconf 93' lang='lat' dir='ltr'><strong>Tu</strong></span> <span class='ocrx_word' id='word_1_83' title='bbox 952 696 1061 746; x_wconf 92' lang='lat' dir='ltr'><strong>istic,</strong></span> <span class='ocrx_word' id='word_1_84' title='bbox 1084 697 1116 736; x_wconf 88' lang='lat' dir='ltr'><strong>si</strong></span> <span class='ocrx_word' id='word_1_85' title='bbox 1139 697 1238 750; x_wconf 86' lang='lat' dir='ltr'><strong>quid</strong></span> <span class='ocrx_word' id='word_1_86' title='bbox 1263 696 1420 738; x_wconf 87' lang='lat' dir='ltr'><strong>librarii</strong></span> <span class='ocrx_word' id='word_1_87' title='bbox 1445 713 1539 740; x_wconf 84' lang='lat' dir='ltr'><strong>mea</strong></span> 
     </span>
     <span class='ocr_line' id='line_1_11' title="bbox 112 751 1539 810; baseline 0.004 -19"><span class='ocrx_word' id='word_1_88' title='bbox 112 764 242 791; x_wconf 87' lang='lat' dir='ltr'><strong>manu</strong></span> <span class='ocrx_word' id='word_1_89' title='bbox 277 766 362 791; x_wconf 90' lang='lat' dir='ltr'><strong>non</strong></span> <span class='ocrx_word' id='word_1_90' title='bbox 399 751 652 807; x_wconf 84' lang='lat' dir='ltr'><strong>intelligent,</strong></span> <span class='ocrx_word' id='word_1_91' title='bbox 681 752 951 792; x_wconf 82' lang='lat' dir='ltr'><strong>monstrabis.</strong></span> <span class='ocrx_word' id='word_1_92' title='bbox 1012 752 1109 794; x_wconf 87' lang='lat' dir='ltr'><strong>Una</strong></span> <span class='ocrx_word' id='word_1_93' title='bbox 1140 754 1316 794; x_wconf 89' lang='lat' dir='ltr'><strong>omnino</strong></span> <span class='ocrx_word' id='word_1_94' title='bbox 1350 756 1539 810; x_wconf 88' lang='lat' dir='ltr'><strong>interpo-</strong></span> 
     </span>
     <span class='ocr_line' id='line_1_12' title="bbox 113 807 1538 866; baseline 0.002 -17"><span class='ocrx_word' id='word_1_95' title='bbox 113 807 214 849; x_wconf 86' lang='lat' dir='ltr'><strong>sitio</strong></span> <span class='ocrx_word' id='word_1_96' title='bbox 236 807 452 848; x_wconf 90' lang='lat' dir='ltr'><strong>diffieilior</strong></span> <span class='ocrx_word' id='word_1_97' title='bbox 480 819 557 858; x_wconf 86' lang='lat' dir='ltr'><strong>est,</strong></span> <span class='ocrx_word' id='word_1_98' title='bbox 580 823 705 862; x_wconf 86' lang='lat' dir='ltr'><strong>quam</strong></span> <span class='ocrx_word' id='word_1_99' title='bbox 742 822 793 848; x_wconf 90' lang='lat' dir='ltr'><strong>ne</strong></span> <span class='ocrx_word' id='word_1_100' title='bbox 828 808 916 863; x_wconf 81' lang='lat' dir='ltr'><strong>ipse</strong></span> <span class='ocrx_word' id='word_1_101' title='bbox 940 809 1111 863; x_wconf 87' lang='lat' dir='ltr'><strong>quidem</strong></span> <span class='ocrx_word' id='word_1_102' title='bbox 1145 809 1267 850; x_wconf 79' lang='lat' dir='ltr'><strong>facile</strong></span> <span class='ocrx_word' id='word_1_103' title='bbox 1300 810 1437 866; x_wconf 83' lang='lat' dir='ltr'><strong>legere</strong></span> <span class='ocrx_word' id='word_1_104' title='bbox 1470 827 1538 852; x_wconf 92' lang='lat' dir='ltr'><strong>so-</strong></span> 
     </span>
     <span class='ocr_line' id='line_1_13' title="bbox 112 863 1537 918; baseline 0.004 -14"><span class='ocrx_word' id='word_1_105' title='bbox 112 863 194 913; x_wconf 90' lang='lat' dir='ltr'><strong>leo,</strong></span> <span class='ocrx_word' id='word_1_106' title='bbox 225 865 330 905; x_wconf 81' lang='lat' dir='ltr'><strong>47de</strong></span> <span class='ocrx_word' id='word_1_107' title='bbox 359 865 582 918; x_wconf 83' lang='lat' dir='ltr'><strong>quadrimo</strong></span> <span class='ocrx_word' id='word_1_108' title='bbox 621 863 799 905; x_wconf 87' lang='lat' dir='ltr'><strong>Catone.</strong></span> <span class='ocrx_word' id='word_1_109' title='bbox 862 864 929 905; x_wconf 89' lang='lat' dir='ltr'><strong>De</strong></span> <span class='ocrx_word' id='word_1_110' title='bbox 968 865 1151 906; x_wconf 87' lang='lat' dir='ltr'><strong>triclinio</strong></span> <span class='ocrx_word' id='word_1_111' title='bbox 1189 881 1304 917; x_wconf 79' lang='lat' dir='ltr'><strong>cura,</strong></span> <span class='ocrx_word' id='word_1_112' title='bbox 1338 878 1384 908; x_wconf 89' lang='lat' dir='ltr'><strong>ut</strong></span> <span class='ocrx_word' id='word_1_113' title='bbox 1417 868 1537 909; x_wconf 85' lang='lat' dir='ltr'><strong>facis.</strong></span> 
     </span>
     <span class='ocr_line' id='line_1_14' title="bbox 111 920 1537 977; baseline 0.003 -16"><span class='ocrx_word' id='word_1_114' title='bbox 111 924 152 952; x_wconf 81' lang='lat'><strong>⁴8</strong></span> <span class='ocrx_word' id='word_1_115' title='bbox 166 920 309 962; x_wconf 84' lang='lat' dir='ltr'><strong>Tertia</strong></span> <span class='ocrx_word' id='word_1_116' title='bbox 332 921 481 971; x_wconf 83' lang='lat' dir='ltr'><strong>aderit,</strong></span> <span class='ocrx_word' id='word_1_117' title='bbox 503 921 630 962; x_wconf 86' lang='lat' dir='ltr'><strong>modo</strong></span> <span class='ocrx_word' id='word_1_118' title='bbox 658 935 710 962; x_wconf 90' lang='lat' dir='ltr'><strong>ne</strong></span> <span class='ocrx_word' id='word_1_119' title='bbox 746 920 922 961; x_wconf 83' lang='lat' dir='ltr'><strong>Publius</strong></span> <span class='ocrx_word' id='word_1_120' title='bbox 954 931 1128 977; x_wconf 83' lang='lat' dir='ltr'><strong>rogatus</strong></span> <span class='ocrx_word' id='word_1_121' title='bbox 1162 922 1230 963; x_wconf 89' lang='lat' dir='ltr'><strong>sit.</strong></span> <span class='ocrx_word' id='word_1_122' title='bbox 1294 922 1537 965; x_wconf 76' lang='lat' dir='ltr'><strong>Demetrius</strong></span> 
     </span>
     <span class='ocr_line' id='line_1_15' title="bbox 112 977 1536 1036; baseline 0.003 -18"><span class='ocrx_word' id='word_1_123' title='bbox 112 977 194 1018; x_wconf 87' lang='lat' dir='ltr'><strong>iste</strong></span> <span class='ocrx_word' id='word_1_124' title='bbox 226 991 454 1032; x_wconf 83' lang='lat' dir='ltr'><strong>numquam</strong></span> <span class='ocrx_word' id='word_1_125' title='bbox 491 978 665 1018; x_wconf 89' lang='lat' dir='ltr'><strong>omnino</strong></span> <span class='ocrx_word' id='word_1_126' title='bbox 708 977 934 1018; x_wconf 80' lang='lat' dir='ltr'><strong>Phalereus</strong></span> <span class='ocrx_word' id='word_1_127' title='bbox 969 978 1078 1019; x_wconf 88' lang='lat' dir='ltr'><strong>fuit:</strong></span> <span class='ocrx_word' id='word_1_128' title='bbox 1111 979 1181 1019; x_wconf 87' lang='lat' dir='ltr'><strong>sed</strong></span> <span class='ocrx_word' id='word_1_129' title='bbox 1215 982 1381 1021; x_wconf 82' lang='lat' dir='ltr'><strong>49nunc</strong></span> <span class='ocrx_word' id='word_1_130' title='bbox 1413 981 1536 1036; x_wconf 83' lang='lat' dir='ltr'><strong>plane</strong></span> 
     </span>
     <span class='ocr_line' id='line_1_16' title="bbox 115 1033 1535 1089; baseline 0.004 -15"><span class='ocrx_word' id='word_1_131' title='bbox 115 1033 306 1075; x_wconf 88' lang='lat' dir='ltr'><strong>Bilienus</strong></span> <span class='ocrx_word' id='word_1_132' title='bbox 338 1043 415 1074; x_wconf 87' lang='lat' dir='ltr'><strong>est.</strong></span> <span class='ocrx_word' id='word_1_133' title='bbox 479 1033 629 1089; x_wconf 82' lang='lat' dir='ltr'><strong>ltaque</strong></span> <span class='ocrx_word' id='word_1_134' title='bbox 663 1044 703 1074; x_wconf 86' lang='lat' dir='ltr'><strong>te</strong></span> <span class='ocrx_word' id='word_1_135' title='bbox 735 1035 790 1075; x_wconf 91' lang='lat' dir='ltr'><strong>do</strong></span> <span class='ocrx_word' id='word_1_136' title='bbox 814 1035 1030 1075; x_wconf 82' lang='lat' dir='ltr'><strong>vicarium.</strong></span> <span class='ocrx_word' id='word_1_137' title='bbox 1066 1044 1110 1075; x_wconf 91' lang='lat' dir='ltr'><strong>tu</strong></span> <span class='ocrx_word' id='word_1_138' title='bbox 1143 1050 1238 1075; x_wconf 89' lang='lat' dir='ltr'><strong>eum</strong></span> <span class='ocrx_word' id='word_1_139' title='bbox 1274 1037 1535 1079; x_wconf 86' lang='lat' dir='ltr'><strong>observabis.</strong></span> 
     </span>
     <span class='ocr_line' id='line_1_17' title="bbox 112 1089 1537 1144; baseline 0.004 -14"><span class='ocrx_word' id='word_1_140' title='bbox 112 1093 152 1121; x_wconf 87' lang='lat'><strong>50</strong></span> <span class='ocrx_word' id='word_1_141' title='bbox 167 1089 284 1132; x_wconf 89' lang='lat' dir='ltr'><strong>Etsi:</strong></span> <span class='ocrx_word' id='word_1_142' title='bbox 319 1089 608 1131; x_wconf 60' lang='lat' dir='ltr'><strong>verumtamen</strong></span> <span class='ocrx_word' id='word_1_143' title='bbox 641 1091 692 1131; x_wconf 88' lang='lat' dir='ltr'><strong>de</strong></span> <span class='ocrx_word' id='word_1_144' title='bbox 726 1091 829 1131; x_wconf 91' lang='lat' dir='ltr'><strong>illis:</strong></span> <span class='ocrx_word' id='word_1_145' title='bbox 863 1092 973 1131; x_wconf 88' lang='lat' dir='ltr'><strong>nosti</strong></span> <span class='ocrx_word' id='word_1_146' title='bbox 1003 1101 1157 1133; x_wconf 85' lang='lat' dir='ltr'><strong>cetera.</strong></span> <span class='ocrx_word' id='word_1_147' title='bbox 1218 1092 1300 1134; x_wconf 88' lang='lat' dir='ltr'><strong>Sed</strong></span> <span class='ocrx_word' id='word_1_148' title='bbox 1324 1103 1480 1144; x_wconf 84' lang='lat' dir='ltr'><strong>tamen,</strong></span> <span class='ocrx_word' id='word_1_149' title='bbox 1503 1094 1537 1135; x_wconf 92' lang='lat' dir='ltr'><strong>si</strong></span> 
     </span>
     <span class='ocr_line' id='line_1_18' title="bbox 110 1148 1537 1202; baseline 0.004 -15"><span class='ocrx_word' id='word_1_150' title='bbox 110 1161 238 1202; x_wconf 91' lang='lat' dir='ltr'><strong>quem</strong></span> <span class='ocrx_word' id='word_1_151' title='bbox 268 1162 365 1188; x_wconf 88' lang='lat' dir='ltr'><strong>cum</strong></span> <span class='ocrx_word' id='word_1_152' title='bbox 399 1162 450 1188; x_wconf 89' lang='lat' dir='ltr'><strong>co</strong></span> <span class='ocrx_word' id='word_1_153' title='bbox 484 1161 721 1188; x_wconf 90' lang='lat' dir='ltr'><strong>sermonem</strong></span> <span class='ocrx_word' id='word_1_154' title='bbox 743 1148 956 1199; x_wconf 82' lang='lat' dir='ltr'><strong>habueris,</strong></span> <span class='ocrx_word' id='word_1_155' title='bbox 980 1149 1137 1189; x_wconf 86' lang='lat' dir='ltr'><strong>scribes</strong></span> <span class='ocrx_word' id='word_1_156' title='bbox 1171 1148 1221 1189; x_wconf 84' lang='lat' dir='ltr'><strong>ad</strong></span> <span class='ocrx_word' id='word_1_157' title='bbox 1246 1164 1326 1200; x_wconf 89' lang='lat' dir='ltr'><strong>me,</strong></span> <span class='ocrx_word' id='word_1_158' title='bbox 1355 1161 1402 1191; x_wconf 89' lang='lat' dir='ltr'><strong>ut</strong></span> <span class='ocrx_word' id='word_1_159' title='bbox 1431 1150 1537 1192; x_wconf 87' lang='lat' dir='ltr'><strong>mihi</strong></span> 
     </span>
     <span class='ocr_line' id='line_1_19' title="bbox 110 1203 1537 1263; baseline 0.004 -20"><span class='ocrx_word' id='word_1_160' title='bbox 110 1213 310 1244; x_wconf 85' lang='lat' dir='ltr'><strong>nascatur</strong></span> <span class='ocrx_word' id='word_1_161' title='bbox 340 1203 533 1260; x_wconf 82' lang='lat' dir='ltr'><strong>epistolae</strong></span> <span class='ocrx_word' id='word_1_162' title='bbox 567 1214 881 1260; x_wconf 83' lang='lat' dir='ltr'><strong>argumentum,</strong></span> <span class='ocrx_word' id='word_1_163' title='bbox 902 1213 946 1244; x_wconf 87' lang='lat' dir='ltr'><strong>et</strong></span> <span class='ocrx_word' id='word_1_164' title='bbox 979 1214 1026 1245; x_wconf 91' lang='lat' dir='ltr'><strong>ut</strong></span> <span class='ocrx_word' id='word_1_165' title='bbox 1063 1215 1156 1245; x_wconf 87' lang='lat' dir='ltr'><strong>tuas</strong></span> <span class='ocrx_word' id='word_1_166' title='bbox 1179 1220 1305 1259; x_wconf 88' lang='lat' dir='ltr'><strong>quam</strong></span> <span class='ocrx_word' id='word_1_167' title='bbox 1339 1206 1537 1263; x_wconf 85' lang='lat' dir='ltr'><strong>longissi-</strong></span> 
     </span>
     <span class='ocr_line' id='line_1_20' title="bbox 109 1260 1536 1315; baseline 0.004 -15"><span class='ocrx_word' id='word_1_168' title='bbox 109 1275 201 1301; x_wconf 84' lang='lat' dir='ltr'><strong>mas</strong></span> <span class='ocrx_word' id='word_1_169' title='bbox 235 1261 395 1301; x_wconf 82' lang='lat' dir='ltr'><strong>litteras</strong></span> <span class='ocrx_word' id='word_1_170' title='bbox 429 1260 582 1315; x_wconf 84' lang='lat' dir='ltr'><strong>legam.</strong></span> <span class='ocrx_word' id='word_1_171' title='bbox 644 1260 773 1311; x_wconf 81' lang='lat' dir='ltr'><strong>Cura,</strong></span> <span class='ocrx_word' id='word_1_172' title='bbox 803 1261 859 1301; x_wconf 90' lang='lat' dir='ltr'><strong>mi</strong></span> <span class='ocrx_word' id='word_1_173' title='bbox 895 1260 1012 1312; x_wconf 89' lang='lat' dir='ltr'><strong>Tiro,</strong></span> <span class='ocrx_word' id='word_1_174' title='bbox 1048 1270 1094 1302; x_wconf 85' lang='lat' dir='ltr'><strong>ut</strong></span> <span class='ocrx_word' id='word_1_175' title='bbox 1129 1261 1279 1303; x_wconf 85' lang='lat' dir='ltr'><strong>valeas.</strong></span> <span class='ocrx_word' id='word_1_176' title='bbox 1313 1262 1396 1304; x_wconf 89' lang='lat' dir='ltr'><strong>hoc</strong></span> <span class='ocrx_word' id='word_1_177' title='bbox 1431 1264 1536 1305; x_wconf 88' lang='lat' dir='ltr'><strong>mihi</strong></span> 
     </span>
     <span class='ocr_line' id='line_1_21' title="bbox 110 1316 897 1372; baseline -0.003 -14"><span class='ocrx_word' id='word_1_178' title='bbox 110 1317 272 1372; x_wconf 76' lang='lat' dir='ltr'><strong>gratius</strong></span> <span class='ocrx_word' id='word_1_179' title='bbox 294 1317 432 1358; x_wconf 88' lang='lat' dir='ltr'><strong>facere</strong></span> <span class='ocrx_word' id='word_1_180' title='bbox 454 1316 557 1357; x_wconf 87' lang='lat' dir='ltr'><strong>nihil</strong></span> <span class='ocrx_word' id='word_1_181' title='bbox 583 1326 718 1372; x_wconf 87' lang='lat' dir='ltr'><strong>potes.</strong></span> <span class='ocrx_word' id='word_1_182' title='bbox 779 1316 897 1357; x_wconf 84' lang='lat' dir='ltr'><strong>Vale..</strong></span> 
     </span>
    </p>
   </div>
   <div class='ocr_carea' id='block_1_4' title="bbox 619 1390 1018 1443">
    <p class='ocr_par' dir='ltr' id='par_1_4' title="bbox 619 1390 1018 1443">
     <span class='ocr_line' id='line_1_22' title="bbox 619 1390 1018 1443; baseline 0 0"><span class='ocrx_word' id='word_1_183' title='bbox 619 1390 1018 1443; x_wconf 74' lang='lat' dir='ltr'><strong>ARGUMENTUM.</strong></span> 
     </span>
    </p>
   </div>
   <div class='ocr_carea' id='block_1_5' title="bbox 169 1469 1478 1558">
    <p class='ocr_par' dir='ltr' id='par_1_5' title="bbox 169 1469 1478 1558">
     <span class='ocr_line' id='line_1_23' title="bbox 169 1469 1478 1518; baseline 0.002 -12"><span class='ocrx_word' id='word_1_184' title='bbox 169 1469 366 1513; x_wconf 68' lang='lat' dir='ltr'><strong>Hortatur,</strong></span> <span class='ocrx_word' id='word_1_185' title='bbox 385 1475 425 1506; x_wconf 84' lang='lat' dir='ltr'><strong>ut</strong></span> <span class='ocrx_word' id='word_1_186' title='bbox 441 1469 698 1518; x_wconf 79' lang='lat' dir='ltr'><strong>professionem</strong></span> <span class='ocrx_word' id='word_1_187' title='bbox 716 1470 894 1518; x_wconf 69' lang='lat' dir='ltr'><strong>conficiat,</strong></span> <span class='ocrx_word' id='word_1_188' title='bbox 914 1470 1108 1517; x_wconf 72' lang='lat' dir='ltr'><strong>scribitque</strong></span> <span class='ocrx_word' id='word_1_189' title='bbox 1124 1472 1192 1506; x_wconf 80' lang='lat' dir='ltr'><strong>sibi</strong></span> <span class='ocrx_word' id='word_1_190' title='bbox 1212 1472 1248 1506; x_wconf 81' lang='lat' dir='ltr'><strong>in</strong></span> <span class='ocrx_word' id='word_1_191' title='bbox 1266 1472 1386 1507; x_wconf 84' lang='lat' dir='ltr'><strong>animo</strong></span> <span class='ocrx_word' id='word_1_192' title='bbox 1404 1483 1478 1508; x_wconf 75' lang='lat' dir='ltr'><strong>esse</strong></span> 
     </span>
     <span class='ocr_line' id='line_1_24' title="bbox 516 1523 1121 1558; baseline 0 -1"><span class='ocrx_word' id='word_1_193' title='bbox 516 1523 716 1557; x_wconf 71' lang='lat' dir='ltr'><strong>amicitiam</strong></span> <span class='ocrx_word' id='word_1_194' title='bbox 734 1523 886 1557; x_wconf 75' lang='lat' dir='ltr'><strong>Antonii</strong></span> <span class='ocrx_word' id='word_1_195' title='bbox 905 1534 1121 1558; x_wconf 80' lang='lat' dir='ltr'><strong>conservare.</strong></span> 
     </span>
    </p>
   </div>
   <div class='ocr_carea' id='block_1_6' title="bbox 371 1586 1265 1630">
    <p class='ocr_par' dir='ltr' id='par_1_6' title="bbox 371 1586 1265 1630">
     <span class='ocr_line' id='line_1_25' title="bbox 371 1586 1265 1630; baseline 0.002 -2"><span class='ocrx_word' id='word_1_196' title='bbox 371 1587 629 1630; x_wconf 85' lang='lat' dir='ltr'>TULLIUS</span> <span class='ocrx_word' id='word_1_197' title='bbox 660 1586 882 1629; x_wconf 83' lang='lat' dir='ltr'>TIRONI</span> <span class='ocrx_word' id='word_1_198' title='bbox 915 1587 1032 1629; x_wconf 87' lang='lat' dir='ltr'><strong>SUO</strong></span> <span class='ocrx_word' id='word_1_199' title='bbox 1064 1589 1107 1629; x_wconf 83' lang='lat' dir='ltr'><strong>S.</strong></span> <span class='ocrx_word' id='word_1_200' title='bbox 1134 1589 1182 1629; x_wconf 88' lang='lat' dir='ltr'><strong>P.</strong></span> <span class='ocrx_word' id='word_1_201' title='bbox 1212 1589 1265 1630; x_wconf 91' lang='lat' dir='ltr'><strong>D.</strong></span> 
     </span>
    </p>
   </div>
   <div class='ocr_carea' id='block_1_7' title="bbox 104 1647 1667 1882">
    <p class='ocr_par' dir='ltr' id='par_1_7' title="bbox 104 1647 1533 1712">
     <span class='ocr_line' id='line_1_26' title="bbox 104 1647 1533 1712; baseline 0.001 -14"><span class='ocrx_word' id='word_1_202' title='bbox 104 1647 194 1699; x_wconf 82' lang='lat' dir='ltr'><strong>TU</strong></span> <span class='ocrx_word' id='word_1_203' title='bbox 220 1670 317 1697; x_wconf 85' lang='lat' dir='ltr'><strong>vero</strong></span> <span class='ocrx_word' id='word_1_204' title='bbox 339 1655 552 1696; x_wconf 79' lang='lat' dir='ltr'><strong>⁵¹confice</strong></span> <span class='ocrx_word' id='word_1_205' title='bbox 574 1654 896 1711; x_wconf 84' lang='lat' dir='ltr'><strong>professionem,</strong></span> <span class='ocrx_word' id='word_1_206' title='bbox 920 1656 952 1695; x_wconf 91' lang='lat' dir='ltr'><strong>si</strong></span> <span class='ocrx_word' id='word_1_207' title='bbox 977 1665 1111 1710; x_wconf 86' lang='lat' dir='ltr'><strong>potes.</strong></span> <span class='ocrx_word' id='word_1_208' title='bbox 1134 1656 1211 1696; x_wconf 80' lang='lat' dir='ltr'><strong>etsi</strong></span> <span class='ocrx_word' id='word_1_209' title='bbox 1237 1656 1329 1697; x_wconf 78' lang='lat' dir='ltr'><strong>liaec</strong></span> <span class='ocrx_word' id='word_1_210' title='bbox 1352 1658 1533 1712; x_wconf 87' lang='lat' dir='ltr'><strong>pecunia</strong></span> 
     </span>
    </p>

    <p class='ocr_par' dir='ltr' id='par_1_8' title="bbox 105 1711 1667 1882">
     <span class='ocr_line' id='line_1_27' title="bbox 107 1711 1667 1768; baseline 0.003 -14"><span class='ocrx_word' id='word_1_211' title='bbox 107 1715 147 1744; x_wconf 72' lang='lat'><strong>52</strong></span> <span class='ocrx_word' id='word_1_212' title='bbox 159 1728 213 1754; x_wconf 78' lang='lat' dir='ltr'><strong>cx</strong></span> <span class='ocrx_word' id='word_1_213' title='bbox 236 1727 286 1754; x_wconf 88' lang='lat' dir='ltr'><strong>eo</strong></span> <span class='ocrx_word' id='word_1_214' title='bbox 311 1727 464 1768; x_wconf 86' lang='lat' dir='ltr'><strong>genere</strong></span> <span class='ocrx_word' id='word_1_215' title='bbox 485 1722 563 1762; x_wconf 84' lang='lat' dir='ltr'><strong>est,</strong></span> <span class='ocrx_word' id='word_1_216' title='bbox 588 1722 633 1752; x_wconf 91' lang='lat' dir='ltr'><strong>ut</strong></span> <span class='ocrx_word' id='word_1_217' title='bbox 657 1711 919 1767; x_wconf 81' lang='lat' dir='ltr'><strong>professione</strong></span> <span class='ocrx_word' id='word_1_218' title='bbox 942 1726 1025 1752; x_wconf 90' lang='lat' dir='ltr'><strong>non</strong></span> <span class='ocrx_word' id='word_1_219' title='bbox 1050 1722 1189 1768; x_wconf 81' lang='lat' dir='ltr'><strong>egeat.</strong></span> <span class='ocrx_word' id='word_1_220' title='bbox 1227 1713 1530 1756; x_wconf 84' lang='lat' dir='ltr'><strong>Verumtamen</strong></span> <span class='ocrx_word' id='word_1_221' title='bbox 1545 1734 1575 1764; x_wconf 86' lang='lat' dir='ltr'><strong>p.</strong></span> <span class='ocrx_word' id='word_1_222' title='bbox 1591 1726 1667 1758; x_wconf 60' lang='lat'><strong>26&amp;</strong></span> 
     </span>
     <span class='ocr_line' id='line_1_28' title="bbox 106 1768 1580 1825; baseline 0.001 -15"><span class='ocrx_word' id='word_1_223' title='bbox 106 1769 266 1810; x_wconf 85' lang='lat' dir='ltr'><strong>Balbus</strong></span> <span class='ocrx_word' id='word_1_224' title='bbox 299 1770 351 1810; x_wconf 81' lang='lat' dir='ltr'><strong>ad</strong></span> <span class='ocrx_word' id='word_1_225' title='bbox 385 1783 453 1809; x_wconf 90' lang='lat' dir='ltr'><strong>me</strong></span> <span class='ocrx_word' id='word_1_226' title='bbox 489 1769 673 1823; x_wconf 85' lang='lat' dir='ltr'><strong>scripsit,</strong></span> <span class='ocrx_word' id='word_1_227' title='bbox 704 1778 822 1808; x_wconf 82' lang='lat' dir='ltr'><strong>tanta</strong></span> <span class='ocrx_word' id='word_1_228' title='bbox 855 1782 898 1808; x_wconf 86' lang='lat' dir='ltr'><strong>se</strong></span> <span class='ocrx_word' id='word_1_229' title='bbox 936 1768 1144 1823; x_wconf 85' lang='lat' dir='ltr'><strong>epiphora</strong></span> <span class='ocrx_word' id='word_1_230' title='bbox 1182 1783 1448 1825; x_wconf 89' lang='lat' dir='ltr'><strong>oppressum,</strong></span> <span class='ocrx_word' id='word_1_231' title='bbox 1486 1782 1535 1812; x_wconf 89' lang='lat' dir='ltr'><strong>ut</strong></span> <span class='ocrx_word' id='word_1_232' title='bbox 1550 1775 1580 1800; x_wconf 79' lang='lat'><strong>⁸·</strong></span> 
     </span>
     <span class='ocr_line' id='line_1_29' title="bbox 105 1824 1536 1882; baseline 0.002 -16"><span class='ocrx_word' id='word_1_233' title='bbox 105 1825 222 1882; x_wconf 92' lang='lat' dir='ltr'><strong>loqui</strong></span> <span class='ocrx_word' id='word_1_234' title='bbox 255 1840 342 1867; x_wconf 89' lang='lat' dir='ltr'><strong>non</strong></span> <span class='ocrx_word' id='word_1_235' title='bbox 370 1826 519 1881; x_wconf 84' lang='lat' dir='ltr'><strong>possit,</strong></span> <span class='ocrx_word' id='word_1_236' title='bbox 542 1824 756 1865; x_wconf 88' lang='lat' dir='ltr'><strong>Antonius</strong></span> <span class='ocrx_word' id='word_1_237' title='bbox 789 1825 841 1865; x_wconf 85' lang='lat' dir='ltr'><strong>de</strong></span> <span class='ocrx_word' id='word_1_238' title='bbox 873 1824 967 1880; x_wconf 80' lang='lat' dir='ltr'><strong>lege</strong></span> <span class='ocrx_word' id='word_1_239' title='bbox 992 1825 1094 1879; x_wconf 89' lang='lat' dir='ltr'><strong>quid</strong></span> <span class='ocrx_word' id='word_1_240' title='bbox 1126 1827 1275 1881; x_wconf 82' lang='lat' dir='ltr'><strong>egerit.</strong></span> <span class='ocrx_word' id='word_1_241' title='bbox 1336 1829 1375 1857; x_wconf 82' lang='grc'><strong>53</strong></span> <span class='ocrx_word' id='word_1_242' title='bbox 1388 1826 1536 1869; x_wconf 83' lang='lat' dir='ltr'><strong>Liceat</strong></span> 
     </span>
    </p>
   </div>
   <div class='ocr_carea' id='block_1_8' title="bbox 1452 138 1620 180">
    <p class='ocr_par' dir='ltr' id='par_1_9' title="bbox 1452 138 1620 180">
     <span class='ocr_line' id='line_1_30' title="bbox 1452 138 1620 180; baseline 0.03 -4"><span class='ocrx_word' id='word_1_243' title='bbox 1452 138 1540 176; x_wconf 70' lang='grc'><strong>-427</strong></span> <span class='ocrx_word' id='word_1_244' title='bbox 1581 174 1586 180; x_wconf 92' lang='grc'><em>,</em></span> <span class='ocrx_word' id='word_1_245' title='bbox 1611 155 1620 180; x_wconf 88' lang='grc'><strong>.’</strong></span> 
     </span>
    </p>
   </div>
   <div class='ocr_carea' id='block_1_9' title="bbox 1548 1402 1602 1439">
    <p class='ocr_par' dir='ltr' id='par_1_10' title="bbox 1548 1402 1602 1439">
     <span class='ocr_line' id='line_1_31' title="bbox 1548 1402 1602 1439; baseline 0 0"><span class='ocrx_word' id='word_1_246' title='bbox 1548 1402 1602 1439; x_wconf 76' lang='lat'><strong>23</strong></span> 
     </span>
    </p>
   </div>
   <div class='ocr_carea' id='block_1_10' title="bbox 887 1937 1538 1978">
    <p class='ocr_par' dir='ltr' id='par_1_11' title="bbox 887 1937 1538 1978">
     <span class='ocr_line' id='line_1_32' title="bbox 887 1937 1538 1978; baseline 0.002 -9"><span class='ocrx_word' id='word_1_247' title='bbox 887 1940 922 1969; x_wconf 90' lang='grc'><strong>51</strong></span> <span class='ocrx_word' id='word_1_248' title='bbox 961 1938 1078 1978; x_wconf 72' lang='lat' dir='ltr'><strong>corfice</strong></span> <span class='ocrx_word' id='word_1_249' title='bbox 1101 1937 1342 1978; x_wconf 64' lang='lat' dir='ltr'><strong>professionem]</strong></span> <span class='ocrx_word' id='word_1_250' title='bbox 1374 1938 1538 1970; x_wconf 69' lang='lat' dir='ltr'><strong>Antonius</strong></span> 
     </span>
    </p>
   </div>
   <div class='ocr_carea' id='block_1_11' title="bbox 142 1938 1538 2021">
    <p class='ocr_par' dir='ltr' id='par_1_12' title="bbox 142 1938 1538 2021">
     <span class='ocr_line' id='line_1_33' title="bbox 142 1938 799 1978; baseline -0.005 -8"><span class='ocrx_word' id='word_1_251' title='bbox 142 1941 183 1972; x_wconf 80' lang='lat'><strong>47</strong></span> <span class='ocrx_word' id='word_1_252' title='bbox 206 1940 244 1970; x_wconf 85' lang='lat' dir='ltr'><strong>de</strong></span> <span class='ocrx_word' id='word_1_253' title='bbox 257 1939 428 1978; x_wconf 79' lang='lat' dir='ltr'><strong>quadrimo</strong></span> <span class='ocrx_word' id='word_1_254' title='bbox 449 1938 580 1977; x_wconf 83' lang='lat' dir='ltr'><strong>Catone]</strong></span> <span class='ocrx_word' id='word_1_255' title='bbox 605 1939 718 1969; x_wconf 89' lang='lat' dir='ltr'><strong>Sermo</strong></span> <span class='ocrx_word' id='word_1_256' title='bbox 737 1940 799 1973; x_wconf 82' lang='lat' dir='ltr'><strong>est,</strong></span> 
     </span>
     <span class='ocr_line' id='line_1_34' title="bbox 843 1979 1538 2021; baseline 0.004 -12"><span class='ocrx_word' id='word_1_257' title='bbox 843 1979 948 2019; x_wconf 67' lang='lat' dir='ltr'><strong>legem</strong></span> <span class='ocrx_word' id='word_1_258' title='bbox 962 1981 1075 2010; x_wconf 90' lang='lat' dir='ltr'><strong>tulisse</strong></span> <span class='ocrx_word' id='word_1_259' title='bbox 1090 1981 1229 2016; x_wconf 74' lang='lat' dir='ltr'><strong>videtur,</strong></span> <span class='ocrx_word' id='word_1_260' title='bbox 1243 1990 1306 2020; x_wconf 89' lang='lat' dir='ltr'><strong>qua</strong></span> <span class='ocrx_word' id='word_1_261' title='bbox 1322 1981 1391 2020; x_wconf 84' lang='lat' dir='ltr'><strong>lege</strong></span> <span class='ocrx_word' id='word_1_262' title='bbox 1404 1983 1538 2021; x_wconf 81' lang='lat' dir='ltr'><strong>quisque</strong></span> 
     </span>
    </p>
   </div>
   <div class='ocr_carea' id='block_1_12' title="bbox 105 1979 800 2019">
    <p class='ocr_par' dir='ltr' id='par_1_13' title="bbox 105 1979 800 2019">
     <span class='ocr_line' id='line_1_35' title="bbox 105 1979 800 2019; baseline -0.004 -9"><span class='ocrx_word' id='word_1_263' title='bbox 105 1984 142 2010; x_wconf 86' lang='lat' dir='ltr'><strong>ut</strong></span> <span class='ocrx_word' id='word_1_264' title='bbox 158 1981 297 2017; x_wconf 84' lang='lat' dir='ltr'><strong>videtur,</strong></span> <span class='ocrx_word' id='word_1_265' title='bbox 315 1981 352 2010; x_wconf 89' lang='lat' dir='ltr'><strong>de</strong></span> <span class='ocrx_word' id='word_1_266' title='bbox 367 1981 462 2016; x_wconf 79' lang='lat' dir='ltr'><strong>libro,</strong></span> <span class='ocrx_word' id='word_1_267' title='bbox 478 1990 574 2019; x_wconf 88' lang='lat' dir='ltr'><strong>quem</strong></span> <span class='ocrx_word' id='word_1_268' title='bbox 598 1980 636 2011; x_wconf 85' lang='lat' dir='ltr'><strong>de</strong></span> <span class='ocrx_word' id='word_1_269' title='bbox 652 1979 800 2009; x_wconf 76' lang='lat' dir='ltr'><strong>laudibus</strong></span> 
     </span>
    </p>
   </div>
   <div class='ocr_carea' id='block_1_13' title="bbox 99 2021 812 2861">
    <p class='ocr_par' dir='ltr' id='par_1_14' title="bbox 100 2021 800 2304">
     <span class='ocr_line' id='line_1_36' title="bbox 105 2021 800 2062; baseline -0.004 -9"><span class='ocrx_word' id='word_1_270' title='bbox 105 2023 240 2053; x_wconf 84' lang='lat' dir='ltr'><strong>Catonis</strong></span> <span class='ocrx_word' id='word_1_271' title='bbox 262 2023 425 2053; x_wconf 80' lang='lat' dir='ltr'><strong>Uticensis</strong></span> <span class='ocrx_word' id='word_1_272' title='bbox 447 2023 630 2062; x_wconf 80' lang='lat' dir='ltr'><strong>scripserat.</strong></span> <span class='ocrx_word' id='word_1_273' title='bbox 673 2021 800 2051; x_wconf 88' lang='lat' dir='ltr'><strong>Locum</strong></span> 
     </span>
     <span class='ocr_line' id='line_1_37' title="bbox 103 2063 799 2103; baseline -0.003 -9"><span class='ocrx_word' id='word_1_274' title='bbox 103 2064 142 2094; x_wconf 85' lang='lat' dir='ltr'><strong>de</strong></span> <span class='ocrx_word' id='word_1_275' title='bbox 176 2064 344 2103; x_wconf 85' lang='lat' dir='ltr'><strong>quadrimo</strong></span> <span class='ocrx_word' id='word_1_276' title='bbox 379 2065 503 2095; x_wconf 87' lang='lat' dir='ltr'><strong>Catone</strong></span> <span class='ocrx_word' id='word_1_277' title='bbox 538 2063 729 2101; x_wconf 77' lang='lat' dir='ltr'><strong>intelligunt</strong></span> <span class='ocrx_word' id='word_1_278' title='bbox 760 2063 799 2093; x_wconf 87' lang='lat' dir='ltr'><strong>de</strong></span> 
     </span>
     <span class='ocr_line' id='line_1_38' title="bbox 103 2105 798 2145; baseline -0.003 -9"><span class='ocrx_word' id='word_1_279' title='bbox 103 2107 290 2136; x_wconf 75' lang='lat' dir='ltr'><strong>constantia</strong></span> <span class='ocrx_word' id='word_1_280' title='bbox 302 2107 406 2145; x_wconf 86' lang='lat' dir='ltr'><strong>pueri,</strong></span> <span class='ocrx_word' id='word_1_281' title='bbox 419 2116 492 2136; x_wconf 83' lang='lat' dir='ltr'><strong>cum</strong></span> <span class='ocrx_word' id='word_1_282' title='bbox 508 2105 547 2135; x_wconf 85' lang='lat' dir='ltr'><strong>de</strong></span> <span class='ocrx_word' id='word_1_283' title='bbox 560 2106 702 2136; x_wconf 85' lang='lat' dir='ltr'><strong>fenestra</strong></span> <span class='ocrx_word' id='word_1_284' title='bbox 717 2114 798 2144; x_wconf 87' lang='lat' dir='ltr'><strong>prae-</strong></span> 
     </span>
     <span class='ocr_line' id='line_1_39' title="bbox 100 2147 796 2188; baseline -0.003 -10"><span class='ocrx_word' id='word_1_285' title='bbox 100 2147 236 2187; x_wconf 84' lang='lat' dir='ltr'><strong>cipitare</strong></span> <span class='ocrx_word' id='word_1_286' title='bbox 250 2148 456 2179; x_wconf 85' lang='lat' dir='ltr'><strong>minarentur</strong></span> <span class='ocrx_word' id='word_1_287' title='bbox 468 2148 659 2188; x_wconf 84' lang='lat' dir='ltr'><strong>perjocum,</strong></span> <span class='ocrx_word' id='word_1_288' title='bbox 673 2147 704 2176; x_wconf 91' lang='lat' dir='ltr'><strong>ni</strong></span> <span class='ocrx_word' id='word_1_289' title='bbox 723 2157 796 2185; x_wconf 89' lang='lat' dir='ltr'><strong>pro-</strong></span> 
     </span>
     <span class='ocr_line' id='line_1_40' title="bbox 100 2188 796 2228; baseline -0.001 -9"><span class='ocrx_word' id='word_1_290' title='bbox 100 2190 262 2226; x_wconf 84' lang='lat' dir='ltr'><strong>mitteret,</strong></span> <span class='ocrx_word' id='word_1_291' title='bbox 287 2190 374 2228; x_wconf 84' lang='lat' dir='ltr'><strong>quod</strong></span> <span class='ocrx_word' id='word_1_292' title='bbox 400 2189 534 2224; x_wconf 78' lang='lat' dir='ltr'><strong>vellent,</strong></span> <span class='ocrx_word' id='word_1_293' title='bbox 559 2199 634 2219; x_wconf 91' lang='lat' dir='ltr'><strong>cum</strong></span> <span class='ocrx_word' id='word_1_294' title='bbox 659 2188 714 2218; x_wconf 87' lang='lat' dir='ltr'><strong>ille</strong></span> <span class='ocrx_word' id='word_1_295' title='bbox 741 2198 796 2218; x_wconf 87' lang='lat' dir='ltr'><strong>ne-</strong></span> 
     </span>
     <span class='ocr_line' id='line_1_41' title="bbox 100 2232 795 2271; baseline 0 -11"><span class='ocrx_word' id='word_1_296' title='bbox 100 2238 209 2270; x_wconf 81' lang='lat' dir='ltr'><strong>gasset</strong></span> <span class='ocrx_word' id='word_1_297' title='bbox 232 2241 265 2262; x_wconf 88' lang='lat' dir='ltr'><strong>se</strong></span> <span class='ocrx_word' id='word_1_298' title='bbox 290 2232 477 2269; x_wconf 83' lang='lat' dir='ltr'><strong>facturum;</strong></span> <span class='ocrx_word' id='word_1_299' title='bbox 502 2232 568 2271; x_wconf 86' lang='lat' dir='ltr'><strong>ipse</strong></span> <span class='ocrx_word' id='word_1_300' title='bbox 591 2236 702 2261; x_wconf 89' lang='lat' dir='ltr'><strong>autem</strong></span> <span class='ocrx_word' id='word_1_301' title='bbox 726 2239 795 2260; x_wconf 85' lang='lat' dir='ltr'><strong>ma-</strong></span> 
     </span>
     <span class='ocr_line' id='line_1_42' title="bbox 101 2274 432 2304; baseline 0 -1"><span class='ocrx_word' id='word_1_302' title='bbox 101 2278 194 2303; x_wconf 86' lang='lat' dir='ltr'><strong>neret</strong></span> <span class='ocrx_word' id='word_1_303' title='bbox 210 2274 242 2303; x_wconf 87' lang='lat' dir='ltr'><strong>in</strong></span> <span class='ocrx_word' id='word_1_304' title='bbox 259 2274 432 2304; x_wconf 82' lang='lat' dir='ltr'><strong>sententia.</strong></span> 
     </span>
    </p>

    <p class='ocr_par' dir='ltr' id='par_1_15' title="bbox 100 2314 796 2479">
     <span class='ocr_line' id='line_1_43' title="bbox 144 2314 795 2354; baseline -0.002 -9"><span class='ocrx_word' id='word_1_305' title='bbox 144 2317 184 2346; x_wconf 85' lang='lat'><strong>48</strong></span> <span class='ocrx_word' id='word_1_306' title='bbox 216 2315 327 2346; x_wconf 81' lang='lat' dir='ltr'><strong>Tertia</strong></span> <span class='ocrx_word' id='word_1_307' title='bbox 356 2316 463 2346; x_wconf 78' lang='lat' dir='ltr'><strong>aderit</strong></span> <span class='ocrx_word' id='word_1_308' title='bbox 490 2315 563 2354; x_wconf 88' lang='lat' dir='ltr'><strong>&amp;c.]</strong></span> <span class='ocrx_word' id='word_1_309' title='bbox 594 2315 717 2345; x_wconf 83' lang='lat' dir='ltr'><strong>Putant</strong></span> <span class='ocrx_word' id='word_1_310' title='bbox 748 2314 795 2344; x_wconf 89' lang='lat' dir='ltr'><strong>M.</strong></span> 
     </span>
     <span class='ocr_line' id='line_1_44' title="bbox 100 2355 796 2393; baseline -0.001 -6"><span class='ocrx_word' id='word_1_311' title='bbox 100 2355 198 2387; x_wconf 85' lang='lat' dir='ltr'><strong>Bruti</strong></span> <span class='ocrx_word' id='word_1_312' title='bbox 214 2366 370 2393; x_wconf 87' lang='lat' dir='ltr'><strong>sororem,</strong></span> <span class='ocrx_word' id='word_1_313' title='bbox 386 2359 423 2388; x_wconf 89' lang='lat' dir='ltr'><strong>C.</strong></span> <span class='ocrx_word' id='word_1_314' title='bbox 435 2358 534 2389; x_wconf 85' lang='lat' dir='ltr'><strong>Cassii</strong></span> <span class='ocrx_word' id='word_1_315' title='bbox 551 2367 684 2387; x_wconf 88' lang='lat' dir='ltr'><strong>uxorem</strong></span> <span class='ocrx_word' id='word_1_316' title='bbox 700 2356 796 2386; x_wconf 88' lang='lat' dir='ltr'><strong>intel-</strong></span> 
     </span>
     <span class='ocr_line' id='line_1_45' title="bbox 100 2397 794 2438; baseline -0.001 -10"><span class='ocrx_word' id='word_1_317' title='bbox 100 2397 172 2436; x_wconf 76' lang='lat' dir='ltr'><strong>ligi,</strong></span> <span class='ocrx_word' id='word_1_318' title='bbox 197 2409 295 2438; x_wconf 84' lang='lat' dir='ltr'><strong>quam</strong></span> <span class='ocrx_word' id='word_1_319' title='bbox 321 2399 362 2430; x_wconf 85' lang='lat' dir='ltr'><strong>ad</strong></span> <span class='ocrx_word' id='word_1_320' title='bbox 385 2400 569 2429; x_wconf 83' lang='lat' dir='ltr'><strong>convivium</strong></span> <span class='ocrx_word' id='word_1_321' title='bbox 596 2398 794 2429; x_wconf 78' lang='lat' dir='ltr'><strong>affuturam:</strong></span> 
     </span>
     <span class='ocr_line' id='line_1_46' title="bbox 100 2438 676 2479; baseline 0 -9"><span class='ocrx_word' id='word_1_322' title='bbox 100 2438 274 2475; x_wconf 80' lang='lat' dir='ltr'><strong>Publium,</strong></span> <span class='ocrx_word' id='word_1_323' title='bbox 291 2441 453 2475; x_wconf 86' lang='lat' dir='ltr'><strong>nesciunt,</strong></span> <span class='ocrx_word' id='word_1_324' title='bbox 468 2451 564 2479; x_wconf 82' lang='lat' dir='ltr'><strong>quern</strong></span> <span class='ocrx_word' id='word_1_325' title='bbox 579 2440 676 2471; x_wconf 76' lang='lat' dir='ltr'><strong>dicat.</strong></span> 
     </span>
    </p>

    <p class='ocr_par' dir='ltr' id='par_1_16' title="bbox 99 2481 812 2764">
     <span class='ocr_line' id='line_1_47' title="bbox 141 2481 796 2522; baseline 0 -10"><span class='ocrx_word' id='word_1_326' title='bbox 141 2484 183 2516; x_wconf 84' lang='lat'><strong>49</strong></span> <span class='ocrx_word' id='word_1_327' title='bbox 205 2492 293 2512; x_wconf 75' lang='lat' dir='ltr'><strong>nune</strong></span> <span class='ocrx_word' id='word_1_328' title='bbox 303 2484 403 2521; x_wconf 76' lang='lat' dir='ltr'><strong>plane</strong></span> <span class='ocrx_word' id='word_1_329' title='bbox 419 2482 582 2522; x_wconf 75' lang='lat' dir='ltr'><strong>Bilienus]</strong></span> <span class='ocrx_word' id='word_1_330' title='bbox 608 2482 734 2521; x_wconf 83' lang='lat' dir='ltr'><strong>Nempe</strong></span> <span class='ocrx_word' id='word_1_331' title='bbox 749 2481 796 2512; x_wconf 89' lang='lat' dir='ltr'><strong>di·</strong></span> 
     </span>
     <span class='ocr_line' id='line_1_48' title="bbox 101 2523 795 2562; baseline 0 -10"><span class='ocrx_word' id='word_1_332' title='bbox 101 2523 235 2554; x_wconf 85' lang='lat' dir='ltr'><strong>eebatur</strong></span> <span class='ocrx_word' id='word_1_333' title='bbox 250 2524 440 2555; x_wconf 67' lang='lat' dir='ltr'><strong>Demetrius</strong></span> <span class='ocrx_word' id='word_1_334' title='bbox 462 2524 641 2559; x_wconf 63' lang='lat' dir='ltr'><strong>Bellienus,</strong></span> <span class='ocrx_word' id='word_1_335' title='bbox 656 2525 771 2562; x_wconf 85' lang='lat' dir='ltr'><strong>opinor</strong></span> <span class='ocrx_word' id='word_1_336' title='bbox 785 2535 795 2561; x_wconf 87' lang='lat'>;</span> 
     </span>
     <span class='ocr_line' id='line_1_49' title="bbox 101 2564 796 2608; baseline 0.003 -15"><span class='ocrx_word' id='word_1_337' title='bbox 101 2564 136 2593; x_wconf 88' lang='lat' dir='ltr'><strong>id</strong></span> <span class='ocrx_word' id='word_1_338' title='bbox 150 2574 269 2596; x_wconf 79' lang='lat' dir='ltr'><strong>nomen</strong></span> <span class='ocrx_word' id='word_1_339' title='bbox 286 2566 398 2596; x_wconf 87' lang='lat' dir='ltr'><strong>Cicero</strong></span> <span class='ocrx_word' id='word_1_340' title='bbox 414 2572 522 2596; x_wconf 86' lang='lat' dir='ltr'><strong>mutat</strong></span> <span class='ocrx_word' id='word_1_341' title='bbox 545 2566 605 2596; x_wconf 81' lang='lat' dir='ltr'><strong>levi</strong></span> <span class='ocrx_word' id='word_1_342' title='bbox 626 2577 796 2608; x_wconf 62' lang='grc' dir='ltr'><em>παρωνομα-</em></span> 
     </span>
     <span class='ocr_line' id='line_1_50' title="bbox 101 2605 812 2647; baseline 0.003 -12"><span class='ocrx_word' id='word_1_343' title='bbox 101 2605 152 2647; x_wconf 64' lang='grc' dir='ltr'><strong>είῳ</strong></span> <span class='ocrx_word' id='word_1_344' title='bbox 175 2608 208 2637; x_wconf 91' lang='lat' dir='ltr'><strong>in</strong></span> <span class='ocrx_word' id='word_1_345' title='bbox 231 2608 392 2644; x_wconf 71' lang='grc' dir='ltr'><strong>Βὶίἰεηηε,</strong></span> <span class='ocrx_word' id='word_1_346' title='bbox 408 2607 448 2638; x_wconf 85' lang='lat' dir='ltr'><strong>ad</strong></span> <span class='ocrx_word' id='word_1_347' title='bbox 470 2608 629 2638; x_wconf 79' lang='lat' dir='ltr'><strong>malitiam</strong></span> <span class='ocrx_word' id='word_1_348' title='bbox 653 2608 812 2638; x_wconf 85' lang='lat' dir='ltr'><strong>hominis·</strong></span> 
     </span>
     <span class='ocr_line' id='line_1_51' title="bbox 102 2649 794 2689; baseline 0.001 -11"><span class='ocrx_word' id='word_1_349' title='bbox 102 2649 394 2689; x_wconf 79' lang='lat' dir='ltr'><strong>perstringendam.</strong></span> <span class='ocrx_word' id='word_1_350' title='bbox 411 2659 477 2679; x_wconf 92' lang='lat' dir='ltr'><strong>non</strong></span> <span class='ocrx_word' id='word_1_351' title='bbox 502 2649 683 2680; x_wconf 79' lang='lat' dir='ltr'><strong>Phalereus</strong></span> <span class='ocrx_word' id='word_1_352' title='bbox 695 2662 705 2678; x_wconf 90' lang='lat'><strong>.·</strong></span> <span class='ocrx_word' id='word_1_353' title='bbox 728 2659 794 2679; x_wconf 90' lang='lat' dir='ltr'><strong>non</strong></span> 
     </span>
     <span class='ocr_line' id='line_1_52' title="bbox 99 2690 793 2730; baseline 0.001 -10"><span class='ocrx_word' id='word_1_354' title='bbox 99 2690 214 2721; x_wconf 87' lang='lat' dir='ltr'><strong>doctus</strong></span> <span class='ocrx_word' id='word_1_355' title='bbox 235 2697 271 2722; x_wconf 86' lang='lat' dir='ltr'><strong>et</strong></span> <span class='ocrx_word' id='word_1_356' title='bbox 291 2691 444 2730; x_wconf 86' lang='lat' dir='ltr'><strong>prudens,</strong></span> <span class='ocrx_word' id='word_1_357' title='bbox 467 2695 506 2721; x_wconf 86' lang='lat' dir='ltr'><strong>ut</strong></span> <span class='ocrx_word' id='word_1_358' title='bbox 532 2691 587 2722; x_wconf 81' lang='lat' dir='ltr'><strong>ille</strong></span> <span class='ocrx_word' id='word_1_359' title='bbox 615 2692 711 2722; x_wconf 88' lang='lat' dir='ltr'><strong>Dem.</strong></span> <span class='ocrx_word' id='word_1_360' title='bbox 727 2691 793 2722; x_wconf 77' lang='lat' dir='ltr'><strong>Ph.</strong></span> 
     </span>
     <span class='ocr_line' id='line_1_53' title="bbox 99 2733 803 2764; baseline -0.007 -1"><span class='ocrx_word' id='word_1_361' title='bbox 99 2733 320 2764; x_wconf 62' lang='lat' dir='ltr'><strong>Atheniensis</strong></span> <span class='ocrx_word' id='word_1_362' title='bbox 550 2741 552 2743; x_wconf 94' lang='lat'>·</span> <span class='ocrx_word' id='word_1_363' title='bbox 788 2755 803 2759; x_wconf 83' lang='grc'><strong>..</strong></span> 
     </span>
    </p>

    <p class='ocr_par' dir='ltr' id='par_1_17' title="bbox 102 2775 790 2861">
     <span class='ocr_line' id='line_1_54' title="bbox 143 2775 790 2816; baseline 0.005 -11"><span class='ocrx_word' id='word_1_364' title='bbox 143 2777 183 2806; x_wconf 84' lang='grc'><strong>50</strong></span> <span class='ocrx_word' id='word_1_365' title='bbox 206 2775 283 2807; x_wconf 78' lang='lat' dir='ltr'><strong>Etsi</strong></span> <span class='ocrx_word' id='word_1_366' title='bbox 292 2787 301 2804; x_wconf 92' lang='grc'><strong>.·</strong></span> <span class='ocrx_word' id='word_1_367' title='bbox 316 2780 530 2807; x_wconf 78' lang='lat' dir='ltr'><strong>veruntamen</strong></span> <span class='ocrx_word' id='word_1_368' title='bbox 544 2776 582 2806; x_wconf 82' lang='lat' dir='ltr'><strong>de</strong></span> <span class='ocrx_word' id='word_1_369' title='bbox 596 2776 661 2806; x_wconf 82' lang='lat' dir='ltr'><strong>illis</strong></span> <span class='ocrx_word' id='word_1_370' title='bbox 671 2789 681 2806; x_wconf 90' lang='lat'><strong>.·</strong></span> <span class='ocrx_word' id='word_1_371' title='bbox 702 2785 735 2807; x_wconf 83' lang='lat' dir='ltr'><strong>n.</strong></span> <span class='ocrx_word' id='word_1_372' title='bbox 747 2776 790 2816; x_wconf 78' lang='lat' dir='ltr'><strong>e.]</strong></span> 
     </span>
     <span class='ocr_line' id='line_1_55' title="bbox 102 2815 674 2861; baseline 0.002 -13"><span class='ocrx_word' id='word_1_373' title='bbox 102 2815 184 2849; x_wconf 71' lang='lat' dir='ltr'><strong>Haec</strong></span> <span class='ocrx_word' id='word_1_374' title='bbox 194 2818 276 2850; x_wconf 82' lang='lat' dir='ltr'><strong>satis</strong></span> <span class='ocrx_word' id='word_1_375' title='bbox 289 2817 430 2859; x_wconf 80' lang='lat' dir='ltr'><strong>intelligi</strong></span> <span class='ocrx_word' id='word_1_376' title='bbox 445 2827 513 2850; x_wconf 85' lang='lat' dir='ltr'><strong>non</strong></span> <span class='ocrx_word' id='word_1_377' title='bbox 527 2824 674 2861; x_wconf 77' lang='lat' dir='ltr'><strong>possunt.</strong></span> 
     </span>
    </p>
   </div>
   <div class='ocr_carea' id='block_1_14' title="bbox 837 2022 1539 2808">
    <p class='ocr_par' dir='ltr' id='par_1_18' title="bbox 838 2022 1539 2556">
     <span class='ocr_line' id='line_1_56' title="bbox 843 2022 1538 2063; baseline 0.003 -12"><span class='ocrx_word' id='word_1_378' title='bbox 843 2023 936 2052; x_wconf 82' lang='lat' dir='ltr'><strong>edere</strong></span> <span class='ocrx_word' id='word_1_379' title='bbox 951 2022 1035 2061; x_wconf 88' lang='lat' dir='ltr'><strong>apud</strong></span> <span class='ocrx_word' id='word_1_380' title='bbox 1054 2023 1280 2061; x_wconf 78' lang='lat' dir='ltr'><strong>magistratum</strong></span> <span class='ocrx_word' id='word_1_381' title='bbox 1296 2022 1426 2052; x_wconf 82' lang='lat' dir='ltr'><strong>deberet</strong></span> <span class='ocrx_word' id='word_1_382' title='bbox 1441 2034 1538 2063; x_wconf 76' lang='lat' dir='ltr'><strong>pecu-</strong></span> 
     </span>
     <span class='ocr_line' id='line_1_57' title="bbox 843 2064 1536 2102; baseline 0.001 -8"><span class='ocrx_word' id='word_1_383' title='bbox 843 2065 918 2100; x_wconf 74' lang='lat' dir='ltr'><strong>niae,</strong></span> <span class='ocrx_word' id='word_1_384' title='bbox 931 2074 1025 2102; x_wconf 86' lang='lat' dir='ltr'><strong>quam</strong></span> <span class='ocrx_word' id='word_1_385' title='bbox 1042 2064 1176 2094; x_wconf 86' lang='lat' dir='ltr'><strong>haberet</strong></span> <span class='ocrx_word' id='word_1_386' title='bbox 1191 2065 1224 2093; x_wconf 88' lang='lat' dir='ltr'><strong>in</strong></span> <span class='ocrx_word' id='word_1_387' title='bbox 1240 2065 1345 2101; x_wconf 80' lang='lat' dir='ltr'><strong>bonis,</strong></span> <span class='ocrx_word' id='word_1_388' title='bbox 1360 2074 1536 2102; x_wconf 86' lang='lat' dir='ltr'><strong>summam,</strong></span> 
     </span>
     <span class='ocr_line' id='line_1_58' title="bbox 843 2105 1537 2145; baseline 0.003 -9"><span class='ocrx_word' id='word_1_389' title='bbox 843 2112 880 2136; x_wconf 86' lang='lat' dir='ltr'><strong>ut</strong></span> <span class='ocrx_word' id='word_1_390' title='bbox 894 2106 979 2145; x_wconf 83' lang='lat' dir='ltr'><strong>apud</strong></span> <span class='ocrx_word' id='word_1_391' title='bbox 994 2115 1141 2135; x_wconf 86' lang='lat' dir='ltr'><strong>censores</strong></span> <span class='ocrx_word' id='word_1_392' title='bbox 1156 2110 1244 2136; x_wconf 87' lang='lat' dir='ltr'><strong>ante.</strong></span> <span class='ocrx_word' id='word_1_393' title='bbox 1276 2106 1355 2136; x_wconf 87' lang='lat' dir='ltr'><strong>Tiro</strong></span> <span class='ocrx_word' id='word_1_394' title='bbox 1371 2105 1537 2138; x_wconf 60' lang='lat' dir='ltr'><strong>dubitant</strong></span> 
     </span>
     <span class='ocr_line' id='line_1_59' title="bbox 839 2148 1539 2188; baseline -0.001 -10"><span class='ocrx_word' id='word_1_395' title='bbox 839 2149 878 2178; x_wconf 86' lang='lat' dir='ltr'><strong>de</strong></span> <span class='ocrx_word' id='word_1_396' title='bbox 893 2155 985 2187; x_wconf 83' lang='lat' dir='ltr'><strong>parte</strong></span> <span class='ocrx_word' id='word_1_397' title='bbox 999 2148 1206 2186; x_wconf 85' lang='lat' dir='ltr'><strong>pecuniarum</strong></span> <span class='ocrx_word' id='word_1_398' title='bbox 1218 2148 1395 2184; x_wconf 85' lang='lat' dir='ltr'><strong>Ciceronis,</strong></span> <span class='ocrx_word' id='word_1_399' title='bbox 1407 2158 1447 2178; x_wconf 89' lang='lat' dir='ltr'><strong>an</strong></span> <span class='ocrx_word' id='word_1_400' title='bbox 1463 2159 1539 2188; x_wconf 88' lang='lat' dir='ltr'><strong>pro.</strong></span> 
     </span>
     <span class='ocr_line' id='line_1_60' title="bbox 840 2189 1537 2228; baseline 0.003 -8"><span class='ocrx_word' id='word_1_401' title='bbox 840 2190 963 2220; x_wconf 83' lang='lat' dir='ltr'><strong>fitenda</strong></span> <span class='ocrx_word' id='word_1_402' title='bbox 977 2195 1080 2226; x_wconf 79' lang='lat' dir='ltr'><strong>esset3</strong></span> <span class='ocrx_word' id='word_1_403' title='bbox 1098 2189 1184 2227; x_wconf 85' lang='lat' dir='ltr'><strong>quod</strong></span> <span class='ocrx_word' id='word_1_404' title='bbox 1200 2190 1258 2228; x_wconf 88' lang='lat' dir='ltr'><strong>ipsi</strong></span> <span class='ocrx_word' id='word_1_405' title='bbox 1276 2199 1340 2220; x_wconf 89' lang='lat' dir='ltr'><strong>non</strong></span> <span class='ocrx_word' id='word_1_406' title='bbox 1358 2189 1537 2222; x_wconf 84' lang='lat' dir='ltr'><strong>videbatur.</strong></span> 
     </span>
     <span class='ocr_line' id='line_1_61' title="bbox 840 2231 1536 2270; baseline 0.001 -7"><span class='ocrx_word' id='word_1_407' title='bbox 840 2233 954 2263; x_wconf 87' lang='lat' dir='ltr'><strong>Cicero</strong></span> <span class='ocrx_word' id='word_1_408' title='bbox 965 2231 1173 2261; x_wconf 82' lang='lat' dir='ltr'><strong>consuluerat</strong></span> <span class='ocrx_word' id='word_1_409' title='bbox 1186 2231 1325 2262; x_wconf 87' lang='lat' dir='ltr'><strong>Balbum</strong></span> <span class='ocrx_word' id='word_1_410' title='bbox 1336 2241 1433 2270; x_wconf 86' lang='lat' dir='ltr'><strong>super</strong></span> <span class='ocrx_word' id='word_1_411' title='bbox 1443 2242 1484 2262; x_wconf 79' lang='lat' dir='ltr'><strong>ea</strong></span> <span class='ocrx_word' id='word_1_412' title='bbox 1491 2242 1536 2264; x_wconf 87' lang='lat' dir='ltr'><strong>re.</strong></span> 
     </span>
     <span class='ocr_line' id='line_1_62' title="bbox 840 2273 1535 2312; baseline 0 -8"><span class='ocrx_word' id='word_1_413' title='bbox 840 2275 866 2304; x_wconf 91' lang='lat' dir='ltr'><strong>is</strong></span> <span class='ocrx_word' id='word_1_414' title='bbox 881 2283 955 2303; x_wconf 90' lang='lat' dir='ltr'><strong>cum</strong></span> <span class='ocrx_word' id='word_1_415' title='bbox 979 2273 1083 2303; x_wconf 86' lang='lat' dir='ltr'><strong>nollet</strong></span> <span class='ocrx_word' id='word_1_416' title='bbox 1105 2273 1222 2308; x_wconf 84' lang='lat' dir='ltr'><strong>facere,</strong></span> <span class='ocrx_word' id='word_1_417' title='bbox 1245 2273 1330 2312; x_wconf 85' lang='lat' dir='ltr'><strong>quod</strong></span> <span class='ocrx_word' id='word_1_418' title='bbox 1350 2274 1535 2305; x_wconf 84' lang='lat' dir='ltr'><strong>Antonium</strong></span> 
     </span>
     <span class='ocr_line' id='line_1_63' title="bbox 840 2314 1537 2356; baseline 0.001 -11"><span class='ocrx_word' id='word_1_419' title='bbox 840 2320 943 2356; x_wconf 83' lang='lat' dir='ltr'><strong>posset</strong></span> <span class='ocrx_word' id='word_1_420' title='bbox 962 2315 1137 2351; x_wconf 78' lang='lat' dir='ltr'><strong>offendere,</strong></span> <span class='ocrx_word' id='word_1_421' title='bbox 1153 2314 1292 2355; x_wconf 86' lang='lat' dir='ltr'><strong>scripsit,</strong></span> <span class='ocrx_word' id='word_1_422' title='bbox 1308 2325 1341 2345; x_wconf 87' lang='lat' dir='ltr'><strong>se</strong></span> <span class='ocrx_word' id='word_1_423' title='bbox 1358 2325 1423 2345; x_wconf 91' lang='lat' dir='ltr'><strong>non</strong></span> <span class='ocrx_word' id='word_1_424' title='bbox 1444 2325 1537 2355; x_wconf 70' lang='lat' dir='ltr'><strong>posse</strong></span> 
     </span>
     <span class='ocr_line' id='line_1_64' title="bbox 841 2356 1535 2396; baseline 0 -8"><span class='ocrx_word' id='word_1_425' title='bbox 841 2358 959 2393; x_wconf 74' lang='lat' dir='ltr'><strong>(livere,</strong></span> <span class='ocrx_word' id='word_1_426' title='bbox 989 2356 1066 2396; x_wconf 85' lang='lat' dir='ltr'><strong>quid</strong></span> <span class='ocrx_word' id='word_1_427' title='bbox 1101 2357 1146 2386; x_wconf 84' lang='lat' dir='ltr'><strong>rei</strong></span> <span class='ocrx_word' id='word_1_428' title='bbox 1181 2363 1277 2393; x_wconf 84' lang='lat' dir='ltr'><strong>esset,</strong></span> <span class='ocrx_word' id='word_1_429' title='bbox 1307 2357 1468 2396; x_wconf 86' lang='lat' dir='ltr'><strong>simulque</strong></span> <span class='ocrx_word' id='word_1_430' title='bbox 1496 2357 1535 2388; x_wconf 75' lang='lat' dir='ltr'><strong>de</strong></span> 
     </span>
     <span class='ocr_line' id='line_1_65' title="bbox 841 2398 1533 2437; baseline -0.001 -8"><span class='ocrx_word' id='word_1_431' title='bbox 841 2399 954 2430; x_wconf 87' lang='lat' dir='ltr'><strong>morbo</strong></span> <span class='ocrx_word' id='word_1_432' title='bbox 970 2398 1138 2428; x_wconf 89' lang='lat' dir='ltr'><strong>oculorum</strong></span> <span class='ocrx_word' id='word_1_433' title='bbox 1154 2409 1164 2436; x_wconf 89' lang='lat'>;</span> <span class='ocrx_word' id='word_1_434' title='bbox 1187 2399 1274 2437; x_wconf 85' lang='lat' dir='ltr'><strong>quod</strong></span> <span class='ocrx_word' id='word_1_435' title='bbox 1289 2399 1402 2430; x_wconf 85' lang='lat' dir='ltr'><strong>Cicero</strong></span> <span class='ocrx_word' id='word_1_436' title='bbox 1424 2399 1464 2428; x_wconf 88' lang='lat' dir='ltr'><strong>ad</strong></span> <span class='ocrx_word' id='word_1_437' title='bbox 1480 2399 1533 2437; x_wconf 86' lang='lat' dir='ltr'><strong>jo-</strong></span> 
     </span>
     <span class='ocr_line' id='line_1_66' title="bbox 840 2439 1533 2478; baseline -0.003 -7"><span class='ocrx_word' id='word_1_438' title='bbox 840 2451 915 2471; x_wconf 85' lang='lat' dir='ltr'><strong>cum</strong></span> <span class='ocrx_word' id='word_1_439' title='bbox 950 2440 1090 2476; x_wconf 80' lang='lat' dir='ltr'><strong>confert,</strong></span> <span class='ocrx_word' id='word_1_440' title='bbox 1124 2439 1210 2470; x_wconf 87' lang='lat' dir='ltr'><strong>unde</strong></span> <span class='ocrx_word' id='word_1_441' title='bbox 1247 2440 1411 2478; x_wconf 83' lang='lat' dir='ltr'><strong>intelligat</strong></span> <span class='ocrx_word' id='word_1_442' title='bbox 1441 2439 1533 2477; x_wconf 85' lang='lat' dir='ltr'><strong>Tiro,</strong></span> 
     </span>
     <span class='ocr_line' id='line_1_67' title="bbox 838 2481 1535 2522; baseline -0.003 -8"><span class='ocrx_word' id='word_1_443' title='bbox 838 2482 979 2514; x_wconf 85' lang='lat' dir='ltr'><strong>Balbum</strong></span> <span class='ocrx_word' id='word_1_444' title='bbox 1001 2481 1142 2512; x_wconf 89' lang='lat' dir='ltr'><strong>noluisse</strong></span> <span class='ocrx_word' id='word_1_445' title='bbox 1164 2482 1224 2513; x_wconf 87' lang='lat' dir='ltr'><strong>sibi</strong></span> <span class='ocrx_word' id='word_1_446' title='bbox 1246 2482 1285 2512; x_wconf 89' lang='lat' dir='ltr'><strong>de</strong></span> <span class='ocrx_word' id='word_1_447' title='bbox 1301 2491 1339 2512; x_wconf 82' lang='lat' dir='ltr'><strong>ea</strong></span> <span class='ocrx_word' id='word_1_448' title='bbox 1355 2491 1388 2511; x_wconf 88' lang='lat' dir='ltr'><strong>re</strong></span> <span class='ocrx_word' id='word_1_449' title='bbox 1402 2490 1535 2522; x_wconf 81' lang='lat' dir='ltr'><strong>respon-</strong></span> 
     </span>
     <span class='ocr_line' id='line_1_68' title="bbox 840 2525 925 2556; baseline 0.024 -2"><span class='ocrx_word' id='word_1_450' title='bbox 840 2525 925 2556; x_wconf 85' lang='lat' dir='ltr'><strong>dere.</strong></span> 
     </span>
    </p>

    <p class='ocr_par' dir='ltr' id='par_1_19' title="bbox 838 2565 1530 2690">
     <span class='ocr_line' id='line_1_69' title="bbox 883 2565 1530 2605; baseline -0.003 -8"><span class='ocrx_word' id='word_1_451' title='bbox 883 2570 923 2598; x_wconf 78' lang='lat'><strong>52</strong></span> <span class='ocrx_word' id='word_1_452' title='bbox 943 2577 984 2597; x_wconf 73' lang='lat' dir='ltr'><strong>ex</strong></span> <span class='ocrx_word' id='word_1_453' title='bbox 1004 2577 1039 2597; x_wconf 83' lang='lat' dir='ltr'><strong>eo</strong></span> <span class='ocrx_word' id='word_1_454' title='bbox 1056 2576 1175 2605; x_wconf 80' lang='lat' dir='ltr'><strong>genere</strong></span> <span class='ocrx_word' id='word_1_455' title='bbox 1196 2570 1254 2602; x_wconf 81' lang='lat' dir='ltr'><strong>est,</strong></span> <span class='ocrx_word' id='word_1_456' title='bbox 1270 2571 1307 2596; x_wconf 79' lang='lat' dir='ltr'><strong>ut</strong></span> <span class='ocrx_word' id='word_1_457' title='bbox 1317 2575 1352 2605; x_wconf 85' lang='lat' dir='ltr'><strong>p.</strong></span> <span class='ocrx_word' id='word_1_458' title='bbox 1368 2575 1400 2595; x_wconf 83' lang='lat' dir='ltr'><strong>n.</strong></span> <span class='ocrx_word' id='word_1_459' title='bbox 1416 2565 1457 2604; x_wconf 85' lang='lat' dir='ltr'><strong>e.]</strong></span> <span class='ocrx_word' id='word_1_460' title='bbox 1474 2565 1530 2596; x_wconf 83' lang='lat' dir='ltr'><strong>Vi-</strong></span> 
     </span>
     <span class='ocr_line' id='line_1_70' title="bbox 838 2607 1529 2648; baseline -0.001 -9"><span class='ocrx_word' id='word_1_461' title='bbox 838 2608 968 2644; x_wconf 80' lang='lat' dir='ltr'><strong>delicet,</strong></span> <span class='ocrx_word' id='word_1_462' title='bbox 985 2612 1022 2639; x_wconf 83' lang='lat' dir='ltr'><strong>ut</strong></span> <span class='ocrx_word' id='word_1_463' title='bbox 1038 2613 1168 2648; x_wconf 86' lang='lat' dir='ltr'><strong>putant.</strong></span> <span class='ocrx_word' id='word_1_464' title='bbox 1182 2608 1257 2646; x_wconf 80' lang='lat' dir='ltr'><strong>quia</strong></span> <span class='ocrx_word' id='word_1_465' title='bbox 1270 2617 1341 2637; x_wconf 86' lang='lat' dir='ltr'><strong>eam</strong></span> <span class='ocrx_word' id='word_1_466' title='bbox 1359 2607 1529 2647; x_wconf 74' lang='lat' dir='ltr'><strong>pecuniam</strong></span> 
     </span>
     <span class='ocr_line' id='line_1_71' title="bbox 839 2649 1376 2690; baseline -0.004 -10"><span class='ocrx_word' id='word_1_467' title='bbox 839 2651 983 2681; x_wconf 88' lang='lat' dir='ltr'><strong>nondum</strong></span> <span class='ocrx_word' id='word_1_468' title='bbox 1000 2652 1034 2680; x_wconf 91' lang='lat' dir='ltr'><strong>in</strong></span> <span class='ocrx_word' id='word_1_469' title='bbox 1049 2656 1210 2690; x_wconf 78' lang='lat' dir='ltr'><strong>pntestate</strong></span> <span class='ocrx_word' id='word_1_470' title='bbox 1227 2649 1376 2679; x_wconf 87' lang='lat' dir='ltr'><strong>habebat.</strong></span> 
     </span>
    </p>

    <p class='ocr_par' dir='ltr' id='par_1_20' title="bbox 837 2691 1532 2808">
     <span class='ocr_line' id='line_1_72' title="bbox 854 2691 1531 2730; baseline -0.009 -6"><span class='ocrx_word' id='word_1_471' title='bbox 854 2701 860 2707; x_wconf 61' lang='lat'>¹</span> <span class='ocrx_word' id='word_1_472' title='bbox 880 2695 919 2724; x_wconf 81' lang='lat'><strong>53</strong></span> <span class='ocrx_word' id='word_1_473' title='bbox 936 2693 1052 2724; x_wconf 71' lang='lat' dir='ltr'><strong>Liceat</strong></span> <span class='ocrx_word' id='word_1_474' title='bbox 1068 2692 1156 2722; x_wconf 78' lang='lat' dir='ltr'><strong>modo</strong></span> <span class='ocrx_word' id='word_1_475' title='bbox 1172 2691 1340 2730; x_wconf 70' lang='lat' dir='ltr'><strong>rusticari]</strong></span> <span class='ocrx_word' id='word_1_476' title='bbox 1359 2691 1404 2721; x_wconf 83' lang='lat' dir='ltr'><strong>Ut</strong></span> <span class='ocrx_word' id='word_1_477' title='bbox 1419 2701 1462 2721; x_wconf 85' lang='lat' dir='ltr'><strong>sc.</strong></span> <span class='ocrx_word' id='word_1_478' title='bbox 1475 2691 1531 2721; x_wconf 74' lang='lat' dir='ltr'><strong>ab.</strong></span> 
     </span>
     <span class='ocr_line' id='line_1_73' title="bbox 837 2732 1532 2773; baseline -0.001 -8"><span class='ocrx_word' id='word_1_479' title='bbox 837 2744 905 2765; x_wconf 82' lang='lat' dir='ltr'><strong>esse</strong></span> <span class='ocrx_word' id='word_1_480' title='bbox 926 2735 968 2764; x_wconf 83' lang='lat' dir='ltr'><strong>ab</strong></span> <span class='ocrx_word' id='word_1_481' title='bbox 991 2734 1068 2764; x_wconf 84' lang='lat' dir='ltr'><strong>urbe</strong></span> <span class='ocrx_word' id='word_1_482' title='bbox 1092 2733 1223 2773; x_wconf 86' lang='lat' dir='ltr'><strong>possim,</strong></span> <span class='ocrx_word' id='word_1_483' title='bbox 1246 2742 1305 2762; x_wconf 81' lang='lat' dir='ltr'><strong>nec</strong></span> <span class='ocrx_word' id='word_1_484' title='bbox 1327 2732 1457 2764; x_wconf 87' lang='lat' dir='ltr'><strong>audiam</strong></span> <span class='ocrx_word' id='word_1_485' title='bbox 1478 2733 1532 2764; x_wconf 69' lang='lat' dir='ltr'><strong>ve}</strong></span> 
     </span>
     <span class='ocr_line' id='line_1_74' title="bbox 838 2774 1322 2808; baseline -0.004 0"><span class='ocrx_word' id='word_1_486' title='bbox 838 2776 963 2808; x_wconf 80' lang='lat' dir='ltr'><strong>videam</strong></span> <span class='ocrx_word' id='word_1_487' title='bbox 979 2777 1116 2807; x_wconf 78' lang='lat' dir='ltr'><strong>istorum</strong></span> <span class='ocrx_word' id='word_1_488' title='bbox 1132 2774 1211 2807; x_wconf 77' lang='lat' dir='ltr'><strong>talia</strong></span> <span class='ocrx_word' id='word_1_489' title='bbox 1226 2774 1322 2806; x_wconf 75' lang='lat' dir='ltr'><strong>faeta.</strong></span> 
     </span>
    </p>
   </div>
  </div>
 </body>
</html>
