1865 3223
280 102 360 137 320
567 99 746 138 EPIST.
785 97 972 137 LIBER
1009 97 1405 139 DUODECIMUS

282 202 386 243 meis
419 201 570 243 litteris
603 203 955 259 obtemperasses,
979 204 1210 245 maximam
1240 204 1294 245 ab
1324 204 1524 246 omnibus
1546 204 1713 246 laudem

282 259 461 315 adeptus
483 274 609 300 esses.
670 261 752 302 Sed
788 260 888 301 illud
912 270 955 301 et
989 262 1209 315 praeteriit,
1232 272 1272 301 et
1305 260 1437 301 levius
1461 273 1538 303 est.
1605 262 1717 304 Haec

283 331 440 373 magna
462 331 526 357 res
549 326 634 357 est:
674 316 741 357 fac
765 326 812 356 ut
841 317 1103 372 provinciam
1128 319 1308 359 retineas
1338 318 1377 358 in
1404 328 1614 373 potestate
1637 318 1718 359 rei-

284 373 484 429 publicae.
546 372 674 414 Plura
705 373 983 428 scripsissem,
1018 373 1098 413 nisi
1139 375 1200 414 tui
1234 374 1500 416 festinarent.
1561 374 1714 431 Itaque

285 429 505 486 Cherippo
528 440 673 470 nostro
706 443 772 470 me
797 429 920 469 velim
943 444 1136 470 excuses.

216 521 270 558 23
795 517 1099 554 ARGUMENT
1105 518 1195 555 UM.

283 584 486 631 Respondet
514 583 563 618 ad
585 594 640 622 ea,
668 593 745 628 quae
775 579 979 616 Strcttorius
1010 582 1239 617 nuntiaverat
1268 583 1312 618 de
1336 585 1550 631 provincia:
1589 585 1731 621 deinde

513 636 601 682 reip.
612 633 780 683 formam.
798 633 976 671 describit,
998 637 1033 667 et
1048 632 1316 680 philosophiam
1337 637 1476 672 laudat.

567 700 633 741 M.
657 699 708 741 T.
733 698 784 740 C.
820 699 869 740 P.
901 697 1276 741 CORNIFICIO
1305 700 1349 742 S.
1375 701 1432 742 D.

285 757 537 811 OMNEM
565 767 858 808 conditionem
894 766 1060 821 imperii
1094 767 1170 816 tui,
1208 777 1451 823 statumque
1483 767 1714 825 provinciae

285 825 390 866 mihi
421 825 731 865 demonstravit
764 823 1012 864 Stratorius.
1073 823 1113 864 O
1138 824 1272 865 multa
1298 825 1583 867 intolerabilia
1612 827 1717 868 locis

283 882 504 923 omnibus!
567 882 649 922 Sed
672 895 757 936 quo
781 890 855 920 tua
876 880 1014 935 major
1029 880 1232 936 dignitas,
1250 895 1315 932 eo,
1332 897 1428 937 quae
1449 883 1526 923 tibi
1550 884 1716 924 accide-

285 948 397 989 runt,
421 939 560 979 minus
583 938 769 979 ferenda.
833 937 984 992 Neque
1008 939 1140 988 enim,
1162 953 1258 992 quae
1283 951 1326 979 tu
1354 949 1528 995 propter
1549 941 1716 995 magni-

286 996 477 1036 tudinem
506 1005 548 1036 et
578 995 707 1049 animi
739 1004 783 1035 et
810 994 971 1050 ingenii
1003 995 1221 1035 moderate
1250 994 1348 1046 fers,
1370 1011 1394 1036 a
1417 1006 1457 1037 te
1481 1011 1563 1040 non
1589 997 1714 1038 ulcis-

284 1053 419 1093 cenda
443 1062 554 1102 sunt,
576 1053 742 1093 etiamsi
767 1066 851 1092 non
881 1061 979 1091 sunt
1008 1051 1206 1092 dolenda.
1265 1053 1347 1093 Sed
1374 1052 1466 1094 haec
1489 1054 1715 1110 posterius.

286 1109 446 1150 Rerum
483 1111 737 1150 urbanarum
770 1118 867 1149 acta
900 1108 978 1149 tibi
1013 1108 1125 1149 mitti
1156 1119 1272 1149 certo
1303 1110 1406 1150 scio.
1437 1111 1551 1165 quod
1582 1111 1623 1150 ni
1657 1111 1718 1151 ita

285 1176 493 1222 putarem,
510 1167 600 1222 ipse
621 1166 940 1222 perscriberem,
962 1166 1002 1206 in
1029 1166 1261 1221 primisque
1281 1165 1464 1207 Caesaris
1485 1167 1715 1208 Octaviani

283 1234 510 1265 conatum:
544 1224 596 1264 de
616 1238 702 1278 quo
732 1222 1050 1262 75multitudini
1085 1222 1234 1263 fictum
1258 1223 1312 1264 ab
1334 1223 1528 1264 Antonio
1553 1224 1714 1265 crimen

286 1281 466 1331 videtur,
510 1290 557 1321 ut
598 1281 639 1320 in
693 1280 915 1335 pecuniam
960 1278 1242 1320 adolescentis
1291 1280 1499 1336 impetum
1541 1280 1715 1323 faceret.

287 1337 523 1378 Prudentes
556 1348 696 1377 autem
732 1347 775 1377 et
811 1336 911 1376 boni
945 1336 1038 1386 viri,
1065 1345 1109 1376 et
1141 1337 1320 1377 credunt
1345 1338 1523 1388 facturn,
1549 1351 1592 1378 et
1619 1353 1716 1393 pro-¹

287 1395 403 1435 bant.
464 1394 579 1441 Quid
620 1394 804 1448 quaeris?
847 1407 1004 1447 magna
1042 1406 1136 1448 spes
1175 1404 1238 1433 est
1272 1394 1312 1434 in
1352 1408 1418 1434 eo.
1481 1394 1602 1434 Nihil
1636 1403 1716 1445 est,

282 1452 395 1506 quod
419 1466 503 1492 non
522 1451 794 1491 existimetur
813 1449 946 1489 laudis
966 1461 1008 1489 et
1027 1449 1175 1504 gloriae
1193 1465 1321 1490 causa
1339 1450 1544 1491 facturus
1575 1450 1715 1492 Anto·

283 1509 378 1549 nius
409 1518 568 1558 autem,
590 1517 734 1548 noster
767 1505 1003 1555 familiaris,
1028 1515 1146 1546 tanto
1179 1520 1222 1547 se
1254 1506 1354 1547 odio
1384 1521 1474 1547 esse
1497 1507 1715 1564 intelligit,

284 1574 344 1616 ut,
379 1579 476 1607 cum
511 1564 806 1605 interfectores
839 1577 936 1604 suos
969 1563 1085 1603 domi
1125 1563 1456 1618 comprenderit,
1489 1578 1577 1605 rem
1617 1579 1716 1620 pro·

236 1618 394 1663 ¹³·ferre
437 1637 520 1663 non
565 1622 733 1663 audeat.
775 1620 830 1660 A.
865 1620 906 1660 d.
944 1634 1031 1660 vn.
1076 1619 1178 1660 Idus
1216 1620 1397 1661 Octobr.
1437 1620 1716 1663 Brundisium

281 1690 372 1720 erat
409 1679 625 1735 profectus
654 1678 828 1719 obviam
861 1676 1103 1732 legionibus
1138 1676 1436 1719 Macedonicis
1475 1690 1575 1729 1111,
1610 1692 1715 1733 quas

282 1736 363 1776 sibi
395 1736 623 1777 conciliare
658 1734 839 1791 pecunia
876 1734 1113 1789 cogitabat,
1142 1748 1298 1789 easque
1330 1734 1381 1774 ad
1411 1735 1559 1775 urbem
1583 1735 1716 1775 addu-

281 1807 390 1844 cere,
427 1804 469 1834 et
506 1794 548 1834 in
584 1792 824 1834 cervicibus
864 1791 1018 1831 nostris
1057 1790 1280 1831 collocare.
1342 1790 1490 1831 Habes
1533 1790 1714 1834 formam

282 1850 547 1906 reipublicae,
570 1850 603 1891 si
637 1849 679 1889 in
713 1848 864 1889 castris
905 1856 1046 1903 potest
1077 1861 1167 1888 esse
1206 1847 1474 1903 respublica:
1506 1848 1547 1881 76
1562 1849 1602 1888 in
1631 1863 1715 1902 qua

283 1915 399 1948 tuam
425 1908 559 1948 vicem
593 1920 706 1962 saepe
727 1904 867 1954 doleo,
888 1905 1001 1959 quod
1033 1904 1189 1944 nullam
1224 1914 1403 1959 partem,
1426 1918 1500 1959 per
1527 1913 1715 1956 aetatem,

282 1979 396 2005 sanae
421 1974 464 2005 et
485 1964 613 2005 salvae
645 1962 891 2018 reipublicae
916 1970 1088 2016 gustare
1113 1962 1306 2016 potuisti.
1367 1960 1511 2016 Atque
1533 1961 1715 2004 antehac

281 2021 454 2075 quidem
479 2035 646 2077 sperare
670 2020 817 2060 saltem
843 2018 1026 2060 licebat:
1060 2032 1174 2058 nunc
1202 2018 1330 2058 etiam
1356 2018 1396 2058 id
1419 2028 1613 2073 ereptum
1638 2028 1716 2060 est.

283 2079 394 2124 Quae
417 2079 530 2119 enirn
553 2087 618 2118 est
640 2091 749 2133 speS,
771 2090 868 2117 cum
894 2075 937 2116 in
959 2075 1168 2116 concione
1189 2075 1331 2115 dicere
1352 2089 1478 2115 ausus
1502 2075 1556 2115 sit
1577 2075 1717 2116 Anto-

282 2136 392 2184 nius,
417 2135 681 2177 Cannutium
706 2133 818 2189 apud
851 2146 924 2173 eos
955 2132 1034 2173 sibi
1069 2131 1211 2172 locum
1236 2146 1441 2187 quaerere,
1471 2133 1642 2187 quibuS‚
1672 2146 1716 2173 se

283 2192 414 2242 salvo,
438 2192 554 2234 locus
579 2192 621 2232 in
645 2191 820 2232 civitate
849 2203 939 2230 esse
964 2204 1046 2230 non
1074 2191 1244 2245 posset?
1307 2187 1517 2244 Equidem
1541 2199 1584 2229 et
1606 2189 1716 2240 haec,

281 2259 327 2290 et
347 2249 506 2299 omnia,
528 2264 624 2304 quae
656 2248 817 2288 homini
851 2246 1043 2287 accidere
1065 2255 1260 2302 possunt,
1282 2247 1342 2287 sic
1374 2246 1478 2296 fero,
1503 2256 1549 2286 ut
1577 2245 1717 2302 philo-

283 2306 447 2361 sophiae
480 2320 679 2361 magnam
715 2305 893 2345 habeam
935 2303 1131 2359 gratiam,
1154 2318 1250 2358 quae
1283 2317 1350 2344 me
1384 2318 1467 2344 non
1498 2304 1628 2344 modo
1661 2303 1716 2344 ab

284 2363 570 2404 sollicitudine
600 2363 790 2411 abducit,
813 2362 884 2402 sed
912 2361 1042 2401 etiam
1069 2370 1219 2402 contra
1247 2374 1395 2401 omnes
1426 2360 1610 2401 fortunae
1638 2360 1716 2400 im-

284 2429 408 2477 petus
444 2429 606 2460 armat:
641 2419 805 2473 tibique
839 2418 949 2458 idem
983 2432 1136 2458 censeo
1168 2417 1432 2467 faciundum,
1462 2431 1554 2467 nec,
1577 2431 1602 2456 a
1630 2431 1716 2472 quo

284 2477 410 2532 culpa
433 2477 559 2527 absit,
581 2476 814 2531 quidquam
838 2476 879 2515 in
904 2474 1024 2515 malis
1057 2475 1381 2516 numerandum.
1442 2473 1524 2514 Sed
1547 2473 1641 2514 haec
1669 2484 1715 2514 tu

282 2535 448 2576 melius.
509 2533 765 2575 stratorium
793 2542 983 2572 nostrum
1007 2546 1104 2573 cum
1128 2546 1294 2587 semper
1318 2531 1588 2586 probassem:
1621 2539 1714 2572 tum

325 2667 365 2698 75
389 2664 593 2695 mzdtitudini
614 2663 736 2703 ficium
773 2662 813 2690 ab
843 2661 883 2691 A.
913 2661 973 2700 mn]
1062 2661 1103 2693 76
1125 2661 1160 2689 in
1182 2670 1246 2699 qua
1263 2665 1356 2690 tuam
1378 2660 1477 2689 vicem
1500 2668 1526 2689 s.
1543 2658 1643 2699 doleo]
1669 2658 1719 2690 In

284 2705 428 2746 Populus
443 2706 558 2740 credit,
573 2706 653 2735 falso
677 2704 887 2734 criminatum
910 2713 978 2733 esse
1021 2711 1085 2742 qua
1102 2711 1167 2732 non
1184 2702 1296 2739 habet,
1313 2712 1376 2741 quo
1391 2702 1561 2732 referatur.
1584 2709 1660 2732 nam
1676 2700 1718 2732 ad

285 2748 480 2785 Antonium,
505 2748 636 2778 insidias
658 2746 717 2776 sibi
741 2746 853 2776 fecisse
870 2747 977 2777 Caesa-
1023 2754 1124 2784 remp.
1142 2753 1209 2774 non
1225 2749 1345 2785 potest.
1390 2743 1603 2775 Scribendum
1619 2748 1716 2784 puto:

284 2800 366 2826 rem,
384 2797 417 2821 et
441 2796 588 2826 tantum,
603 2796 641 2820 ut
665 2793 860 2828 praetextum
881 2787 978 2818 habe·
1024 2786 1066 2817 In
1079 2795 1151 2826 quo.

284 2839 335 2863 ret
350 2831 539 2864 invadendae
555 2831 701 2873 pecuniae
717 2830 866 2862 Caesaris.
