<?xml version="1.0" encoding="UTF-8"?>
<!DOCTYPE html PUBLIC "-//W3C//DTD XHTML 1.0 Transitional//EN"
    "http://www.w3.org/TR/xhtml1/DTD/xhtml1-transitional.dtd">
<html xmlns="http://www.w3.org/1999/xhtml" xml:lang="en" lang="en">
 <head>
  <title>
</title>
<meta http-equiv="Content-Type" content="text/html;charset=utf-8" />
  <meta name='ocr-system' content='tesseract 3.04.00' />
  <meta name='ocr-capabilities' content='ocr_page ocr_carea ocr_par ocr_line ocrx_word'/>
</head>
<body>
  <div class='ocr_page' id='page_1' title='image "./p1operaomnia03ciceuoft_0021.png"; bbox 0 0 1817 3196; ppageno 0'>
   <div class='ocr_carea' id='block_1_1' title="bbox 549 104 1516 152">
    <p class='ocr_par' dir='ltr' id='par_1_1' title="bbox 549 104 1516 152">
     <span class='ocr_line' id='line_1_1' title="bbox 549 104 1516 152; baseline -0.001 -9"><span class='ocrx_word' id='word_1_1' title='bbox 549 105 634 143; x_wconf 82' lang='lat' dir='ltr'>AD</span> <span class='ocrx_word' id='word_1_2' title='bbox 661 104 1050 143; x_wconf 80' lang='lat' dir='ltr'><strong>LENTULUM.</strong></span> <span class='ocrx_word' id='word_1_3' title='bbox 1467 108 1516 152; x_wconf 51' lang='grc' dir='ltr'>ιε,</span> 
     </span>
    </p>
   </div>
   <div class='ocr_carea' id='block_1_2' title="bbox 87 205 1522 889">
    <p class='ocr_par' dir='ltr' id='par_1_2' title="bbox 87 205 1522 889">
     <span class='ocr_line' id='line_1_2' title="bbox 89 205 1515 264; baseline -0.001 -14"><span class='ocrx_word' id='word_1_4' title='bbox 89 205 300 264; x_wconf 89' lang='lat' dir='ltr'>Pompeio</span> <span class='ocrx_word' id='word_1_5' title='bbox 336 207 575 260; x_wconf 83' lang='lat' dir='ltr'><strong>reducatur,</strong></span> <span class='ocrx_word' id='word_1_6' title='bbox 596 209 762 264; x_wconf 84' lang='lat' dir='ltr'>assequi</span> <span class='ocrx_word' id='word_1_7' title='bbox 795 223 880 249; x_wconf 90' lang='lat' dir='ltr'>non</span> <span class='ocrx_word' id='word_1_8' title='bbox 913 221 1060 263; x_wconf 86' lang='lat' dir='ltr'>posse:</span> <span class='ocrx_word' id='word_1_9' title='bbox 1093 214 1149 257; x_wconf 89' lang='lat' dir='ltr'>et,</span> <span class='ocrx_word' id='word_1_10' title='bbox 1182 206 1261 246; x_wconf 84' lang='lat' dir='ltr'>nisi</span> <span class='ocrx_word' id='word_1_11' title='bbox 1299 221 1374 262; x_wconf 88' lang='lat' dir='ltr'>per</span> <span class='ocrx_word' id='word_1_12' title='bbox 1397 216 1437 247; x_wconf 89' lang='lat' dir='ltr'>te</span> <span class='ocrx_word' id='word_1_13' title='bbox 1461 208 1515 250; x_wconf 88' lang='lat' dir='ltr'>sit</span> 
     </span>
     <span class='ocr_line' id='line_1_3' title="bbox 89 263 1516 320; baseline -0.001 -14"><span class='ocrx_word' id='word_1_14' title='bbox 89 267 323 315; x_wconf 79' lang='lat' dir='ltr'>restitutus,</span> <span class='ocrx_word' id='word_1_15' title='bbox 344 265 557 307; x_wconf 86' lang='lat' dir='ltr'>desertum</span> <span class='ocrx_word' id='word_1_16' title='bbox 593 280 635 306; x_wconf 89' lang='lat' dir='ltr'>se</span> <span class='ocrx_word' id='word_1_17' title='bbox 668 276 796 320; x_wconf 87' lang='lat' dir='ltr'>atque</span> <span class='ocrx_word' id='word_1_18' title='bbox 827 265 1044 320; x_wconf 85' lang='lat' dir='ltr'>abjectum</span> <span class='ocrx_word' id='word_1_19' title='bbox 1083 263 1188 313; x_wconf 88' lang='lat' dir='ltr'>sore,</span> <span class='ocrx_word' id='word_1_20' title='bbox 1222 264 1516 318; x_wconf 78' lang='lat' dir='ltr'>proficiscatur</span> 
     </span>
     <span class='ocr_line' id='line_1_4' title="bbox 90 320 1516 376; baseline -0.002 -14"><span class='ocrx_word' id='word_1_21' title='bbox 90 323 142 363; x_wconf 85' lang='lat' dir='ltr'>ad</span> <span class='ocrx_word' id='word_1_22' title='bbox 168 333 221 363; x_wconf 88' lang='lat' dir='ltr'>te.</span> <span class='ocrx_word' id='word_1_23' title='bbox 243 323 357 376; x_wconf 88' lang='lat' dir='ltr'>quod</span> <span class='ocrx_word' id='word_1_24' title='bbox 381 324 472 363; x_wconf 86' lang='lat' dir='ltr'>sine</span> <span class='ocrx_word' id='word_1_25' title='bbox 494 323 579 364; x_wconf 83' lang='lat' dir='ltr'>ulla</span> <span class='ocrx_word' id='word_1_26' title='bbox 598 323 882 373; x_wconf 80' lang='lat' dir='ltr'>dubitatione,</span> <span class='ocrx_word' id='word_1_27' title='bbox 902 322 936 361; x_wconf 87' lang='lat' dir='ltr'>si</span> <span class='ocrx_word' id='word_1_28' title='bbox 962 320 1192 376; x_wconf 80' lang='lat' dir='ltr'>Pompeius</span> <span class='ocrx_word' id='word_1_29' title='bbox 1218 321 1401 374; x_wconf 83' lang='lat' dir='ltr'>paullum</span> <span class='ocrx_word' id='word_1_30' title='bbox 1426 335 1516 360; x_wconf 90' lang='lat' dir='ltr'>mo-</span> 
     </span>
     <span class='ocr_line' id='line_1_5' title="bbox 90 376 1497 435; baseline -0.002 -16"><span class='ocrx_word' id='word_1_31' title='bbox 90 379 145 419; x_wconf 92' lang='lat' dir='ltr'>do</span> <span class='ocrx_word' id='word_1_32' title='bbox 167 379 402 420; x_wconf 81' lang='lat' dir='ltr'>ostenderit</span> <span class='ocrx_word' id='word_1_33' title='bbox 425 380 503 420; x_wconf 90' lang='lat' dir='ltr'>sibi</span> <span class='ocrx_word' id='word_1_34' title='bbox 527 380 706 435; x_wconf 80' lang='lat' dir='ltr'>placere,</span> <span class='ocrx_word' id='word_1_35' title='bbox 728 378 871 419; x_wconf 86' lang='lat' dir='ltr'>faciet.</span> <span class='ocrx_word' id='word_1_36' title='bbox 932 378 1012 418; x_wconf 86' lang='lat' dir='ltr'>Sed</span> <span class='ocrx_word' id='word_1_37' title='bbox 1044 377 1155 417; x_wconf 85' lang='lat' dir='ltr'>nosti</span> <span class='ocrx_word' id='word_1_38' title='bbox 1182 376 1365 416; x_wconf 83' lang='lat' dir='ltr'>hominis</span> <span class='ocrx_word' id='word_1_39' title='bbox 1391 376 1497 417; x_wconf 87' lang='lat' dir='ltr'>tardi</span> 
     </span>
     <span class='ocr_line' id='line_1_6' title="bbox 90 433 1518 484; baseline -0.001 -9"><span class='ocrx_word' id='word_1_40' title='bbox 90 444 220 476; x_wconf 89' lang='lat' dir='ltr'>tatem</span> <span class='ocrx_word' id='word_1_41' title='bbox 252 446 296 477; x_wconf 86' lang='lat' dir='ltr'>et</span> <span class='ocrx_word' id='word_1_42' title='bbox 331 436 681 477; x_wconf 75' lang='lat' dir='ltr'>taciturnitatem.</span> <span class='ocrx_word' id='word_1_43' title='bbox 742 435 833 476; x_wconf 69' lang='lat' dir='ltr'>Nos</span> <span class='ocrx_word' id='word_1_44' title='bbox 867 445 1007 475; x_wconf 87' lang='lat' dir='ltr'>tamen</span> <span class='ocrx_word' id='word_1_45' title='bbox 1039 433 1161 484; x_wconf 88' lang='lat' dir='ltr'>nihil,</span> <span class='ocrx_word' id='word_1_46' title='bbox 1200 434 1313 475; x_wconf 83' lang='lat' dir='ltr'>uuod</span> <span class='ocrx_word' id='word_1_47' title='bbox 1347 433 1399 474; x_wconf 85' lang='lat' dir='ltr'>ad</span> <span class='ocrx_word' id='word_1_48' title='bbox 1423 447 1518 473; x_wconf 89' lang='lat' dir='ltr'>eam</span> 
     </span>
     <span class='ocr_line' id='line_1_7' title="bbox 87 490 1517 548; baseline -0.001 -16"><span class='ocrx_word' id='word_1_49' title='bbox 87 506 174 532; x_wconf 88' lang='lat' dir='ltr'>rem</span> <span class='ocrx_word' id='word_1_50' title='bbox 215 493 437 548; x_wconf 76' lang='lat' dir='ltr'>pertineat,</span> <span class='ocrx_word' id='word_1_51' title='bbox 480 495 515 523; x_wconf 86' lang='lat'>21</span> <span class='ocrx_word' id='word_1_52' title='bbox 534 493 922 547; x_wconf 61' lang='lat' dir='ltr'>praetermittemus.</span> <span class='ocrx_word' id='word_1_53' title='bbox 994 490 1158 532; x_wconf 82' lang='lat' dir='ltr'>Ceteris</span> <span class='ocrx_word' id='word_1_54' title='bbox 1203 490 1383 543; x_wconf 71' lang='lat' dir='ltr'>injuriis,</span> <span class='ocrx_word' id='word_1_55' title='bbox 1421 505 1517 544; x_wconf 87' lang='lat' dir='ltr'>quae</span> 
     </span>
     <span class='ocr_line' id='line_1_8' title="bbox 88 545 1519 604; baseline -0.002 -16"><span class='ocrx_word' id='word_1_56' title='bbox 88 550 321 604; x_wconf 87' lang='lat' dir='ltr'>propositae</span> <span class='ocrx_word' id='word_1_57' title='bbox 344 560 441 591; x_wconf 85' lang='lat' dir='ltr'>sunt</span> <span class='ocrx_word' id='word_1_58' title='bbox 463 565 487 590; x_wconf 89' lang='lat' dir='ltr'>a</span> <span class='ocrx_word' id='word_1_59' title='bbox 511 549 691 599; x_wconf 84' lang='lat' dir='ltr'>Catone,</span> <span class='ocrx_word' id='word_1_60' title='bbox 711 549 909 599; x_wconf 88' lang='lat' dir='ltr'>facile,ut</span> <span class='ocrx_word' id='word_1_61' title='bbox 929 562 1066 604; x_wconf 87' lang='lat' dir='ltr'>spero,</span> <span class='ocrx_word' id='word_1_62' title='bbox 1083 548 1337 587; x_wconf 82' lang='lat' dir='ltr'>resistemus.</span> <span class='ocrx_word' id='word_1_63' title='bbox 1397 545 1519 586; x_wconf 88' lang='lat' dir='ltr'>Ami-</span> 
     </span>
     <span class='ocr_line' id='line_1_9' title="bbox 88 603 1521 658; baseline -0.001 -13"><span class='ocrx_word' id='word_1_64' title='bbox 88 619 186 646; x_wconf 87' lang='lat' dir='ltr'>cum</span> <span class='ocrx_word' id='word_1_65' title='bbox 209 619 261 646; x_wconf 82' lang='lat' dir='ltr'>ex</span> <span class='ocrx_word' id='word_1_66' title='bbox 287 607 578 647; x_wconf 84' lang='lat' dir='ltr'>consularibus</span> <span class='ocrx_word' id='word_1_67' title='bbox 601 607 813 646; x_wconf 88' lang='lat' dir='ltr'>neminem</span> <span class='ocrx_word' id='word_1_68' title='bbox 837 607 914 646; x_wconf 87' lang='lat' dir='ltr'>tibi</span> <span class='ocrx_word' id='word_1_69' title='bbox 939 619 1028 645; x_wconf 84' lang='lat' dir='ltr'>esse</span> <span class='ocrx_word' id='word_1_70' title='bbox 1047 604 1186 653; x_wconf 70' lang='lat' dir='ltr'>video,</span> <span class='ocrx_word' id='word_1_71' title='bbox 1217 614 1369 658; x_wconf 87' lang='lat' dir='ltr'>praeter</span> <span class='ocrx_word' id='word_1_72' title='bbox 1403 603 1521 643; x_wconf 91' lang='lat' dir='ltr'>Hor-</span> 
     </span>
     <span class='ocr_line' id='line_1_10' title="bbox 89 660 1520 717; baseline -0.001 -15"><span class='ocrx_word' id='word_1_73' title='bbox 89 662 272 703; x_wconf 88' lang='lat' dir='ltr'>tensium</span> <span class='ocrx_word' id='word_1_74' title='bbox 305 674 348 703; x_wconf 88' lang='lat' dir='ltr'>et</span> <span class='ocrx_word' id='word_1_75' title='bbox 372 663 619 705; x_wconf 83' lang='lat' dir='ltr'>Lucullum:</span> <span class='ocrx_word' id='word_1_76' title='bbox 651 663 779 703; x_wconf 85' lang='lat' dir='ltr'>ceteri</span> <span class='ocrx_word' id='word_1_77' title='bbox 813 671 910 703; x_wconf 89' lang='lat' dir='ltr'>sunt</span> <span class='ocrx_word' id='word_1_78' title='bbox 938 661 1089 717; x_wconf 85' lang='lat' dir='ltr'>partim</span> <span class='ocrx_word' id='word_1_79' title='bbox 1113 661 1334 701; x_wconf 77' lang='lat' dir='ltr'>obscurius</span> <span class='ocrx_word' id='word_1_80' title='bbox 1367 660 1520 715; x_wconf 90' lang='lat' dir='ltr'>iniqui,</span> 
     </span>
     <span class='ocr_line' id='line_1_11' title="bbox 90 716 1522 774; baseline -0.001 -16"><span class='ocrx_word' id='word_1_81' title='bbox 90 720 244 774; x_wconf 82' lang='lat' dir='ltr'>partim</span> <span class='ocrx_word' id='word_1_82' title='bbox 269 734 351 760; x_wconf 82' lang='lat' dir='ltr'>nou</span> <span class='ocrx_word' id='word_1_83' title='bbox 375 720 688 761; x_wconf 84' lang='lat' dir='ltr'>dissimulanter</span> <span class='ocrx_word' id='word_1_84' title='bbox 712 720 821 760; x_wconf 83' lang='lat' dir='ltr'>irati.</span> <span class='ocrx_word' id='word_1_85' title='bbox 880 718 942 759; x_wconf 91' lang='lat' dir='ltr'>Tu</span> <span class='ocrx_word' id='word_1_86' title='bbox 967 718 1035 759; x_wconf 86' lang='lat' dir='ltr'>sac</span> <span class='ocrx_word' id='word_1_87' title='bbox 1053 718 1196 758; x_wconf 87' lang='lat' dir='ltr'>animo</span> <span class='ocrx_word' id='word_1_88' title='bbox 1220 716 1319 757; x_wconf 86' lang='lat' dir='ltr'>forti</span> <span class='ocrx_word' id='word_1_89' title='bbox 1342 731 1522 772; x_wconf 84' lang='lat' dir='ltr'>magno-</span> 
     </span>
     <span class='ocr_line' id='line_1_12' title="bbox 88 773 1519 832; baseline -0.001 -17"><span class='ocrx_word' id='word_1_90' title='bbox 88 789 172 830; x_wconf 89' lang='lat' dir='ltr'>que</span> <span class='ocrx_word' id='word_1_91' title='bbox 194 776 264 826; x_wconf 68' lang='grc' dir='ltr'>εἰς,</span> <span class='ocrx_word' id='word_1_92' title='bbox 286 791 509 832; x_wconf 81' lang='lat' dir='ltr'>speresque</span> <span class='ocrx_word' id='word_1_93' title='bbox 531 777 635 827; x_wconf 79' lang='lat' dir='ltr'>fore,</span> <span class='ocrx_word' id='word_1_94' title='bbox 658 786 719 827; x_wconf 90' lang='lat' dir='ltr'>ut,</span> <span class='ocrx_word' id='word_1_95' title='bbox 742 776 878 817; x_wconf 82' lang='lat' dir='ltr'>fracto</span> <span class='ocrx_word' id='word_1_96' title='bbox 901 776 1064 831; x_wconf 88' lang='lat' dir='ltr'>impetu</span> <span class='ocrx_word' id='word_1_97' title='bbox 1087 774 1289 815; x_wconf 85' lang='lat' dir='ltr'>levissimi</span> <span class='ocrx_word' id='word_1_98' title='bbox 1317 773 1519 826; x_wconf 88' lang='lat' dir='ltr'>hominis,</span> 
     </span>
     <span class='ocr_line' id='line_1_13' title="bbox 89 833 1290 889; baseline -0.001 -17"><span class='ocrx_word' id='word_1_99' title='bbox 89 840 204 873; x_wconf 84' lang='lat' dir='ltr'>tuam</span> <span class='ocrx_word' id='word_1_100' title='bbox 230 835 453 888; x_wconf 83' lang='lat' dir='ltr'>pristinam</span> <span class='ocrx_word' id='word_1_101' title='bbox 475 834 729 889; x_wconf 85' lang='lat' dir='ltr'>dignitatem</span> <span class='ocrx_word' id='word_1_102' title='bbox 750 845 793 874; x_wconf 88' lang='lat' dir='ltr'>et</span> <span class='ocrx_word' id='word_1_103' title='bbox 817 833 997 889; x_wconf 83' lang='lat' dir='ltr'>gloriam</span> <span class='ocrx_word' id='word_1_104' title='bbox 1017 845 1290 887; x_wconf 86' lang='lat' dir='ltr'>consequare.</span> 
     </span>
    </p>
   </div>
   <div class='ocr_carea' id='block_1_3' title="bbox 599 921 1560 966">
    <p class='ocr_par' dir='ltr' id='par_1_3' title="bbox 599 921 1560 966">
     <span class='ocr_line' id='line_1_14' title="bbox 599 921 1560 966; baseline -0.001 -8"><span class='ocrx_word' id='word_1_105' title='bbox 599 921 793 958; x_wconf 79' lang='lat' dir='ltr'><strong>ARGUM</strong></span> <span class='ocrx_word' id='word_1_106' title='bbox 799 921 1001 958; x_wconf 70' lang='lat' dir='ltr'><strong>ENTUM.</strong></span> <span class='ocrx_word' id='word_1_107' title='bbox 1531 922 1560 966; x_wconf 81' lang='grc'>6</span> 
     </span>
    </p>
   </div>
   <div class='ocr_carea' id='block_1_4' title="bbox 128 982 1482 1085">
    <p class='ocr_par' dir='ltr' id='par_1_4' title="bbox 128 982 1482 1085">
     <span class='ocr_line' id='line_1_15' title="bbox 128 982 1482 1032; baseline -0.002 -10"><span class='ocrx_word' id='word_1_108' title='bbox 128 982 180 1022; x_wconf 85' lang='lat' dir='ltr'>Et</span> <span class='ocrx_word' id='word_1_109' title='bbox 199 996 221 1019; x_wconf 91' lang='lat' dir='ltr'>a</span> <span class='ocrx_word' id='word_1_110' title='bbox 240 987 409 1032; x_wconf 83' lang='lat' dir='ltr'>temporis</span> <span class='ocrx_word' id='word_1_111' title='bbox 431 985 581 1027; x_wconf 76' lang='lat' dir='ltr'>medela,</span> <span class='ocrx_word' id='word_1_112' title='bbox 601 989 634 1020; x_wconf 85' lang='lat' dir='ltr'>et</span> <span class='ocrx_word' id='word_1_113' title='bbox 654 998 674 1020; x_wconf 89' lang='grc' dir='ltr'><em>α</em></span> <span class='ocrx_word' id='word_1_114' title='bbox 694 997 756 1020; x_wconf 78' lang='lat' dir='ltr'>suo</span> <span class='ocrx_word' id='word_1_115' title='bbox 775 985 934 1032; x_wconf 72' lang='lat' dir='ltr'>exemplo</span> <span class='ocrx_word' id='word_1_116' title='bbox 951 984 1091 1019; x_wconf 82' lang='lat' dir='ltr'>solatur</span> <span class='ocrx_word' id='word_1_117' title='bbox 1108 982 1302 1018; x_wconf 82' lang='lat' dir='ltr'>Lentulum</span> <span class='ocrx_word' id='word_1_118' title='bbox 1322 984 1356 1018; x_wconf 79' lang='lat' dir='ltr'>in</span> <span class='ocrx_word' id='word_1_119' title='bbox 1377 982 1482 1019; x_wconf 76' lang='lat' dir='ltr'>tardo</span> 
     </span>
     <span class='ocr_line' id='line_1_16' title="bbox 190 1035 1431 1085; baseline -0.001 -13"><span class='ocrx_word' id='word_1_120' title='bbox 190 1042 344 1084; x_wconf 81' lang='lat' dir='ltr'>speratae</span> <span class='ocrx_word' id='word_1_121' title='bbox 360 1039 413 1072; x_wconf 79' lang='lat' dir='ltr'>rei</span> <span class='ocrx_word' id='word_1_122' title='bbox 428 1049 630 1085; x_wconf 81' lang='lat' dir='ltr'>progressu,</span> <span class='ocrx_word' id='word_1_123' title='bbox 649 1041 682 1072; x_wconf 79' lang='lat' dir='ltr'>et</span> <span class='ocrx_word' id='word_1_124' title='bbox 701 1038 748 1072; x_wconf 84' lang='lat' dir='ltr'>ad</span> <span class='ocrx_word' id='word_1_125' title='bbox 767 1038 879 1072; x_wconf 80' lang='lat' dir='ltr'>animi</span> <span class='ocrx_word' id='word_1_126' title='bbox 900 1037 1181 1083; x_wconf 78' lang='lat' dir='ltr'>magnitudinem</span> <span class='ocrx_word' id='word_1_127' title='bbox 1201 1035 1431 1071; x_wconf 79' lang='lat' dir='ltr'>adhortatur.</span> 
     </span>
    </p>
   </div>
   <div class='ocr_carea' id='block_1_5' title="bbox 277 1101 1327 1145">
    <p class='ocr_par' dir='ltr' id='par_1_5' title="bbox 277 1101 1327 1145">
     <span class='ocr_line' id='line_1_17' title="bbox 277 1101 1327 1145; baseline 0 -2"><span class='ocrx_word' id='word_1_128' title='bbox 277 1103 344 1144; x_wconf 89' lang='lat' dir='ltr'>M.</span> <span class='ocrx_word' id='word_1_129' title='bbox 365 1103 415 1145; x_wconf 92' lang='lat' dir='ltr'>T.</span> <span class='ocrx_word' id='word_1_130' title='bbox 441 1103 492 1145; x_wconf 92' lang='lat' dir='ltr'>C.</span> <span class='ocrx_word' id='word_1_131' title='bbox 526 1104 574 1144; x_wconf 93' lang='lat' dir='ltr'>P.</span> <span class='ocrx_word' id='word_1_132' title='bbox 601 1102 887 1145; x_wconf 66' lang='lat' dir='ltr'>LENTULO</span> <span class='ocrx_word' id='word_1_133' title='bbox 912 1101 1172 1144; x_wconf 88' lang='lat' dir='ltr'><strong>PROCOS.</strong></span> <span class='ocrx_word' id='word_1_134' title='bbox 1205 1102 1249 1143; x_wconf 89' lang='lat' dir='ltr'>S.</span> <span class='ocrx_word' id='word_1_135' title='bbox 1271 1101 1327 1143; x_wconf 92' lang='lat' dir='ltr'>D.</span> 
     </span>
    </p>
   </div>
   <div class='ocr_carea' id='block_1_6' title="bbox 92 1155 1621 2024">
    <p class='ocr_par' dir='ltr' id='par_1_6' title="bbox 92 1155 1621 2024">
     <span class='ocr_line' id='line_1_18' title="bbox 93 1155 1529 1228; baseline -0.001 -15"><span class='ocrx_word' id='word_1_136' title='bbox 93 1155 252 1218; x_wconf 79' lang='lat' dir='ltr'>QUAE</span> <span class='ocrx_word' id='word_1_137' title='bbox 275 1183 490 1228; x_wconf 84' lang='lat' dir='ltr'>gerantur,</span> <span class='ocrx_word' id='word_1_138' title='bbox 524 1173 707 1228; x_wconf 84' lang='lat' dir='ltr'>accipies</span> <span class='ocrx_word' id='word_1_139' title='bbox 737 1187 790 1213; x_wconf 82' lang='lat' dir='ltr'>ex</span> <span class='ocrx_word' id='word_1_140' title='bbox 827 1172 1044 1213; x_wconf 89' lang='lat' dir='ltr'>Pollione:</span> <span class='ocrx_word' id='word_1_141' title='bbox 1076 1171 1148 1226; x_wconf 88' lang='lat' dir='ltr'>qui</span> <span class='ocrx_word' id='word_1_142' title='bbox 1171 1171 1369 1211; x_wconf 83' lang='lat' dir='ltr'>omnibus</span> <span class='ocrx_word' id='word_1_143' title='bbox 1394 1184 1529 1226; x_wconf 88' lang='lat' dir='ltr'>nego-</span> 
     </span>
     <span class='ocr_line' id='line_1_19' title="bbox 92 1227 1528 1284; baseline -0.001 -15"><span class='ocrx_word' id='word_1_144' title='bbox 92 1229 163 1270; x_wconf 82' lang='lat' dir='ltr'>tiis</span> <span class='ocrx_word' id='word_1_145' title='bbox 185 1243 267 1269; x_wconf 87' lang='lat' dir='ltr'>uon</span> <span class='ocrx_word' id='word_1_146' title='bbox 293 1230 484 1270; x_wconf 81' lang='lat' dir='ltr'>interfuit</span> <span class='ocrx_word' id='word_1_147' title='bbox 507 1230 657 1279; x_wconf 83' lang='lat' dir='ltr'>solum,</span> <span class='ocrx_word' id='word_1_148' title='bbox 678 1229 749 1269; x_wconf 87' lang='lat' dir='ltr'>sed</span> <span class='ocrx_word' id='word_1_149' title='bbox 773 1228 961 1284; x_wconf 87' lang='lat' dir='ltr'>praefuit.</span> <span class='ocrx_word' id='word_1_150' title='bbox 1024 1227 1100 1268; x_wconf 86' lang='lat' dir='ltr'>Me</span> <span class='ocrx_word' id='word_1_151' title='bbox 1119 1229 1161 1268; x_wconf 89' lang='lat' dir='ltr'>in</span> <span class='ocrx_word' id='word_1_152' title='bbox 1182 1242 1348 1268; x_wconf 88' lang='lat' dir='ltr'>summo</span> <span class='ocrx_word' id='word_1_153' title='bbox 1367 1227 1528 1279; x_wconf 86' lang='lat' dir='ltr'>dolore,</span> 
     </span>
     <span class='ocr_line' id='line_1_20' title="bbox 95 1283 1526 1341; baseline -0.002 -15"><span class='ocrx_word' id='word_1_154' title='bbox 95 1299 221 1341; x_wconf 89' lang='lat' dir='ltr'>quem</span> <span class='ocrx_word' id='word_1_155' title='bbox 248 1286 288 1325; x_wconf 91' lang='lat' dir='ltr'>in</span> <span class='ocrx_word' id='word_1_156' title='bbox 316 1286 399 1326; x_wconf 90' lang='lat' dir='ltr'>tuis</span> <span class='ocrx_word' id='word_1_157' title='bbox 435 1287 559 1326; x_wconf 87' lang='lat' dir='ltr'>rebus</span> <span class='ocrx_word' id='word_1_158' title='bbox 582 1286 721 1340; x_wconf 88' lang='lat' dir='ltr'>capio,</span> <span class='ocrx_word' id='word_1_159' title='bbox 754 1286 942 1325; x_wconf 77' lang='lat' dir='ltr'>maxime</span> <span class='ocrx_word' id='word_1_160' title='bbox 964 1284 1127 1326; x_wconf 77' lang='lat' dir='ltr'>scilicet</span> <span class='ocrx_word' id='word_1_161' title='bbox 1148 1283 1393 1325; x_wconf 85' lang='lat' dir='ltr'>consolatur</span> <span class='ocrx_word' id='word_1_162' title='bbox 1415 1298 1526 1339; x_wconf 86' lang='lat' dir='ltr'>spes,</span> 
     </span>
     <span class='ocr_line' id='line_1_21' title="bbox 92 1340 1528 1398; baseline -0.002 -15"><span class='ocrx_word' id='word_1_163' title='bbox 92 1342 207 1398; x_wconf 90' lang='lat' dir='ltr'>quod</span> <span class='ocrx_word' id='word_1_164' title='bbox 233 1342 352 1382; x_wconf 89' lang='lat' dir='ltr'>valde</span> <span class='ocrx_word' id='word_1_165' title='bbox 374 1343 580 1398; x_wconf 75' lang='lat' dir='ltr'>suspicor,</span> <span class='ocrx_word' id='word_1_166' title='bbox 604 1342 708 1393; x_wconf 83' lang='lat' dir='ltr'>fore,</span> <span class='ocrx_word' id='word_1_167' title='bbox 729 1352 774 1382; x_wconf 90' lang='lat' dir='ltr'>ut</span> <span class='ocrx_word' id='word_1_168' title='bbox 798 1343 1056 1398; x_wconf 84' lang='lat' dir='ltr'>infringatur</span> <span class='ocrx_word' id='word_1_169' title='bbox 1078 1341 1300 1381; x_wconf 86' lang='lat' dir='ltr'>hominum</span> <span class='ocrx_word' id='word_1_170' title='bbox 1320 1340 1528 1396; x_wconf 86' lang='lat' dir='ltr'>improbi·</span> 
     </span>
     <span class='ocr_line' id='line_1_22' title="bbox 94 1396 1528 1454; baseline -0.001 -15"><span class='ocrx_word' id='word_1_171' title='bbox 94 1409 174 1450; x_wconf 89' lang='lat' dir='ltr'>tas,</span> <span class='ocrx_word' id='word_1_172' title='bbox 196 1408 239 1439; x_wconf 89' lang='lat' dir='ltr'>et</span> <span class='ocrx_word' id='word_1_173' title='bbox 260 1398 447 1440; x_wconf 88' lang='lat' dir='ltr'>consiliis</span> <span class='ocrx_word' id='word_1_174' title='bbox 471 1410 640 1440; x_wconf 87' lang='lat' dir='ltr'>tuorum</span> <span class='ocrx_word' id='word_1_175' title='bbox 675 1400 926 1450; x_wconf 85' lang='lat' dir='ltr'>amicorum,</span> <span class='ocrx_word' id='word_1_176' title='bbox 948 1410 990 1440; x_wconf 88' lang='lat' dir='ltr'>et</span> <span class='ocrx_word' id='word_1_177' title='bbox 1021 1399 1113 1454; x_wconf 82' lang='lat' dir='ltr'>ipsa</span> <span class='ocrx_word' id='word_1_178' title='bbox 1134 1399 1224 1439; x_wconf 90' lang='lat' dir='ltr'>die:</span> <span class='ocrx_word' id='word_1_179' title='bbox 1256 1412 1352 1453; x_wconf 88' lang='lat' dir='ltr'>quae</span> <span class='ocrx_word' id='word_1_180' title='bbox 1376 1396 1528 1438; x_wconf 86' lang='lat' dir='ltr'>debili-</span> 
     </span>
     <span class='ocr_line' id='line_1_23' title="bbox 94 1454 1527 1511; baseline -0.002 -14"><span class='ocrx_word' id='word_1_181' title='bbox 94 1465 159 1497; x_wconf 89' lang='lat' dir='ltr'>tat</span> <span class='ocrx_word' id='word_1_182' title='bbox 180 1455 465 1511; x_wconf 86' lang='lat' dir='ltr'>cogitationes</span> <span class='ocrx_word' id='word_1_183' title='bbox 498 1467 540 1497; x_wconf 91' lang='lat' dir='ltr'>et</span> <span class='ocrx_word' id='word_1_184' title='bbox 575 1456 847 1497; x_wconf 88' lang='lat' dir='ltr'>inimicorum</span> <span class='ocrx_word' id='word_1_185' title='bbox 877 1465 921 1496; x_wconf 86' lang='lat' dir='ltr'>et</span> <span class='ocrx_word' id='word_1_186' title='bbox 955 1456 1238 1511; x_wconf 86' lang='lat' dir='ltr'>proditorum.</span> <span class='ocrx_word' id='word_1_187' title='bbox 1299 1454 1441 1495; x_wconf 82' lang='lat' dir='ltr'>Facile</span> <span class='ocrx_word' id='word_1_188' title='bbox 1463 1467 1527 1494; x_wconf 89' lang='lat' dir='ltr'>se-</span> 
     </span>
     <span class='ocr_line' id='line_1_24' title="bbox 95 1512 1621 1566; baseline 0 -12"><span class='ocrx_word' id='word_1_189' title='bbox 95 1512 236 1554; x_wconf 88' lang='lat' dir='ltr'>cundo</span> <span class='ocrx_word' id='word_1_190' title='bbox 274 1512 368 1554; x_wconf 89' lang='lat' dir='ltr'>loco</span> <span class='ocrx_word' id='word_1_191' title='bbox 402 1527 469 1553; x_wconf 90' lang='lat' dir='ltr'>me</span> <span class='ocrx_word' id='word_1_192' title='bbox 491 1513 735 1554; x_wconf 89' lang='lat' dir='ltr'>consolatur</span> <span class='ocrx_word' id='word_1_193' title='bbox 768 1514 1006 1555; x_wconf 85' lang='lat' dir='ltr'>recordatio</span> <span class='ocrx_word' id='word_1_194' title='bbox 1038 1527 1227 1553; x_wconf 86' lang='lat' dir='ltr'>meorum</span> <span class='ocrx_word' id='word_1_195' title='bbox 1257 1522 1496 1566; x_wconf 88' lang='lat' dir='ltr'>temporum</span> <span class='ocrx_word' id='word_1_196' title='bbox 1516 1523 1621 1563; x_wconf 75' lang='lat' dir='ltr'>:p.6.</span> 
     </span>
     <span class='ocr_line' id='line_1_25' title="bbox 98 1568 1571 1625; baseline -0.001 -15"><span class='ocrx_word' id='word_1_197' title='bbox 98 1584 279 1624; x_wconf 89' lang='lat' dir='ltr'>quorum</span> <span class='ocrx_word' id='word_1_198' title='bbox 305 1570 534 1625; x_wconf 83' lang='lat' dir='ltr'>imaginem</span> <span class='ocrx_word' id='word_1_199' title='bbox 563 1570 685 1611; x_wconf 84' lang='lat' dir='ltr'>video</span> <span class='ocrx_word' id='word_1_200' title='bbox 716 1570 757 1610; x_wconf 93' lang='lat' dir='ltr'>in</span> <span class='ocrx_word' id='word_1_201' title='bbox 792 1572 916 1611; x_wconf 89' lang='lat' dir='ltr'>rebus</span> <span class='ocrx_word' id='word_1_202' title='bbox 952 1570 1050 1609; x_wconf 89' lang='lat' dir='ltr'>tuis.</span> <span class='ocrx_word' id='word_1_203' title='bbox 1111 1569 1224 1610; x_wconf 65' lang='lat' dir='ltr'>Nam</span> <span class='ocrx_word' id='word_1_204' title='bbox 1257 1569 1337 1610; x_wconf 81' lang='lat' dir='ltr'>etsi</span> <span class='ocrx_word' id='word_1_205' title='bbox 1363 1568 1571 1609; x_wconf 69' lang='lat' dir='ltr'>minoi-ea·</span> 
     </span>
     <span class='ocr_line' id='line_1_26' title="bbox 96 1625 1528 1682; baseline 0 -16"><span class='ocrx_word' id='word_1_206' title='bbox 96 1626 139 1666; x_wconf 88' lang='lat' dir='ltr'>in</span> <span class='ocrx_word' id='word_1_207' title='bbox 163 1640 206 1666; x_wconf 89' lang='lat' dir='ltr'>re</span> <span class='ocrx_word' id='word_1_208' title='bbox 229 1626 410 1666; x_wconf 84' lang='lat' dir='ltr'>violatur</span> <span class='ocrx_word' id='word_1_209' title='bbox 445 1638 517 1667; x_wconf 88' lang='lat' dir='ltr'>tua</span> <span class='ocrx_word' id='word_1_210' title='bbox 553 1627 756 1682; x_wconf 75' lang='lat' dir='ltr'>dignitas,</span> <span class='ocrx_word' id='word_1_211' title='bbox 778 1629 954 1682; x_wconf 59' lang='lat' dir='ltr'>‘Equam</span> <span class='ocrx_word' id='word_1_212' title='bbox 993 1641 1087 1666; x_wconf 84' lang='lat' dir='ltr'>mea</span> <span class='ocrx_word' id='word_1_213' title='bbox 1125 1627 1234 1666; x_wconf 78' lang='lat' dir='ltr'>salus</span> <span class='ocrx_word' id='word_1_214' title='bbox 1267 1625 1427 1666; x_wconf 83' lang='lat' dir='ltr'>afflicta</span> <span class='ocrx_word' id='word_1_215' title='bbox 1449 1625 1528 1666; x_wconf 86' lang='lat' dir='ltr'>sit:</span> 
     </span>
     <span class='ocr_line' id='line_1_27' title="bbox 95 1681 1530 1739; baseline -0.001 -16"><span class='ocrx_word' id='word_1_216' title='bbox 95 1691 238 1723; x_wconf 89' lang='lat' dir='ltr'>tamen</span> <span class='ocrx_word' id='word_1_217' title='bbox 257 1692 321 1723; x_wconf 84' lang='lat' dir='ltr'>est</span> <span class='ocrx_word' id='word_1_218' title='bbox 343 1692 462 1723; x_wconf 87' lang='lat' dir='ltr'>tanta</span> <span class='ocrx_word' id='word_1_219' title='bbox 485 1684 736 1734; x_wconf 87' lang='lat' dir='ltr'>similitudo,</span> <span class='ocrx_word' id='word_1_220' title='bbox 759 1694 807 1723; x_wconf 89' lang='lat' dir='ltr'>ut</span> <span class='ocrx_word' id='word_1_221' title='bbox 829 1698 1010 1739; x_wconf 80' lang='lat' dir='ltr'>sperem,</span> <span class='ocrx_word' id='word_1_222' title='bbox 1042 1692 1083 1722; x_wconf 88' lang='lat' dir='ltr'>te</span> <span class='ocrx_word' id='word_1_223' title='bbox 1107 1683 1212 1729; x_wconf 80' lang='lat' dir='ltr'>mihi</span> <span class='ocrx_word' id='word_1_224' title='bbox 1235 1682 1472 1737; x_wconf 84' lang='lat' dir='ltr'>ignoscere,</span> <span class='ocrx_word' id='word_1_225' title='bbox 1494 1681 1530 1722; x_wconf 89' lang='lat' dir='ltr'>si</span> 
     </span>
     <span class='ocr_line' id='line_1_28' title="bbox 94 1738 1531 1795; baseline 0.001 -16"><span class='ocrx_word' id='word_1_226' title='bbox 94 1753 145 1780; x_wconf 89' lang='lat' dir='ltr'>ea</span> <span class='ocrx_word' id='word_1_227' title='bbox 165 1754 250 1780; x_wconf 90' lang='lat' dir='ltr'>non</span> <span class='ocrx_word' id='word_1_228' title='bbox 275 1739 504 1790; x_wconf 86' lang='lat' dir='ltr'>timuerim,</span> <span class='ocrx_word' id='word_1_229' title='bbox 527 1755 623 1795; x_wconf 80' lang='lat' dir='ltr'>quae</span> <span class='ocrx_word' id='word_1_230' title='bbox 646 1754 698 1781; x_wconf 91' lang='lat' dir='ltr'>ne</span> <span class='ocrx_word' id='word_1_231' title='bbox 733 1750 775 1781; x_wconf 90' lang='lat' dir='ltr'>tu</span> <span class='ocrx_word' id='word_1_232' title='bbox 811 1741 983 1792; x_wconf 85' lang='lat' dir='ltr'>quidem</span> <span class='ocrx_word' id='word_1_233' title='bbox 1016 1754 1219 1794; x_wconf 87' lang='lat' dir='ltr'>umquam</span> <span class='ocrx_word' id='word_1_234' title='bbox 1241 1739 1430 1779; x_wconf 87' lang='lat' dir='ltr'>timenda</span> <span class='ocrx_word' id='word_1_235' title='bbox 1452 1738 1531 1780; x_wconf 89' lang='lat' dir='ltr'>du-</span> 
     </span>
     <span class='ocr_line' id='line_1_29' title="bbox 95 1795 1509 1852; baseline 0 -16"><span class='ocrx_word' id='word_1_236' title='bbox 95 1796 214 1837; x_wconf 82' lang='lat' dir='ltr'>xisti.</span> <span class='ocrx_word' id='word_1_237' title='bbox 274 1796 354 1837; x_wconf 90' lang='lat' dir='ltr'>Sed</span> <span class='ocrx_word' id='word_1_238' title='bbox 383 1808 535 1852; x_wconf 82' lang='lat' dir='ltr'>praesta</span> <span class='ocrx_word' id='word_1_239' title='bbox 558 1809 599 1837; x_wconf 92' lang='lat' dir='ltr'>te</span> <span class='ocrx_word' id='word_1_240' title='bbox 620 1811 731 1847; x_wconf 91' lang='lat' dir='ltr'>eum,</span> <span class='ocrx_word' id='word_1_241' title='bbox 755 1798 826 1852; x_wconf 89' lang='lat' dir='ltr'>qui</span> <span class='ocrx_word' id='word_1_242' title='bbox 861 1798 966 1838; x_wconf 86' lang='lat' dir='ltr'>mihi</span> <span class='ocrx_word' id='word_1_243' title='bbox 989 1813 1014 1837; x_wconf 88' lang='lat' dir='ltr'>a</span> <span class='ocrx_word' id='word_1_244' title='bbox 1034 1797 1205 1847; x_wconf 88' lang='lat' dir='ltr'>teneris,</span> <span class='ocrx_word' id='word_1_245' title='bbox 1228 1805 1275 1836; x_wconf 91' lang='lat' dir='ltr'>ut</span> <span class='ocrx_word' id='word_1_246' title='bbox 1297 1795 1441 1836; x_wconf 89' lang='lat' dir='ltr'>Graeci</span> <span class='ocrx_word' id='word_1_247' title='bbox 1465 1795 1509 1836; x_wconf 90' lang='lat' dir='ltr'>di</span> 
     </span>
     <span class='ocr_line' id='line_1_30' title="bbox 97 1853 1529 1910; baseline 0 -17"><span class='ocrx_word' id='word_1_248' title='bbox 97 1863 215 1903; x_wconf 91' lang='lat' dir='ltr'>cunt,</span> <span class='ocrx_word' id='word_1_249' title='bbox 239 1854 481 1909; x_wconf 80' lang='lat' dir='ltr'>unguiculis</span> <span class='ocrx_word' id='word_1_250' title='bbox 503 1869 545 1894; x_wconf 89' lang='lat' dir='ltr'>es</span> <span class='ocrx_word' id='word_1_251' title='bbox 568 1855 784 1910; x_wconf 79' lang='lat' dir='ltr'>cognituS.</span> <span class='ocrx_word' id='word_1_252' title='bbox 845 1853 1095 1903; x_wconf 85' lang='lat' dir='ltr'>Illustrabit,</span> <span class='ocrx_word' id='word_1_253' title='bbox 1119 1853 1224 1894; x_wconf 88' lang='lat' dir='ltr'>mihi</span> <span class='ocrx_word' id='word_1_254' title='bbox 1249 1853 1387 1902; x_wconf 89' lang='lat' dir='ltr'>crede,</span> <span class='ocrx_word' id='word_1_255' title='bbox 1410 1862 1529 1893; x_wconf 87' lang='lat' dir='ltr'>tuam</span> 
     </span>
     <span class='ocr_line' id='line_1_31' title="bbox 93 1910 1528 1966; baseline -0.001 -16"><span class='ocrx_word' id='word_1_256' title='bbox 93 1910 420 1966; x_wconf 89' lang='lat' dir='ltr'>amplitudinem</span> <span class='ocrx_word' id='word_1_257' title='bbox 453 1910 672 1951; x_wconf 88' lang='lat' dir='ltr'>hominum</span> <span class='ocrx_word' id='word_1_258' title='bbox 702 1911 872 1966; x_wconf 84' lang='lat' dir='ltr'>injuria.</span> <span class='ocrx_word' id='word_1_259' title='bbox 923 1911 962 1951; x_wconf 92' lang='lat' dir='ltr'><strong>A</strong></span> <span class='ocrx_word' id='word_1_260' title='bbox 985 1925 1052 1951; x_wconf 85' lang='lat' dir='ltr'>me</span> <span class='ocrx_word' id='word_1_261' title='bbox 1073 1911 1218 1950; x_wconf 84' lang='lat' dir='ltr'>omnia</span> <span class='ocrx_word' id='word_1_262' title='bbox 1236 1924 1401 1950; x_wconf 80' lang='lat' dir='ltr'>summa</span> <span class='ocrx_word' id='word_1_263' title='bbox 1423 1910 1467 1949; x_wconf 89' lang='lat' dir='ltr'>in</span> <span class='ocrx_word' id='word_1_264' title='bbox 1486 1917 1528 1949; x_wconf 85' lang='lat' dir='ltr'>te</span> 
     </span>
     <span class='ocr_line' id='line_1_32' title="bbox 96 1967 1528 2024; baseline -0.001 -15"><span class='ocrx_word' id='word_1_265' title='bbox 96 1967 238 2009; x_wconf 75' lang='lat' dir='ltr'>studia</span> <span class='ocrx_word' id='word_1_266' title='bbox 275 1967 503 2024; x_wconf 91' lang='lat' dir='ltr'>officiaque</span> <span class='ocrx_word' id='word_1_267' title='bbox 535 1977 753 2024; x_wconf 81' lang='lat' dir='ltr'>exspecta.</span> <span class='ocrx_word' id='word_1_268' title='bbox 791 1983 877 2009; x_wconf 88' lang='lat' dir='ltr'>non</span> <span class='ocrx_word' id='word_1_269' title='bbox 917 1967 1061 2008; x_wconf 84' lang='lat' dir='ltr'>fallam</span> <span class='ocrx_word' id='word_1_270' title='bbox 1103 1968 1352 2023; x_wconf 87' lang='lat' dir='ltr'>opinionem</span> <span class='ocrx_word' id='word_1_271' title='bbox 1395 1976 1528 2007; x_wconf 89' lang='lat' dir='ltr'>tuam.</span> 
     </span>
    </p>
   </div>
   <div class='ocr_carea' id='block_1_7' title="bbox 96 2021 1013 2140">
    <p class='ocr_par' dir='ltr' id='par_1_7' title="bbox 96 2021 1013 2140">
     <span class='ocr_line' id='line_1_33' title="bbox 96 2021 218 2064; baseline 0.008 -1"><span class='ocrx_word' id='word_1_272' title='bbox 96 2021 218 2064; x_wconf 90' lang='lat' dir='ltr'>Vale.</span> 
     </span>
     <span class='ocr_line' id='line_1_34' title="bbox 609 2102 1013 2140; baseline -0.002 0"><span class='ocrx_word' id='word_1_273' title='bbox 609 2102 1013 2140; x_wconf 80' lang='lat' dir='ltr'><strong>ARGUMENTUM.</strong></span> 
     </span>
    </p>
   </div>
   <div class='ocr_carea' id='block_1_8' title="bbox 101 2159 1536 2317">
    <p class='ocr_par' dir='ltr' id='par_1_8' title="bbox 101 2159 1536 2317">
     <span class='ocr_line' id='line_1_35' title="bbox 101 2159 1536 2214; baseline 0.003 -17"><span class='ocrx_word' id='word_1_274' title='bbox 101 2159 212 2199; x_wconf 76' lang='lat' dir='ltr'>Varia</span> <span class='ocrx_word' id='word_1_275' title='bbox 230 2163 302 2199; x_wconf 85' lang='lat' dir='ltr'>haec</span> <span class='ocrx_word' id='word_1_276' title='bbox 318 2166 549 2212; x_wconf 77' lang='lat' dir='ltr'>responsoria</span> <span class='ocrx_word' id='word_1_277' title='bbox 567 2167 724 2214; x_wconf 80' lang='lat' dir='ltr'>epistola</span> <span class='ocrx_word' id='word_1_278' title='bbox 745 2166 862 2201; x_wconf 78' lang='lat' dir='ltr'>habet.</span> <span class='ocrx_word' id='word_1_279' title='bbox 920 2166 1009 2200; x_wconf 82' lang='lat' dir='ltr'>Post</span> <span class='ocrx_word' id='word_1_280' title='bbox 1040 2169 1218 2200; x_wconf 80' lang='lat' dir='ltr'>moratum</span> <span class='ocrx_word' id='word_1_281' title='bbox 1250 2165 1433 2201; x_wconf 74' lang='lat' dir='ltr'>exordium</span> <span class='ocrx_word' id='word_1_282' title='bbox 1453 2167 1536 2213; x_wconf 78' lang='lat' dir='ltr'>agit</span> 
     </span>
     <span class='ocr_line' id='line_1_36' title="bbox 150 2215 1534 2265; baseline 0.002 -15"><span class='ocrx_word' id='word_1_283' title='bbox 150 2215 194 2250; x_wconf 85' lang='lat' dir='ltr'>de</span> <span class='ocrx_word' id='word_1_284' title='bbox 224 2217 418 2251; x_wconf 79' lang='lat' dir='ltr'>amicorum</span> <span class='ocrx_word' id='word_1_285' title='bbox 443 2218 548 2265; x_wconf 80' lang='lat' dir='ltr'>fide:</span> <span class='ocrx_word' id='word_1_286' title='bbox 577 2220 620 2254; x_wconf 84' lang='lat' dir='ltr'>cle</span> <span class='ocrx_word' id='word_1_287' title='bbox 654 2219 905 2253; x_wconf 73' lang='lat' dir='ltr'>Alexandrina</span> <span class='ocrx_word' id='word_1_288' title='bbox 940 2228 1075 2252; x_wconf 75' lang='lat' dir='ltr'>causa:</span> <span class='ocrx_word' id='word_1_289' title='bbox 1105 2218 1148 2252; x_wconf 85' lang='lat' dir='ltr'>cle</span> <span class='ocrx_word' id='word_1_290' title='bbox 1176 2218 1250 2252; x_wconf 76' lang='lat' dir='ltr'>suis</span> <span class='ocrx_word' id='word_1_291' title='bbox 1277 2218 1462 2253; x_wconf 78' lang='lat' dir='ltr'>consiliis:</span> <span class='ocrx_word' id='word_1_292' title='bbox 1492 2219 1534 2253; x_wconf 86' lang='lat' dir='ltr'>de</span> 
     </span>
     <span class='ocr_line' id='line_1_37' title="bbox 148 2269 1536 2317; baseline 0.004 -16"><span class='ocrx_word' id='word_1_293' title='bbox 148 2269 354 2304; x_wconf 81' lang='lat' dir='ltr'>constantia</span> <span class='ocrx_word' id='word_1_294' title='bbox 373 2270 526 2304; x_wconf 80' lang='lat' dir='ltr'>tenenda</span> <span class='ocrx_word' id='word_1_295' title='bbox 540 2284 553 2305; x_wconf 91' lang='lat'>.·</span> <span class='ocrx_word' id='word_1_296' title='bbox 583 2271 626 2305; x_wconf 84' lang='lat' dir='ltr'>de</span> <span class='ocrx_word' id='word_1_297' title='bbox 643 2271 732 2317; x_wconf 81' lang='lat' dir='ltr'>reip.</span> <span class='ocrx_word' id='word_1_298' title='bbox 749 2274 849 2305; x_wconf 81' lang='lat' dir='ltr'>statu</span> <span class='ocrx_word' id='word_1_299' title='bbox 864 2285 876 2305; x_wconf 86' lang='lat'>.·</span> <span class='ocrx_word' id='word_1_300' title='bbox 905 2270 949 2304; x_wconf 80' lang='lat' dir='ltr'>de</span> <span class='ocrx_word' id='word_1_301' title='bbox 981 2269 1109 2304; x_wconf 70' lang='lat' dir='ltr'>Tulliae</span> <span class='ocrx_word' id='word_1_302' title='bbox 1134 2270 1295 2316; x_wconf 75' lang='lat' dir='ltr'>nuptiis:</span> <span class='ocrx_word' id='word_1_303' title='bbox 1325 2270 1368 2304; x_wconf 82' lang='lat' dir='ltr'>de</span> <span class='ocrx_word' id='word_1_304' title='bbox 1389 2269 1536 2306; x_wconf 70' lang='lat' dir='ltr'>Lentuli.</span> 
     </span>
    </p>
   </div>
   <div class='ocr_carea' id='block_1_9' title="bbox 135 2319 1351 2429">
    <p class='ocr_par' dir='ltr' id='par_1_9' title="bbox 135 2319 1351 2429">
     <span class='ocr_line' id='line_1_38' title="bbox 175 2319 235 2355; baseline 0.033 -2"><span class='ocrx_word' id='word_1_305' title='bbox 175 2319 235 2355; x_wconf 78' lang='lat' dir='ltr'>lio.</span> 
     </span>
     <span class='ocr_line' id='line_1_39' title="bbox 135 2319 1351 2429; baseline 0.001 -2"><span class='ocrx_word' id='word_1_306' title='bbox 135 2319 174 2367; x_wconf 73' lang='lat' dir='ltr'><em>fi</em></span> <span class='ocrx_word' id='word_1_307' title='bbox 297 2385 364 2427; x_wconf 91' lang='lat' dir='ltr'>M.</span> <span class='ocrx_word' id='word_1_308' title='bbox 385 2385 437 2428; x_wconf 90' lang='lat' dir='ltr'>T.</span> <span class='ocrx_word' id='word_1_309' title='bbox 460 2386 512 2428; x_wconf 85' lang='lat' dir='ltr'>C.</span> <span class='ocrx_word' id='word_1_310' title='bbox 550 2387 600 2428; x_wconf 93' lang='lat' dir='ltr'>P.</span> <span class='ocrx_word' id='word_1_311' title='bbox 623 2386 908 2429; x_wconf 88' lang='lat' dir='ltr'>LENTULO</span> <span class='ocrx_word' id='word_1_312' title='bbox 932 2386 1192 2428; x_wconf 83' lang='lat' dir='ltr'>PROCOS.</span> <span class='ocrx_word' id='word_1_313' title='bbox 1224 2387 1269 2428; x_wconf 87' lang='lat' dir='ltr'>S.</span> <span class='ocrx_word' id='word_1_314' title='bbox 1294 2386 1351 2428; x_wconf 93' lang='lat' dir='ltr'>D.</span> 
     </span>
    </p>
   </div>
   <div class='ocr_carea' id='block_1_10' title="bbox 97 2437 1532 2569">
    <p class='ocr_par' dir='ltr' id='par_1_10' title="bbox 97 2437 1532 2569">
     <span class='ocr_line' id='line_1_40' title="bbox 101 2437 1530 2510; baseline 0.001 -16"><span class='ocrx_word' id='word_1_315' title='bbox 101 2437 264 2495; x_wconf 86' lang='lat' dir='ltr'>LEGI</span> <span class='ocrx_word' id='word_1_316' title='bbox 285 2463 376 2494; x_wconf 88' lang='lat' dir='ltr'>tuas</span> <span class='ocrx_word' id='word_1_317' title='bbox 399 2454 582 2496; x_wconf 85' lang='lat' dir='ltr'>litteras:</span> <span class='ocrx_word' id='word_1_318' title='bbox 613 2455 769 2510; x_wconf 88' lang='lat' dir='ltr'>quibus</span> <span class='ocrx_word' id='word_1_319' title='bbox 792 2455 844 2495; x_wconf 87' lang='lat' dir='ltr'>ad</span> <span class='ocrx_word' id='word_1_320' title='bbox 868 2469 935 2495; x_wconf 92' lang='lat' dir='ltr'>me</span> <span class='ocrx_word' id='word_1_321' title='bbox 956 2454 1122 2504; x_wconf 84' lang='lat' dir='ltr'>scribis,</span> <span class='ocrx_word' id='word_1_322' title='bbox 1135 2464 1305 2510; x_wconf 84' lang='lat' dir='ltr'>gratum</span> <span class='ocrx_word' id='word_1_323' title='bbox 1329 2455 1407 2495; x_wconf 89' lang='lat' dir='ltr'>tibi</span> <span class='ocrx_word' id='word_1_324' title='bbox 1427 2469 1530 2501; x_wconf 84' lang='lat' dir='ltr'>esse,</span> 
     </span>
     <span class='ocr_line' id='line_1_41' title="bbox 97 2511 1532 2569; baseline 0.001 -17"><span class='ocrx_word' id='word_1_325' title='bbox 97 2511 213 2567; x_wconf 86' lang='lat' dir='ltr'>quod</span> <span class='ocrx_word' id='word_1_326' title='bbox 235 2512 384 2552; x_wconf 87' lang='lat' dir='ltr'>crebro</span> <span class='ocrx_word' id='word_1_327' title='bbox 406 2513 562 2553; x_wconf 84' lang='lat' dir='ltr'>certior</span> <span class='ocrx_word' id='word_1_328' title='bbox 584 2527 658 2568; x_wconf 89' lang='lat' dir='ltr'>per</span> <span class='ocrx_word' id='word_1_329' title='bbox 680 2527 747 2553; x_wconf 90' lang='lat' dir='ltr'>me</span> <span class='ocrx_word' id='word_1_330' title='bbox 768 2511 844 2552; x_wconf 90' lang='lat' dir='ltr'>fias</span> <span class='ocrx_word' id='word_1_331' title='bbox 868 2512 922 2552; x_wconf 91' lang='lat' dir='ltr'>de</span> <span class='ocrx_word' id='word_1_332' title='bbox 943 2511 1144 2552; x_wconf 87' lang='lat' dir='ltr'>omuibus</span> <span class='ocrx_word' id='word_1_333' title='bbox 1164 2513 1305 2563; x_wconf 90' lang='lat' dir='ltr'>rebus,</span> <span class='ocrx_word' id='word_1_334' title='bbox 1324 2521 1366 2552; x_wconf 89' lang='lat' dir='ltr'>et</span> <span class='ocrx_word' id='word_1_335' title='bbox 1392 2526 1532 2569; x_wconf 75' lang='lat' dir='ltr'>meam</span> 
     </span>
    </p>
   </div>
   <div class='ocr_carea' id='block_1_11' title="bbox 97 2623 1539 2789">
    <p class='ocr_par' dir='ltr' id='par_1_11' title="bbox 97 2623 1539 2789">
     <span class='ocr_line' id='line_1_42' title="bbox 139 2623 1539 2664; baseline 0 -9"><span class='ocrx_word' id='word_1_336' title='bbox 139 2625 176 2655; x_wconf 80' lang='lat'>21</span> <span class='ocrx_word' id='word_1_337' title='bbox 195 2623 492 2664; x_wconf 75' lang='lat' dir='ltr'>proeterminimus]</span> <span class='ocrx_word' id='word_1_338' title='bbox 509 2624 618 2655; x_wconf 82' lang='lat' dir='ltr'>Debet</span> <span class='ocrx_word' id='word_1_339' title='bbox 632 2634 699 2655; x_wconf 78' lang='lat' dir='ltr'>esse</span> <span class='ocrx_word' id='word_1_340' title='bbox 711 2634 795 2664; x_wconf 82' lang='lat' dir='ltr'>prae-</span> <span class='ocrx_word' id='word_1_341' title='bbox 879 2627 920 2654; x_wconf 84' lang='lat'>22</span> <span class='ocrx_word' id='word_1_342' title='bbox 942 2633 1041 2663; x_wconf 78' lang='lat' dir='ltr'>quam</span> <span class='ocrx_word' id='word_1_343' title='bbox 1061 2634 1135 2654; x_wconf 82' lang='lat' dir='ltr'>mea</span> <span class='ocrx_word' id='word_1_344' title='bbox 1155 2626 1245 2655; x_wconf 84' lang='lat' dir='ltr'>salus</span> <span class='ocrx_word' id='word_1_345' title='bbox 1262 2624 1335 2663; x_wconf 65' lang='grc' dir='ltr'>δια]</span> <span class='ocrx_word' id='word_1_346' title='bbox 1354 2623 1469 2654; x_wconf 92' lang='lat' dir='ltr'>Addidi</span> <span class='ocrx_word' id='word_1_347' title='bbox 1485 2634 1539 2655; x_wconf 78' lang='lat' dir='ltr'>sa·-</span> 
     </span>
     <span class='ocr_line' id='line_1_43' title="bbox 97 2666 1538 2706; baseline -0.001 -10"><span class='ocrx_word' id='word_1_348' title='bbox 97 2667 332 2696; x_wconf 74' lang='lat' dir='ltr'>ter-mittemus.-</span> <span class='ocrx_word' id='word_1_349' title='bbox 369 2666 507 2696; x_wconf 77' lang='lat' dir='ltr'>refertur</span> <span class='ocrx_word' id='word_1_350' title='bbox 528 2667 615 2697; x_wconf 89' lang='lat' dir='ltr'>enim</span> <span class='ocrx_word' id='word_1_351' title='bbox 640 2667 680 2697; x_wconf 84' lang='lat' dir='ltr'>ad</span> <span class='ocrx_word' id='word_1_352' title='bbox 704 2667 795 2697; x_wconf 85' lang='lat' dir='ltr'>futu·</span> <span class='ocrx_word' id='word_1_353' title='bbox 840 2667 890 2696; x_wconf 80' lang='lat' dir='ltr'>lus</span> <span class='ocrx_word' id='word_1_354' title='bbox 911 2675 984 2696; x_wconf 86' lang='lat' dir='ltr'>cum</span> <span class='ocrx_word' id='word_1_355' title='bbox 1008 2666 1157 2697; x_wconf 75' lang='lat' dir='ltr'>Graevio:</span> <span class='ocrx_word' id='word_1_356' title='bbox 1180 2667 1266 2705; x_wconf 85' lang='lat' dir='ltr'>quod</span> <span class='ocrx_word' id='word_1_357' title='bbox 1288 2672 1320 2695; x_wconf 94' lang='lat' dir='ltr'>et</span> <span class='ocrx_word' id='word_1_358' title='bbox 1346 2675 1457 2696; x_wconf 82' lang='lat' dir='ltr'>sensus</span> <span class='ocrx_word' id='word_1_359' title='bbox 1478 2676 1538 2706; x_wconf 86' lang='lat' dir='ltr'>po·-</span> 
     </span>
     <span class='ocr_line' id='line_1_44' title="bbox 98 2707 1539 2748; baseline 0.001 -10"><span class='ocrx_word' id='word_1_360' title='bbox 98 2717 183 2738; x_wconf 76' lang='lat' dir='ltr'>rum.</span> <span class='ocrx_word' id='word_1_361' title='bbox 199 2714 289 2743; x_wconf 86' lang='lat' dir='ltr'>ante,</span> <span class='ocrx_word' id='word_1_362' title='bbox 299 2708 383 2748; x_wconf 82' lang='lat' dir='ltr'>quod</span> <span class='ocrx_word' id='word_1_363' title='bbox 392 2709 460 2738; x_wconf 80' lang='lat' dir='ltr'>sine</span> <span class='ocrx_word' id='word_1_364' title='bbox 474 2708 673 2739; x_wconf 77' lang='lat' dir='ltr'>dubitatione</span> <span class='ocrx_word' id='word_1_365' title='bbox 674 2708 797 2748; x_wconf 80' lang='lat' dir='ltr'>faciet.</span> <span class='ocrx_word' id='word_1_366' title='bbox 841 2707 945 2738; x_wconf 78' lang='lat' dir='ltr'>stulat</span> <span class='ocrx_word' id='word_1_367' title='bbox 959 2713 993 2738; x_wconf 88' lang='lat' dir='ltr'>et</span> <span class='ocrx_word' id='word_1_368' title='bbox 1008 2709 1222 2738; x_wconf 79' lang='lat' dir='ltr'>concinnitas.</span> <span class='ocrx_word' id='word_1_369' title='bbox 1245 2708 1320 2738; x_wconf 85' lang='lat' dir='ltr'>Fuit</span> <span class='ocrx_word' id='word_1_370' title='bbox 1337 2708 1371 2737; x_wconf 88' lang='lat' dir='ltr'>in</span> <span class='ocrx_word' id='word_1_371' title='bbox 1384 2707 1447 2738; x_wconf 89' lang='lat' dir='ltr'>Ms.</span> <span class='ocrx_word' id='word_1_372' title='bbox 1460 2709 1539 2739; x_wconf 85' lang='lat' dir='ltr'>Vat.</span> 
     </span>
     <span class='ocr_line' id='line_1_45' title="bbox 99 2749 1537 2789; baseline 0.002 -10"><span class='ocrx_word' id='word_1_373' title='bbox 99 2754 136 2780; x_wconf 81' lang='lat' dir='ltr'>et</span> <span class='ocrx_word' id='word_1_374' title='bbox 149 2750 297 2788; x_wconf 77' lang='lat' dir='ltr'>sequitur</span> <span class='ocrx_word' id='word_1_375' title='bbox 311 2751 504 2780; x_wconf 76' lang='lat' dir='ltr'>resistemus.</span> <span class='ocrx_word' id='word_1_376' title='bbox 549 2749 589 2780; x_wconf 88' lang='lat' dir='ltr'>In</span> <span class='ocrx_word' id='word_1_377' title='bbox 608 2751 644 2781; x_wconf 85' lang='lat' dir='ltr'><strong>M</strong></span> <span class='ocrx_word' id='word_1_378' title='bbox 647 2762 670 2781; x_wconf 79' lang='lat' dir='ltr'>s.</span> <span class='ocrx_word' id='word_1_379' title='bbox 687 2756 800 2781; x_wconf 86' lang='lat' dir='ltr'>nostro</span> <span class='ocrx_word' id='word_1_380' title='bbox 841 2755 954 2788; x_wconf 84' lang='lat' dir='ltr'>estque</span> <span class='ocrx_word' id='word_1_381' title='bbox 970 2750 1003 2779; x_wconf 90' lang='lat' dir='ltr'>in</span> <span class='ocrx_word' id='word_1_382' title='bbox 1019 2751 1067 2780; x_wconf 88' lang='lat' dir='ltr'>ed.</span> <span class='ocrx_word' id='word_1_383' title='bbox 1082 2750 1171 2780; x_wconf 89' lang='lat' dir='ltr'>Med.</span> <span class='ocrx_word' id='word_1_384' title='bbox 1187 2749 1272 2780; x_wconf 89' lang='lat' dir='ltr'>unde</span> <span class='ocrx_word' id='word_1_385' title='bbox 1288 2750 1321 2779; x_wconf 91' lang='lat' dir='ltr'>in</span> <span class='ocrx_word' id='word_1_386' title='bbox 1336 2759 1422 2789; x_wconf 88' lang='lat' dir='ltr'>seqq.</span> <span class='ocrx_word' id='word_1_387' title='bbox 1436 2751 1537 2782; x_wconf 75' lang='lat' dir='ltr'>venit.</span> 
     </span>
    </p>
   </div>
   <div class='ocr_carea' id='block_1_12' title="bbox 98 2791 1540 2874">
    <p class='ocr_par' dir='ltr' id='par_1_12' title="bbox 98 2791 1540 2874">
     <span class='ocr_line' id='line_1_46' title="bbox 98 2791 1540 2834; baseline 0 -11"><span class='ocrx_word' id='word_1_388' title='bbox 98 2791 112 2823; x_wconf 72' lang='lat' dir='ltr'>i</span> <span class='ocrx_word' id='word_1_389' title='bbox 126 2796 175 2820; x_wconf 81' lang='lat' dir='ltr'>est</span> <span class='ocrx_word' id='word_1_390' title='bbox 199 2801 218 2821; x_wconf 90' lang='lat' dir='ltr'>a</span> <span class='ocrx_word' id='word_1_391' title='bbox 242 2802 286 2822; x_wconf 84' lang='lat' dir='ltr'>in.</span> <span class='ocrx_word' id='word_1_392' title='bbox 302 2801 365 2833; x_wconf 75' lang='lat' dir='ltr'>sec.</span> <span class='ocrx_word' id='word_1_393' title='bbox 387 2798 422 2824; x_wconf 89' lang='lat' dir='ltr'>et</span> <span class='ocrx_word' id='word_1_394' title='bbox 444 2793 479 2824; x_wconf 90' lang='lat' dir='ltr'>in</span> <span class='ocrx_word' id='word_1_395' title='bbox 501 2792 613 2825; x_wconf 80' lang='lat' dir='ltr'>litura.</span> <span class='ocrx_word' id='word_1_396' title='bbox 628 2794 740 2834; x_wconf 84' lang='lat' dir='ltr'>itaque</span> <span class='ocrx_word' id='word_1_397' title='bbox 753 2793 800 2825; x_wconf 84' lang='lat' dir='ltr'>sic</span> <span class='ocrx_word' id='word_1_398' title='bbox 842 2791 974 2823; x_wconf 85' lang='lat' dir='ltr'>Delevit</span> <span class='ocrx_word' id='word_1_399' title='bbox 988 2792 1104 2824; x_wconf 86' lang='lat' dir='ltr'>deinde</span> <span class='ocrx_word' id='word_1_400' title='bbox 1118 2792 1295 2830; x_wconf 78' lang='lat' dir='ltr'>Victorius,</span> <span class='ocrx_word' id='word_1_401' title='bbox 1311 2792 1366 2832; x_wconf 85' lang='lat' dir='ltr'>qui</span> <span class='ocrx_word' id='word_1_402' title='bbox 1380 2796 1415 2823; x_wconf 84' lang='lat' dir='ltr'>et</span> <span class='ocrx_word' id='word_1_403' title='bbox 1426 2796 1472 2824; x_wconf 74' lang='lat' dir='ltr'>est</span> <span class='ocrx_word' id='word_1_404' title='bbox 1485 2792 1540 2823; x_wconf 73' lang='lat' dir='ltr'>de-</span> 
     </span>
     <span class='ocr_line' id='line_1_47' title="bbox 105 2830 1029 2874; baseline 0.001 -10"><span class='ocrx_word' id='word_1_405' title='bbox 105 2830 273 2864; x_wconf 72' lang='lat' dir='ltr'>odidimm.</span> <span class='ocrx_word' id='word_1_406' title='bbox 842 2833 892 2865; x_wconf 84' lang='lat' dir='ltr'>dit</span> <span class='ocrx_word' id='word_1_407' title='bbox 904 2843 964 2874; x_wconf 85' lang='lat' dir='ltr'>pro</span> <span class='ocrx_word' id='word_1_408' title='bbox 977 2834 1029 2866; x_wconf 64' lang='lat' dir='ltr'>rit.</span> 
     </span>
    </p>
   </div>
  </div>
 </body>
</html>
