1817 3196
373 101 454 140 AD
480 101 522 138 C.
551 97 886 142 CURIONEM,
914 97 989 135 ET
1013 97 1200 136 ALIOS.
1477 103 1528 140 49

88 213 218 261 quam
240 205 382 256 misit3
413 205 465 246 ad
487 217 612 259 quem
638 203 905 259 intelligebat
931 201 1024 256 ejus
1049 200 1145 249 belli
1169 200 1402 256 perieulum
1427 217 1520 257 per-

91 264 238 303 tinere.
296 261 483 302 Tantum
505 261 558 302 de
580 270 789 317 auguratu
814 260 888 300 filii
909 259 972 300 sui
996 258 1167 313 scripsit
1184 258 1237 298 ad
1262 272 1348 299 me:
1374 259 1414 298 in
1435 275 1519 314 quo
1531 274 1560 303 p.
1578 266 1631 298 29.

89 333 173 374 ego
197 319 487 360 misericordia
512 329 770 370 commotus,
806 327 850 358 et
887 316 1000 372 quod
1039 329 1205 370 semper
1238 315 1561 358 amicissimusa·

90 375 250 417 Bibulo
273 375 350 426 fui,
383 376 479 416 dedi
511 389 701 430 operam,
734 385 778 416 ut
808 375 846 415 ei
877 388 1003 429 quam
1037 371 1343 413 humanissime
1365 374 1524 414 seribe-

89 446 194 473 rem.
259 431 334 473 [lle
357 432 388 473 si
414 433 614 473 omnibus
636 443 700 473 est
713 430 1100 485 malivolus,(quod
1121 444 1354 484 numquam
1374 431 1526 471 existi-

87 489 238 539 mavi,)
264 490 402 530 minus
425 488 620 531 offendor
648 489 689 529 in
724 503 816 530 me:
850 489 914 529 sin
937 498 1080 528 autem
1103 501 1128 527 a
1148 500 1216 526 me
1235 495 1300 526 est
1322 486 1523 539 alienior3

87 545 197 586 nihil
219 547 296 587 tibi
330 561 436 587 meae
468 547 621 588 litterae
655 547 902 602 proderunt.
965 544 1093 595 Nam,
1125 544 1177 584 ad
1201 553 1395 584 senatum
1419 559 1523 599 quas

89 602 272 644 Bibulus
303 603 463 645 litteras
497 605 626 654 misit,
669 605 708 643 in
743 604 807 653 iis,
839 601 1007 657 39quod
1047 600 1151 641 mihi
1190 615 1286 642 cum
1320 600 1391 641 illo
1432 611 1523 642 erat

86 674 330 711 commune,
354 661 434 701 sibi
459 661 535 702 soli
559 660 781 702 attribuit:
814 674 857 700 se
879 661 938 699 ait
960 672 1142 709 curasse,
1167 668 1212 698 ut
1234 673 1332 699 eum
1356 669 1524 713 quaestu

86 717 235 773 populi
257 718 438 773 pecunia
457 726 781 774 permutaretur.
803 720 844 747 40
859 716 974 771 quod
993 725 1136 756 autem
1156 730 1297 756 meum
1317 726 1408 756 erat
1428 731 1526 772 pro-

86 775 243 830 prium,
268 783 314 815 ut
336 774 476 815 alariis
498 774 813 830 Transpadanis
834 775 894 813 uti
912 788 1127 830 negarem,
1148 773 1189 814 id
1212 774 1341 813 etiam
1366 774 1527 829 populo

86 845 130 872 se
154 831 363 872 remisisse
390 833 553 874 scribit.
585 832 700 887 quod
727 846 824 872 vero
850 831 959 871 illius
994 840 1084 871 erat
1115 830 1259 881 solius,
1282 831 1325 871 id
1358 845 1528 872 mecum

86 890 379 930 communicat
397 907 407 941 ς
443 888 666 945 Equitibus
686 888 932 939 auxiliariis,
956 888 1111 943 inquit,
1133 903 1221 928 cum
1243 886 1528 945 ampliusjrw

83 946 209 987 menti
223 946 532 1000 postularemus.
597 946 706 987 Illud
741 961 838 987 vero
864 945 1004 1001 pusilli
1037 945 1184 996 animi,
1216 954 1260 985 et
1282 946 1375 1002 ipsa
1407 946 1528 987 mali-

87 1003 275 1044 volentia
290 1003 432 1059 Jejuni
455 1012 583 1059 atque
618 1004 770 1053 inanis,
803 1003 920 1059 quod
954 1002 1306 1053 Ariobarzanem,
1340 1003 1442 1057 quia
1464 1018 1528 1045 se-

86 1072 213 1101 natus
247 1075 321 1116 per
363 1075 429 1101 me
468 1075 613 1117 regem
649 1060 899 1117 appellavit,
945 1060 1138 1115 mihique
1190 1060 1527 1113 commendavit,

83 1119 120 1148 41
138 1117 218 1159 iste
241 1118 284 1159 in
308 1117 460 1158 litteris
484 1133 567 1158 non
595 1131 751 1173 regem,
772 1118 842 1158 sed
860 1119 970 1173 regis
985 1117 1288 1157 Ariobarzanis
1306 1117 1438 1157 filium
1453 1133 1530 1174 ap-

88 1174 230 1230 pellat.
293 1174 388 1216 Hoc
410 1175 546 1216 animo
567 1175 638 1230 qui
657 1182 764 1225 sunt,
786 1175 998 1216 deteriores
1004 1174 1123 1227 fiunt
1144 1174 1296 1229 rogati.
1339 1175 1423 1215 Sed
1444 1176 1525 1217 tibi

83 1246 245 1273 morem
270 1232 408 1287 gessi:
441 1232 602 1272 litteras
625 1232 677 1272 ad
705 1245 803 1272 eum
838 1232 1003 1287 scripsi,
1026 1244 1131 1287 quas
1165 1245 1263 1271 eum
1299 1233 1530 1287 acceperis,

84 1289 216 1330 facies
237 1289 354 1343 quod
378 1287 506 1329 voles.
567 1289 686 1329 Vale.

598 1378 1003 1418 ARGUMENTUM.
1546 1374 1593 1411 18

84 1443 183 1480 Asiae
195 1443 417 1491 propraetori
433 1443 573 1483 suadet,
592 1447 633 1478 ut
652 1444 820 1479 decedens
839 1448 1049 1491 quoestorem
1070 1443 1206 1491 potius,
1226 1454 1335 1490 quam
1353 1443 1527 1491 legatum,

594 1497 791 1542 provintias
804 1497 994 1544 praeficiat.

87 1560 156 1603 Μ.
194 1560 246 1603 Τ.
287 1561 338 1603 C.
382 1561 874 1660 ΙΜΡΕὶῖΑᾘἏἘΙΩὲ
915 1561 1189 1660 ἘΗΕΗΜΟ
1242 1562 1534 1613 PROPRAE-

85 1674 405 1734 OFFICIUM
438 1707 579 1734 meum
620 1708 722 1749 erga
758 1693 1033 1744 Rhodonem,
1064 1698 1414 1748 ceteraque'mea
1442 1703 1530 1736 stu-

83 1749 168 1800 dia,
190 1765 285 1805 quae
311 1750 389 1791 tibi
413 1765 462 1791 ac
485 1751 568 1791 tuis
592 1751 791 1806 praestiti,
816 1751 910 1800 tibi,
931 1750 1095 1791 homini
1120 1751 1382 1807 gratissimo,
1407 1762 1530 1808 grata

84 1821 189 1857 esse,
211 1807 485 1849 vehementer
507 1808 697 1864 gaudeo:
722 1807 915 1862 mihique
938 1808 1047 1850 scito
1064 1808 1104 1848 in
1129 1808 1219 1848 dies
1239 1808 1392 1863 majori
1413 1824 1529 1851 curae

82 1877 174 1904 esse
195 1864 452 1919 dignitatem
477 1876 618 1906 tuam:
651 1880 747 1920 quae
772 1865 945 1920 quidem
975 1880 1000 1905 a
1033 1873 1074 1905 te
1098 1866 1190 1922 ipso
1215 1865 1464 1920 integritate
1484 1876 1529 1908 et

83 1921 310 1962 clementia
330 1931 403 1962 tua
422 1921 482 1963 sic
504 1922 766 1978 amplificata
787 1932 866 1974 est,
902 1932 947 1962 ut
982 1922 1090 1962 nihil
1113 1922 1211 1963 addi
1235 1937 1360 1978 posse
1384 1924 1527 1965 videa-

83 1987 166 2023 tur,
229 1979 311 2019 Sed
335 1979 440 2019 mihi
467 1981 603 2035 magis
628 1980 850 2036 magisque
881 1979 1076 2036 quotidie
1103 1979 1156 2020 de
1178 1980 1417 2024 rationibus
1442 1982 1526 2022 tuis

83 2036 310 2092 cogitanti,
334 2035 473 2092 placet
498 2037 598 2078 illud
623 2052 763 2078 meum
787 2037 1030 2088 consilium,
1052 2037 1166 2092 quod
1188 2036 1312 2078 initio
1331 2037 1527 2081 Aristoni

84 2105 246 2144 nostro,
270 2103 317 2133 ut
340 2094 392 2134 ad
417 2108 482 2134 me
506 2095 636 2146 venit,
659 2094 853 2135 ostendi:
886 2109 1037 2150 graves
1062 2104 1103 2134 te
1122 2104 1420 2150 suscepturum
1444 2097 1526 2136 ini.-

85 2149 287 2199 micitias‚
311 2152 343 2190 si
367 2151 612 2193 adolescens
634 2162 785 2207 potens
807 2161 851 2192 et
873 2151 1029 2192 nobilis
1051 2166 1076 2191 a
1098 2161 1139 2191 te
1161 2151 1402 2207 ignominia
1423 2153 1526 2194 affe·
1537 2149 1570 2180 b,

85 2217 180 2247 ctus
202 2215 327 2247 esset.
350 2217 392 2248 et
424 2207 564 2250 hercle
597 2210 687 2250 sine
708 2209 841 2250 dubio
864 2209 945 2250 erit
968 2209 1222 2264 ignominia.
1257 2209 1390 2250 habes
1412 2211 1528 2252 enim

84 2263 302 2304 neminem
326 2263 498 2305 honoris
535 2266 668 2321 gradu
694 2266 970 2322 superiorem.
1032 2265 1108 2307 Ille
1141 2275 1300 2318 autem,
1332 2274 1378 2307 ut
1400 2269 1529 2308 omit-

87 2329 176 2361 tam
207 2320 494 2372 nobilitatem,
516 2322 600 2364 hoc
631 2323 723 2379 ipso
756 2324 890 2364 vincit
924 2323 1038 2364 viros
1072 2324 1276 2379 optimos,
1311 2323 1530 2366 homines-

86 2392 168 2435 que
191 2378 583 2432 innocentissimos,
615 2379 780 2437 legatos
816 2390 927 2432 tuOS,
957 2380 1073 2436 quod
1109 2391 1152 2422 et
1182 2391 1372 2437 quaestor
1391 2392 1470 2434 est,
1489 2392 1533 2423 et

127 2515 168 2547 39
190 2514 274 2553 quod
294 2514 374 2544 mihi
396 2525 423 2545 c.
449 2516 474 2545 τ’.
501 2525 527 2545 e.
551 2525 719 2546 commune
731 2516 791 2546 sibi
835 2525 923 2553 mox,
949 2517 982 2547 in
998 2517 1099 2547 tertia
1121 2520 1226 2556 parte,
1249 2526 1359 2548 rursus
1383 2518 1427 2548 sit
1448 2527 1532 2548 vero.

87 2556 158 2595 soli]
185 2555 270 2586 Ante
293 2557 351 2586 stoi
376 2557 567 2594 addiderim,
590 2558 675 2596 quod
690 2563 738 2588 est
755 2559 790 2588 in
835 2558 929 2596 bene,
941 2560 1070 2599 opinor,
1083 2559 1240 2589 deleatur.
1254 2565 1325 2589 tum
1337 2570 1410 2589 vero
1425 2569 1534 2590 meum

86 2598 202 2628 ceteris
231 2599 384 2628 membris
401 2600 565 2636 omnibus,
590 2601 635 2636 ἑά,
654 2601 739 2639 quod
753 2606 788 2632 et
824 2602 1012 2641 propriam,
1039 2610 1106 2631 non
1134 2600 1229 2631 credo
1257 2611 1325 2631 esse
1356 2603 1436 2631 bene
1456 2601 1533 2632 lati-

87 2648 164 2670 mox
194 2640 228 2669 in
257 2641 320 2671 Ms.
347 2645 459 2672 nostro
484 2642 603 2672 excidit
627 2643 661 2672 in
683 2643 789 2676 altera
832 2653 924 2678 num.
941 2644 1147 2676 scribendum
1165 2653 1273 2673 meum
1284 2644 1437 2683 propriu
1455 2644 1533 2676 alibi

87 2685 193 2722 parte,
209 2683 292 2721 quod
305 2687 414 2714 aufem
431 2685 491 2714 ἃς.
539 2684 597 2715 Ed.
615 2684 711 2715 Rom.
735 2685 790 2717 Jo.
834 2689 934 2717 etiam
951 2686 985 2716 in
1001 2686 1061 2716 hoc
1077 2686 1173 2715 verbo
1190 2691 1360 2725 peccatum
1384 2693 1532 2726 est.pro-

89 2723 173 2763 Spir.
202 2726 291 2759 1469.
318 2728 407 2758 1471.
439 2729 529 2760 1477.
558 2727 697 2758 haben&
721 2737 792 2767 quoe
827 2730 944 2769 prium
959 2728 1105 2768 postulat
1123 2729 1213 2757 mihi.

88 2766 306 2796 mihi-erant
320 2769 516 2799 communia.
856 2773 895 2802 41
931 2770 1004 2810 iste]
1032 2770 1188 2801 Refertur
1215 2769 1255 2799 ad
1281 2772 1434 2805 senatun·
1472 2770 1535 2804 ita.

132 2809 173 2854 40
201 2809 291 2855 *quod
318 2814 429 2840 aurem
457 2821 565 2841 meam
604 2816 677 2842 erat
710 2821 789 2852 pro.
832 2823 894 2855 que
909 2814 974 2854 ipse
989 2812 1117 2844 videtur
1133 2821 1200 2843 esse
1216 2811 1342 2844 debere.

84 2856 214 2890 prtum-1
240 2850 317 2881 Non
341 2852 419 2882 satis
442 2852 550 2892 placet
573 2858 696 2893 autem,
712 2864 786 2887 cum

150 2905 256 2933 voL.
281 2907 357 2935 111.
381 2908 420 2936 Ρ.
447 2909 481 2937 1.
802 2910 830 2940 F.
