1903 3218
346 90 422 129 274
679 81 861 122 EPIST.
887 79 1073 120 LIBER
1100 78 1460 134 UNDECIMUS

380 188 474 230 lica:
495 185 740 238 consulatis,
761 201 868 228 neve
892 185 1225 227 misericordiam
1247 192 1452 233 nostram,
1472 180 1772 235 exercitusque

347 245 498 294 nostri,
522 246 565 286 in
593 244 709 286 civili
737 244 1014 291 dissensione,
1038 243 1204 284 sceleris
1233 241 1329 282 loco
1361 239 1544 295 ponatis.
1607 236 1775 285 Quodsi

350 302 497 343 salutis
535 302 728 343 omnium
758 316 807 342 ae
837 301 1059 357 dignitatis
1090 300 1298 340 rationem
1328 295 1591 339 habueritis:
1624 293 1775 335 melius

351 370 395 400 et
417 359 537 400 vobis
567 368 610 399 et
641 357 888 413 reipublic-ce
918 357 1163 399 consuletis.
1224 355 1340 397 Data
1371 368 1447 395 111.
1472 351 1569 394 Kal.
1590 365 1616 392 a
1638 350 1778 392 Ponte

353 415 587 472 Argenteo,
621 450 624 452 ,
647 415 812 455 Valete.

637 667 720 719 M,
754 666 1035 720 TULLII
1077 663 1502 719 CICERONIS

527 791 1044 857 EPISTO
1095 787 1572 856 LARUM

927 921 1111 963 LIBER
1138 921 1228 964 XL

1048 1029 1103 1053 An

701 1119 763 1165 D.
798 1117 1089 1165 BRUTUM
1126 1117 1210 1164 ET
1239 1117 1449 1165 ALIOS.

332 1356 348 1390 1
880 1341 1281 1379 ARGUMENTUM.

365 1415 539 1452 Decimus
559 1414 694 1450 Brutus
713 1411 865 1448 Albinus
893 1411 1054 1446 habitum
1081 1423 1159 1446 cum
1178 1411 1315 1450 Hirtio,
1336 1411 1524 1457 designato
1551 1411 1704 1453 consule,
1722 1423 1799 1448 ser·

416 1478 555 1502 monem
585 1466 758 1512 exponit:
785 1463 1008 1510 postulatam
1036 1475 1059 1497 a
1088 1473 1124 1497 se
1155 1463 1370 1510 legationem
1406 1464 1554 1499 liberam
1586 1464 1796 1513 significat:

416 1530 519 1554 suum
548 1518 738 1552 consilium>
773 1516 939 1554 ostendit,
967 1515 1023 1549 vel
1057 1516 1287 1560 migrandum
1321 1525 1363 1550 ex
1391 1514 1505 1550 Italia
1539 1526 1622 1556 esse,
1651 1516 1706 1550 vel
1729 1527 1797 1563 po-

417 1570 628 1605 stulandum
658 1568 844 1617 publicum
875 1568 911 1601 in
946 1566 1031 1601 urbe
1062 1567 1284 1613 praesidz‘um.
1340 1567 1501 1602 Antonio
1535 1571 1572 1602 'et
1603 1566 1802 1603 Dola'bella

422 1634 530 1658 coss.

471 1687 529 1729 D.
553 1685 794 1727 BRUTUS
827 1683 1036 1725 BRUTO
1069 1684 1186 1726 SUO
1219 1684 1293 1726 ET
1324 1685 1378 1726 C.
1400 1684 1630 1737 CASSIO,
1662 1685 1706 1726 S.

374 1744 528 1820 QUO
551 1761 594 1801 in
627 1768 739 1800 statu
774 1759 920 1808 simus,
951 1757 1216 1813 cognoscite.
1277 1757 1385 1799 Heri
1410 1758 1573 1814 vesperi
1595 1758 1707 1814 apud
1734 1772 1804 1800 me

373 1819 544 1862 Hirtius
568 1816 674 1858 fuit:
698 1831 783 1871 qua
803 1825 945 1855 mente
966 1824 1077 1854 esset
1098 1813 1329 1865 Antonius,
1351 1815 1686 1866 demonstravit;
1708 1829 1804 1870 pes-

373 1879 481 1918 sima
513 1874 676 1915 scilicet
705 1881 748 1913 et
778 1871 1083 1912 infidelissima.
1146 1871 1255 1911 Nam
1282 1886 1325 1911 se
1345 1886 1483 1927 neque
1505 1871 1608 1912 mihi
1633 1872 1807 1927 provin-

374 1934 485 1975 ciam
517 1931 616 1972 dare
648 1943 771 1986 posse
801 1929 957 1979 aiebat,
980 1942 1116 1982 neque
1147 1928 1358 1980 arbitrari,
1382 1939 1475 1969 tuto
1508 1929 1548 1968 in
1582 1930 1686 1969 urbe
1715 1942 1807 1969 esse

375 2002 634 2046 quemquam
665 1985 885 2027 nostrum:
917 1985 1022 2026 adeo
1044 1999 1135 2025 esse
1156 1985 1341 2025 militum
1364 1985 1604 2026 concitatos
1627 1985 1807 2035 animos,

376 2057 421 2088 et
444 2046 593 2103 plebis.
647 2042 805 2090 ¹Quod
830 2051 1056 2096 utrumque
1079 2056 1168 2082 esse
1199 2041 1366 2092 falsum,
1392 2052 1495 2097 puto
1519 2057 1593 2083 vos
1616 2042 1811 2082 animad-

379 2113 566 2144 vertere:
599 2110 727 2155 atque
758 2099 861 2140 illud
891 2112 981 2139 esse
1014 2113 1174 2149 verum,
1196 2100 1312 2153 quod
1345 2099 1516 2140 Hirtius
1545 2098 1809 2140 demonstra-

378 2161 479 2212 bat3
512 2160 661 2200 timere
695 2171 808 2207 eum,
832 2170 899 2205 ne,
922 2156 956 2196 si
990 2156 1204 2197 mediocre
1236 2156 1444 2196 auxilium
1478 2156 1702 2212 dignitatis
1734 2169 1812 2196 no*

381 2227 479 2258 strae
504 2215 813 2264 habuissemus,
837 2213 997 2254 ‘2nullae
1029 2222 1169 2268 partes
1194 2213 1244 2253 iis
1276 2213 1319 2253 in
1353 2212 1571 2268 republica
1600 2213 1810 2267 relinque-

380 2284 540 2315 rentur.
602 2272 715 2312 Cum
746 2272 786 2310 in
820 2269 886 2310 his
917 2270 1127 2326 angustiis
1150 2284 1350 2321 versarer,
1375 2271 1576 2325 placitum
1599 2279 1663 2310 est
1688 2268 1810 2318 mihi,

381 2340 429 2371 ut
452 2328 710 2386 postularem
733 2327 992 2383 legationem
1019 2327 1193 2367 liberam
1219 2327 1340 2377 milii,
1363 2327 1619 2381 reliquisque
1639 2328 1811 2376 nostris,

381 2396 431 2428 ut
452 2387 593 2440 aliqua
613 2400 741 2426 causa
771 2384 1069 2439 proficiscendi
1103 2384 1280 2424 honesta
1301 2393 1575 2439 quaereretur.
1635 2382 1747 2424 Haec
1769 2397 1813 2423 se

384 2445 711 2499 impetraturum
738 2436 951 2495 pollicitus
972 2451 1060 2482 est:
1094 2455 1171 2481 nec
1194 2450 1335 2481 tamen
1360 2441 1686 2494 impetraturum
1709 2455 1813 2480 con-

386 2502 498 2542 fido:
531 2508 651 2540 tanta
688 2508 752 2538 est
790 2497 1013 2538 hominum
1051 2497 1279 2538 insolentia
1314 2506 1357 2538 et
1397 2497 1530 2537 nostri
1571 2496 1812 2538 insectatio.

256 2558 454 2610 11.162.Ac
483 2557 516 2598 si
542 2554 749 2605 dederint,
770 2554 884 2608 quod
918 2555 1119 2610 petimus,
1141 2563 1283 2595 tamen
1316 2552 1459 2609 paullo
1491 2562 1590 2608 post
1622 2552 1814 2604 futurum

346 2620 376 2640 a.

439 2675 449 2701 1
488 2670 587 2711 ‚Quod
611 2666 801 2706 utrumque]
834 2666 924 2696 Libri
954 2666 1085 2706 quidam
1170 2668 1189 2696 ‘2
1211 2668 1310 2696 παίζω
1324 2669 1439 2706 partes
1458 2666 1498 2696 iis
1511 2667 1533 2697 i.
1548 2676 1581 2697 r.
1595 2666 1641 2706 r.]
1666 2666 1816 2707 Quibus?

393 2724 454 2744 scr.
472 2715 549 2744 item
573 2711 644 2742 edd.
662 2711 757 2741 Rom.
774 2709 858 2739 Ven.
879 2709 969 2742 1469.
996 2712 1085 2742 1471.
1128 2713 1209 2748 puto
1231 2709 1301 2745 sibi,
1324 2715 1364 2738 ut
1391 2713 1425 2738 et
1446 2708 1527 2738 vidit
1548 2708 1741 2746 Lambinus,
1764 2709 1815 2739 vel

393 2758 544 2795 Quorum
567 2758 634 2784 mr.
653 2752 737 2791 quod
759 2750 902 2792 praetulit
926 2751 1083 2782 Groevius.
1127 2751 1206 2785 suis,
1220 2760 1238 2779 e
1254 2760 1318 2789 quo
1340 2751 1464 2781 factum
1479 2749 1609 2780 videtur
1629 2751 1691 2790 his,
1708 2756 1746 2782 ut
1767 2757 1817 2782 est

394 2798 489 2828 sorte
503 2802 680 2836 utrumque
695 2798 740 2824 est
760 2804 775 2825 a
793 2792 982 2834 glossatore.
1130 2794 1163 2822 'm
1177 2792 1259 2825 Mas.
1277 2794 1395 2823 nostris
1409 2795 1444 2823 et
1457 2791 1528 2824 edd.
1541 2796 1625 2824 vett.
