1817 3196
218 84 267 120 92
575 80 754 124 EPIST.
782 79 969 119 LIBER
993 80 1272 123 QUARTUS

217 183 339 226 dem:
372 192 430 236 et,
452 184 524 239 qui
547 194 673 226 antea
693 194 768 226 aut
787 185 980 226 obscuris
1002 184 1266 237 horninibus,
1293 195 1368 228 aut
1395 186 1524 227 etiam
1547 199 1643 228 son-

216 241 333 282 tibus
355 242 554 296 opitulari
579 252 785 297 poteram,
807 256 921 282 nunc
945 240 994 283 P.
1024 242 1218 298 Nigidio,
1243 243 1316 284 uni
1347 243 1538 284 omnium
1568 243 1644 283 do-

216 298 409 339 ctissimo
431 307 474 339 et
488 299 779 362 sanctissimo,
800 307 844 338 et
866 299 1055 339 maxima
1075 299 1291 353 quondam
1311 300 1463 355 gratia,
1483 298 1643 339 42m1h1

215 363 330 396 certe
371 355 646 404 amicissimo,
689 368 741 395 ne
784 355 970 410 benigne
1010 355 1182 409 quidem
1225 356 1412 412 polliceri
1453 369 1642 411 possum.

218 410 334 467 Ergo
369 412 450 452 hoc
482 422 673 467 ereptum
712 420 776 451 est
809 388 1045 454 litterarum
1083 425 1231 466 genus.
1294 412 1522 468 Reliquum
1565 420 1645 462 est,

214 470 256 499 43
271 479 317 508 ut
339 468 547 518 consoler,
570 476 614 508 et
635 466 809 508 afferam
831 468 1032 518 rationes,
1054 468 1208 521 quibus
1234 478 1275 510 te
1296 484 1320 509 a
1343 468 1548 510 molestiis
1570 483 1643 509 co-

213 539 291 565 ner
320 525 545 565 abducere.
606 522 666 565 At
696 538 745 564 ea
774 523 947 579 quidem
979 522 1158 564 facultas
1181 525 1246 566 vel
1277 526 1353 576 tui,
1377 526 1442 566 vel
1472 525 1643 566 alterius

215 581 479 631 consolandi,
502 581 543 621 in
569 590 610 621 te
632 595 797 621 summa
817 590 895 630 est,
918 595 951 620 5ι
971 594 1174 634 umquam
1197 581 1238 622 in
1260 581 1343 623 ullo
1363 581 1458 623 fuit.
1492 581 1643 636 Itaque

213 652 307 679 eam
333 646 511 693 partem,
542 652 639 694 quae
662 637 716 678 ab
738 637 953 692 exquisita
973 637 1157 691 quadam
1180 638 1344 681 ratione
1374 648 1417 679 et
1447 639 1644 680 doctrina

214 694 517 749 proficiscitur,
549 709 634 734 non
666 694 902 749 attingam:
936 693 1015 734 tibi
1047 702 1181 734 totam
1213 694 1462 759 relinquam
1524 694 1643 742 Quid

215 751 271 791 sit
303 750 404 792 forti
437 761 479 792 et
513 751 694 814 sapienti
726 750 900 792 homine
929 751 1134 806 dignum:
1167 750 1270 807 quid
1306 752 1507 806 gravitas,
1540 751 1644 806 quid

215 807 397 848 altitudo
420 807 566 856 animi,
594 807 698 862 quid
731 817 827 848 acta
856 816 930 848 tua
951 808 1052 857 vita,
1083 807 1185 862 quid
1217 809 1371 859 studia,
1393 807 1495 863 quid
1517 817 1643 858 artes,

215 865 372 918 quibus
394 879 418 904 a
441 864 624 919 pueritia
645 863 844 914 floruisti,
867 879 891 904 a
914 872 955 904 te
977 863 1190 919 flagitent,
1221 874 1266 905 tu
1291 865 1470 906 videbis.
1533 863 1642 920 Ego,

214 920 331 975 quod
355 920 606 976 intelligere,
635 929 680 962 et
702 921 872 969 sentire,
903 920 1004 974 quia
1025 935 1118 961 sum
1142 919 1311 985 Romae,
1344 931 1386 963 et
1417 922 1517 977 quia
1540 935 1642 984 curo

215 953 518 1032 attend0q11e,⁰
519 991 706 1033 possum,
731 977 772 1018 id
796 977 874 1017 tibi
897 977 1089 1018 affirmo:
1115 986 1155 1018 te
1176 977 1217 1018 in
1241 978 1331 1019 istis
1355 977 1609 1042 molestiis,
1599 992 1644 1019 in

214 1035 371 1098 quibus
394 1048 438 1076 es
462 1034 544 1075 hoc
567 1044 774 1090 tempore,
797 1048 882 1074 non
905 1033 1066 1073 diutius
1090 1031 1306 1085 futurum3
1339 1035 1383 1076 in
1407 1035 1458 1076 iis
1480 1043 1641 1085 autem,

213 1091 257 1132 in
277 1092 433 1146 quibus
447 1092 575 1132 etiam
591 1106 667 1132 nos
671 1105 841 1155 ,ειη-ηπ,
860 1089 1039 1131 fortasse
1055 1103 1221 1146 semper
1234 1090 1339 1133 fore.
1362 1091 1522 1132 Videor
1535 1091 1641 1132 mihi

214 1148 456 1205 perspicere
472 1162 652 1204 primum
670 1162 802 1204 ipsius
816 1147 1021 1196 animum,
1034 1161 1106 1201 qui
1127 1147 1355 1204 plurimum
1369 1157 1526 1203 potest
1545 1162 1643 1202 pro-

172 1206 204 1239 b·
218 1219 393 1260 pensum
418 1205 469 1246 ad
493 1205 670 1245 salutem
697 1214 829 1245 tuam.
891 1204 990 1245 Non
1024 1203 1165 1244 scribo
1195 1203 1277 1244 hoc
1309 1212 1480 1246 temere.
1541 1204 1643 1251 Quo

214 1277 356 1303 minus
380 1261 600 1302 familiaris
622 1276 730 1312 sum,
751 1261 834 1302 hoc
857 1274 948 1300 sum
972 1260 1024 1301 ad
1048 1260 1391 1316 investigandum
1419 1262 1641 1302 curiosior.

217 1319 319 1366 Quo
343 1319 526 1369 facilius,
555 1318 712 1373 quibus
734 1327 799 1359 est
821 1317 983 1367 iratior,
1016 1317 1272 1373 respondere
1302 1318 1463 1359 tristius
1491 1318 1642 1374 possit,

214 1375 299 1417 hoc
318 1385 383 1416 est
401 1375 541 1416 adhuc
560 1375 719 1416 tardior
735 1375 788 1416 ad
803 1383 844 1415 te
861 1373 1056 1415 molestia
1075 1373 1355 1416 liberandum.
1395 1375 1640 1417 Familiares

215 1447 317 1473 vero
350 1433 458 1487 ejuS‚
487 1440 531 1472 et
562 1432 589 1473 ii
624 1432 813 1486 quidem,
845 1431 918 1485 qui
950 1430 1008 1471 illi
1035 1431 1338 1485 jucundissimi
1371 1443 1483 1483 sunt,
1515 1432 1642 1473 mira-

215 1489 360 1531 biliter
381 1489 433 1530 de
457 1499 498 1529 te
519 1497 561 1529 et
583 1488 832 1542 loquuntur,
853 1497 896 1528 et
915 1488 1120 1529 sentiunt.
1151 1486 1334 1528 Accedit
1354 1489 1504 1530 eodem
1525 1488 1641 1544 vulgi

215 1545 430 1610 voluntaS,
463 1545 529 1586 vel
568 1545 711 1601 potius
739 1558 970 1586 consensus
1005 1544 1215 1585 omnium.
1262 1544 1391 1586 etiam
1426 1545 1510 1596 illa,
1544 1560 1640 1601 qua:

214 1603 442 1644 minimum
466 1616 580 1643 nunc
602 1601 774 1657 quidem
799 1609 955 1657 potest,
984 1601 1055 1642 sed
1088 1601 1223 1657 possit
1250 1616 1420 1644 necesse
1448 1610 1527 1653 est,
1556 1616 1642 1644 res-

214 1660 404 1716 publica,
427 1673 717 1716 quascumque
742 1660 848 1699 vires
871 1658 1063 1708 habebit,
1092 1660 1146 1699 ab
1177 1673 1228 1699 ns
1253 1659 1371 1714 ipsis,
1400 1659 1556 1715 quibus
1579 1667 1640 1700 te-

214 1725 355 1768 netur,
388 1717 440 1757 de
479 1725 520 1757 te
555 1715 805 1779 propediem
835 1715 961 1767 (mihi
992 1714 1135 1762 crede)
1167 1715 1429 1771 impetrabit.
1494 1715 1641 1757 Redeo

214 1774 349 1830 igitur
371 1773 422 1814 ad
446 1773 503 1823 id,
528 1783 573 1813 ut
589 1787 680 1827 jam
703 1772 780 1813 tibi
800 1773 929 1813 etiam
950 1772 1151 1834 pollicear
1169 1772 1344 1827 aliquid,
1366 1773 1480 1828 quod
1501 1773 1640 1830 primo

215 1831 458 1872 omiseram.
520 1830 634 1871 Nam
668 1839 711 1870 et
743 1829 1005 1885 complectar
1040 1843 1132 1883 ejus
1163 1828 1532 1880 familiarissimos,
1567 1831 1641 1886 qui

213 1902 285 1929 me
321 1887 554 1929 admodum
595 1886 797 1943 diligunt,
835 1886 1104 1941 multumque
1144 1900 1309 1927 mecum
1348 1896 1466 1928 sunt.
1515 1894 1559 1928 et
1597 1887 1641 1929 in

214 1945 349 2009 ipsius
372 1944 742 1993 consuetudinem,
773 1957 899 1998 quam
932 1943 1073 1984 adhuc
1095 1957 1214 1984 meus
1238 1943 1375 1999 pudor
1396 1943 1501 1985 mihi
1525 1943 1641 1985 clau-

215 2003 286 2052 sit,
310 2002 562 2042 insinuabo:
594 2009 636 2041 et
666 2009 781 2041 certe
811 2014 959 2041 omnes
983 2000 1070 2041 vias
1104 2014 1343 2055 persequar,
1375 2001 1530 2057 quibus
1562 2015 1641 2057 pu-

215 2060 319 2099 tabo
350 2059 400 2100 ad
435 2059 492 2108 id,
523 2058 638 2113 quod
662 2057 871 2107 volumus,
904 2058 1124 2113 pervenire
1155 2071 1292 2113 posse.
1354 2057 1405 2103 In
1438 2058 1519 2099 hoc
1549 2067 1640 2099 toto

215 2129 371 2171 genere
405 2115 525 2171 plura
557 2114 726 2164 faciam,
765 2128 894 2168 quam
931 2115 1113 2155 scribere
1145 2114 1308 2156 audeo:
1350 2123 1506 2165 cetera,
1542 2129 1640 2170 quae

214 2172 295 2215 tibi
319 2187 344 2213 a
367 2172 510 2213 multis
535 2182 703 2227 promta
724 2185 814 2212 esse
836 2180 953 2212 certo
976 2172 1080 2222 scio,
1102 2186 1127 2211 a
1148 2185 1215 2212 me
1238 2182 1337 2212 sunt
1355 2171 1639 2227 paratissima.

214 2229 323 2270 nihil
347 2229 388 2269 in
413 2243 455 2269 re
477 2228 676 2269 familiari
704 2243 800 2269 mea
828 2238 907 2278 est,
936 2228 1050 2283 quod
1080 2243 1162 2284 ego
1193 2242 1333 2269 meum
1364 2227 1510 2269 malim
1533 2242 1639 2279 esse,

215 2300 345 2340 quam
369 2295 504 2326 tuum.
566 2286 664 2327 Hac
685 2285 737 2325 de
759 2299 817 2336 re,
839 2295 882 2325 et
903 2284 955 2326 de
978 2285 1060 2325 hoc
1086 2299 1240 2340 genere
1262 2293 1370 2336 toto,
1392 2284 1475 2326 hoc
1497 2284 1638 2325 scribo

214 2342 401 2399 parcius,
431 2341 546 2405 quod
570 2352 625 2392 te,
659 2341 702 2383 id
723 2342 869 2395 quod
862 2356 951 2397 ipse
979 2342 1166 2393 confido,
1196 2355 1365 2398 sperare
1393 2340 1518 2391 malo,
1548 2355 1639 2382 esse

214 2413 390 2441 usurum
416 2400 512 2439 tuis.
566 2398 818 2439 Extremum
843 2398 943 2439 illud
965 2408 1044 2448 est,
1066 2408 1114 2439 ut
1137 2408 1179 2440 te
1199 2413 1315 2440 orem
1338 2407 1381 2438 et
1403 2397 1637 2448 obsecrem,

213 2457 359 2498 animo
394 2464 440 2497 ut
475 2456 666 2496 maximo
700 2455 779 2497 sis:
812 2470 890 2496 nec
920 2469 969 2495 ea
1000 2455 1136 2496 solum
1168 2455 1424 2504 memineris,
1455 2469 1551 2508 quae
1584 2455 1639 2495 ab

213 2513 307 2554 aliis
339 2513 506 2569 magnis
531 2513 633 2553 viris
666 2512 886 2575 accepisti,
918 2512 988 2552 sed
1020 2511 1091 2552 illa
1111 2512 1256 2561 etiam,
1286 2514 1435 2566 ⁴4quae
1459 2524 1548 2566 ipse
1573 2511 1638 2551 in-

213 2571 342 2627 genio
375 2570 602 2625 studioque
636 2570 854 2624 peperisti,
915 2569 1026 2615 Quae
1064 2568 1097 2609 si
1131 2568 1336 2624 colliges3
1372 2577 1415 2608 et
1448 2568 1637 2622 sperabis

251 2686 293 2714 42
315 2689 345 2714 ee
368 2684 447 2714 mihi
471 2682 568 2722 certe]
596 2686 627 2712 et
647 2680 820 2712 delendum
843 2684 904 2712 est.
946 2681 971 2710 si
988 2685 1101 2712 tamen
1115 2691 1134 2712 a
1149 2681 1320 2713 Cicerone.
1345 2681 1408 2710 Ms.
1423 2681 1485 2711 Gu.
1502 2683 1531 2712 2.
1548 2680 1637 2711 addit

210 2725 302 2756 abest
324 2725 387 2755 Ms.
410 2730 533 2756 nostro.
560 2725 639 2755 item
663 2724 748 2753 infra
767 2729 798 2754 et
820 2727 906 2753 certe
945 2733 1014 2762 ego.

211 2777 317 2800 omnes
332 2769 402 2797 vias
412 2777 602 2807 persequar,
622 2765 795 2796 delendum
811 2770 902 2805 puto.
987 2768 1029 2795 44
1050 2775 1119 2804 qnoe
1141 2764 1406 2807 ipse—peperisti]
1432 2775 1460 2795 v.
1487 2764 1576 2797 Clav.
1604 2765 1639 2800 in

253 2812 294 2842 43
317 2814 354 2840 ut
369 2810 520 2850 consoler]
548 2809 671 2841 Durius
686 2809 842 2840 omissum
857 2812 903 2838 te:
939 2817 1073 2848 parere.
