1860 3228
565 75 754 113 COELII
781 74 862 112 AD
888 72 1279 112 CICERONEM.
1565 81 1636 117 195

203 180 340 237 magis
362 178 526 234 scripsi,
550 188 598 219 ut
617 178 670 219 ad
694 177 807 218 hunc
829 185 1030 218 eventum
1057 184 1097 216 te
1119 190 1301 232 parares.
1354 176 1460 217 Fere
1481 177 1632 221 litteris

201 239 400 279 omnibus
423 235 502 276 tibi
526 235 578 276 de
601 233 816 290 pantheris
839 234 1004 289 scripsi.
1029 242 1153 288 turpe
1185 233 1262 273 tibi
1292 232 1388 283 erit,
1415 232 1632 278 Patiscum

200 293 378 335 Curioni
411 292 559 333 decem
595 289 820 346 pantheras
854 291 1032 339 misisse,
1063 299 1104 330 te
1139 304 1225 330 non
1258 289 1403 330 multis
1437 291 1629 345 partibus

198 351 366 406 plures:
398 363 502 404 quas
534 349 645 403 ipsas
680 346 813 388 Curio
853 347 977 399 mihi,
1003 355 1046 387 et
1083 346 1185 387 alias
1218 345 1444 386 Africanas
1480 347 1625 388 decem
1640 358 1670 389 b.

194 407 397 448 donavit:
429 419 482 445 ne
514 412 637 460 putes
671 403 789 444 illum
823 413 988 445 tantum
1022 403 1183 459 praedia
1204 403 1363 444 rustica
1383 403 1482 443 dare
1505 404 1626 446 scire.

193 462 274 515 Tu,
297 464 364 504 6si
402 462 529 502 modo
563 461 769 502 memoria
800 462 1000 512 tenueris,
1036 471 1079 501 et
1114 460 1342 516 Cibyratas
1374 460 1626 512 arcessieris,

192 521 380 575 itemque
416 519 458 559 in
498 516 785 573 Pamphiliam
820 518 981 559 litteras
1020 518 1200 568 miseris,
1233 522 1351 570 (narn
1387 517 1446 557 ibi
1487 516 1625 572 plures

190 577 287 632 capi
320 577 474 626 aiunt,)
495 575 609 630 quod
644 574 756 615 voles
789 575 963 616 efficies.
1026 574 1126 615 Hoc
1151 574 1444 615 vehementius
1476 573 1624 615 laboro

188 647 318 683 nunc,
341 633 454 687 quod
489 646 677 672 seorsum
711 647 736 672 a
767 631 934 688 collega
967 642 1071 688 puto
1105 631 1211 672 mihi
1244 631 1389 672 omnia
1422 632 1621 686 paranda.

188 689 358 730 Amabo
382 698 437 739 te,
460 689 622 743 impera
651 689 730 729 tibi
767 689 849 729 hoc
881 703 1010 730 curae.
1072 687 1191 729 Soles
1223 688 1420 738 libenter,
1444 698 1491 728 ut
1524 702 1622 744 ego,

185 746 392 801 majorem
427 755 592 801 partem
628 744 735 786 nihil
769 759 931 786 curare.
994 744 1045 786 In
1075 744 1159 785 hoc
1189 746 1366 802 negotio
1397 744 1512 786 nulla
1535 755 1621 797 tua,

183 803 265 844 nisi
289 803 506 857 loquendi,
531 816 634 843 cura
654 812 733 853 est,
756 802 870 843 7hoc
899 812 978 854 est,
1001 802 1236 858 imperandi
1262 803 1323 856 [et
1353 802 1619 856 mandandi}

184 858 299 903 Nam
322 859 447 900 simul
470 869 599 914 atque
620 867 746 900 erunt
773 869 912 915 captae
932 876 941 901 ε
974 859 1044 914 qui
1069 858 1185 900 alant
1206 873 1291 910 eas,
1313 869 1356 899 et
1377 860 1620 914 deportent,

179 915 312 958 habes
335 931 422 966 eos,
443 931 550 971 quos
573 916 625 958 ad
649 916 878 957 Sittianam
911 916 1203 972 syngrapham
1236 917 1347 957 misi.
1410 916 1523 957 Puto
1555 927 1619 957 et-

181 973 282 1025 iam,
305 973 338 1014 si
362 973 489 1014 ullam
512 987 631 1028 spem
652 972 759 1013 mihi
792 973 944 1014 litteris
981 973 1230 1023 ostenderis,
1255 988 1321 1013 me
1356 973 1438 1014 isto
1465 973 1617 1014 missu-

180 1044 275 1071 rum
297 1029 417 1071 alios.
470 1029 538 1070 M.
562 1029 794 1080 Feridium,
817 1031 1006 1085 equitem
1031 1030 1292 1080 Romanum,
1314 1030 1440 1071 amici
1461 1030 1544 1071 mei
1568 1031 1617 1071 fi-

176 1085 298 1138 lium,
323 1088 485 1128 bonum
506 1096 550 1127 et
571 1096 788 1128 strenuum
813 1087 1142 1136 adolescentem,
1166 1087 1238 1142 qui
1262 1087 1314 1127 ad
1338 1102 1460 1128 suum
1483 1101 1617 1143 nego-

177 1144 286 1191 tium
325 1144 437 1185 istuc
467 1144 599 1194 venit,
627 1143 706 1184 tibi
746 1144 1030 1185 commendo:
1062 1153 1105 1183 et
1141 1155 1180 1183 te
1209 1154 1330 1199 rogo,
1355 1154 1401 1184 ut
1435 1158 1533 1185 eum
1570 1146 1615 1185 in¹

177 1208 350 1242 tuorum
372 1215 550 1241 numero
580 1200 751 1240 habeas.
811 1199 969 1255 Agros,
993 1202 1133 1254 8quos
1166 1199 1423 1241 fructuarios
1455 1201 1616 1242 habent

174 1257 387 1307 civitates,
410 1257 500 1298 vult
533 1265 607 1297 tuo
643 1255 869 1306 beneficio,
892 1256 1006 1311 quod
1045 1257 1123 1296 tibi
1158 1256 1283 1296 facile
1315 1267 1353 1297 et
1384 1257 1614 1298 honestum

173 1312 293 1355 factu
328 1322 408 1363 est,
435 1313 646 1353 immunes
680 1326 785 1352 esse.
820 1322 964 1367 gratos
997 1323 1040 1353 et
1074 1314 1209 1353 bonos
1245 1314 1356 1353 viros
1390 1314 1471 1354 tibi
1504 1314 1614 1354 obli-

171 1370 300 1425 garis.
362 1369 477 1410 Nolo
513 1379 554 1410 te
588 1379 751 1425 putare,
778 1369 1015 1410 Favonium
1052 1385 1077 1410 a
1110 1370 1386 1411 columnariis
1421 1372 1613 1426 praeteri-

172 1437 264 1467 tum
294 1431 450 1468 9esse:
487 1427 677 1482 optimus
713 1426 894 1482 quisque
932 1441 1030 1467 eum
1069 1441 1157 1467 nou
1195 1426 1313 1468 fecit.
1378 1427 1611 1483 Pompeius

170 1493 268 1524 tuus
305 1493 451 1539 aperte
489 1482 756 1524 10Caesarem
798 1494 913 1524 vetat
945 1493 987 1524 et
1026 1484 1294 1539 provinciam
1334 1493 1478 1525 tenere
1509 1500 1608 1526 cum

169 1540 378 1591 exercitu,
401 1550 444 1580 et
476 1539 694 1580 consulem
731 1553 836 1580 esse.
870 1550 1012 1580 tamen
1048 1540 1159 1581 hanc
1192 1542 1448 1582 sententiam
1481 1541 1609 1593 dixit,

167 1597 332 1638 nullum
364 1597 449 1638 hoc
483 1606 674 1651 tempore
707 1596 1126 1638 senatusconsultum
1156 1596 1425 1639 faciendum:
1461 1598 1609 1654 Scipio

166 1653 294 1704 hanc,
336 1663 381 1694 ut
418 1653 600 1694 Kalend.
639 1652 829 1705 Martiis,
870 1654 988 1708 11[de
1025 1654 1257 1709 provinciis
1298 1654 1486 1707 Galliis,]
1525 1665 1609 1697 neu

166 1711 271 1765 quid
313 1710 580 1764 conjunctim
624 1709 866 1752 referretur.
929 1710 1216 1752 Contristavit
1257 1711 1352 1752 haec
1396 1713 1610 1752 sententia

166 1766 350 1808 Balbum
385 1767 660 1809 Cornelium:
693 1777 736 1807 et
767 1769 871 1818 scio,
899 1782 996 1808 eum
1029 1776 1230 1822 questum
1260 1782 1352 1808 esse
1380 1782 1480 1808 cum
1514 1768 1608 1809 Sci-

164 1824 308 1880 pione.
358 1823 565 1865 Canidius
587 1824 629 1864 in
653 1823 902 1865 defensione
925 1839 1000 1865 sua
1022 1823 1105 1865 fuit
1127 1824 1445 1876 disertissimus,
1468 1825 1513 1866 in
1536 1840 1606 1867 ac-

163 1881 388 1922 cusatione
410 1880 510 1922 satis
534 1880 732 1937 frigidus.

675 1970 1079 2008 ARGUMENTUM.
1621 1974 1670 2010 10

161 2032 299 2070 Scribit
325 2034 368 2069 de
395 2033 480 2069 belli
511 2034 680 2070 Parthici
710 2046 853 2069 rumore
885 2036 923 2070 in
950 2035 1058 2070 urhe:
1101 2034 1145 2069 tle
1158 2034 1356 2082 provinciis
1385 2034 1473 2080 quid
1496 2037 1601 2080 putet

211 2089 333 2121 actam
353 2087 424 2122 iri:
457 2087 500 2121 de
519 2086 684 2122 Curionis
702 2088 844 2121 actione
861 2087 958 2121 circa
979 2086 1202 2134 Campanum
1221 2097 1364 2132 agrum,
1384 2087 1427 2121 (le
1444 2097 1507 2121 suo
1524 2089 1601 2120 stu-

210 2138 283 2177 dio,
302 2149 347 2173 ne
367 2137 529 2173 Ciceroni
542 2139 733 2185 provincia
747 2142 975 2186 prorogetur.

197 2298 219 2328 6
239 2300 268 2329 εἰ
283 2298 373 2330 modo
387 2307 483 2328 mem.
499 2297 636 2337 teneres]
655 2298 788 2328 Coi-rexi
805 2302 851 2327 te-
937 2301 957 2331 9
988 2296 1065 2336 esse]
1101 2297 1203 2327 Abest
1236 2307 1256 2327 a
1284 2297 1478 2339 quibusdam
1506 2296 1596 2327 libris

154 2343 278 2378 muer-is,
296 2346 333 2371 ut
349 2342 421 2379 jam
446 2339 626 2370 Lambinus
642 2339 759 2376 voluit,
777 2340 853 2378 quia
895 2348 957 2368 scr.
986 2345 1019 2369 et
1048 2338 1120 2370 edd.
1147 2350 1197 2379 pr.
1220 2339 1307 2378 quod
1333 2339 1487 2369 brevitati
1511 2339 1544 2369 h.
1570 2338 1592 2369 l.

154 2383 326 2423 sequentia
354 2383 467 2412 omnia
495 2383 592 2422 hujus
620 2382 734 2412 formae
763 2387 851 2411 sunt.
897 2381 1015 2420 aptius.
1324 2399 1328 2406 .

155 2424 218 2456 Ed.
235 2425 324 2456 Med.
339 2425 438 2456 habet
452 2428 548 2455 tenes.
942 2425 978 2452 10
1012 2422 1171 2453 Caesurem
1197 2422 1301 2461 vetat]
1333 2422 1476 2453 Restitui
1501 2427 1594 2452 vetus

197 2470 218 2501 7
241 2469 273 2498 Ῑι.
290 2478 317 2498 e.
333 2469 412 2507 imp.
428 2471 460 2497 et
482 2465 677 2504 nzarzdandz']
704 2465 851 2496 Graevius
894 2468 995 2501 vetat,
1025 2476 1044 2495 a
1072 2465 1220 2495 victorio
1248 2466 1404 2505 ejectum,
1431 2465 1501 2494 sine
1528 2473 1592 2503 quo

155 2509 301 2540 malebat
321 2509 540 2546 amandandi,
563 2518 581 2538 e
606 2509 668 2538 ΜΞ.
687 2517 758 2538 suo.
785 2517 851 2538 non
894 2515 1006 2537 sensus
1022 2516 1088 2537 non
1104 2511 1247 2538 constat.

153 2550 325 2591 displicet:
348 2551 404 2582 sed
421 2551 523 2590 magis
548 2550 655 2591 placet
677 2549 741 2581 Ms.
758 2550 849 2580 Gorl.
940 2552 971 2578 ll
998 2549 1036 2579 de
1046 2550 1224 2588 provinciis
1245 2548 1377 2587 Galliis]
1405 2548 1477 2578 Hoc
1499 2547 1591 2578 abest

152 2592 254 2631 quiet
269 2602 315 2624 m.
331 2593 428 2633 plane
441 2592 541 2623 delet.
893 2601 912 2621 a
939 2591 1002 2621 Ms.
1029 2591 1122 2622 Gorl.
1148 2597 1184 2621 et
1207 2590 1271 2621 fuit
1296 2591 1377 2620 mihi
1402 2594 1590 2629 suspectum

197 2636 217 2664 8
231 2634 363 2674 quos-svn
377 2637 408 2666 Ιι.
420 2635 522 2674 civia]
540 2635 562 2664 i.
576 2645 604 2665 e.
621 2645 637 2664 e
651 2634 767 2674 quibus
782 2634 851 2664 fru·
892 2633 1015 2664 dudum
1029 2643 1088 2673 pro
1098 2633 1216 2673 glossa.
1229 2642 1307 2663 nam
1322 2632 1521 2669 intelligitur·
1531 2641 1591 2662 sua

153 2679 225 2706 ctus
257 2678 386 2717 publice
419 2677 555 2717 capiunt
587 2677 749 2713 civitates,
780 2686 848 2708 non
891 2680 1027 2716 sponte:
1062 2675 1236 2706 addidisset
1265 2674 1306 2704 ad
1335 2675 1590 2704 senatusconsul-

153 2726 280 2755 omnes,
295 2719 350 2750 sed
371 2729 431 2759 pro
453 2723 558 2759 parte,
575 2725 612 2749 ut
635 2719 667 2749 in
691 2719 845 2750 decimis:
891 2723 975 2753 tum,
991 2717 1017 2746 si
1033 2718 1169 2748 omnino
1186 2716 1340 2747 voluisset
1363 2715 1488 2747 addere.
1534 2716 1590 2747 ln-

153 2758 214 2788 nisi
232 2760 325 2791 malis
339 2760 539 2793 tributarios.
555 2765 770 2802 opponuntur
784 2762 846 2791 im-
891 2760 970 2794 clusi
989 2760 1091 2790 uncis.

155 2809 268 2833 munes
280 2811 368 2834 mox.

830 2849 908 2885 02
