1865 3223
254 1135 271 1162 10

296 1134 313 1164 —1

293 1184 311 1204 2>

337 109 415 144 396
572 104 751 144 EPIST.
779 105 966 144 LIBER
993 106 1540 158 QUINTUSDECIMUS

340 210 385 249 in
407 223 491 263 qua
512 209 675 251 26inest
696 210 838 265 aliqua
859 211 921 251 vis
949 210 1146 253 desiderii
1179 211 1231 252 ad
1263 210 1495 251 sanandum
1519 209 1670 251 vulnus
1703 211 1769 252 in-

333 265 479 321 juriae,
503 273 550 306 ut
583 266 738 318 faveas,
760 268 1016 323 adjutorque
1050 268 1120 319 sis,
1141 268 1256 324 quod
1289 267 1430 324 paullo
1463 277 1560 308 ante
1593 280 1660 307 me
1692 282 1766 308 ne-

339 337 486 379 garam
511 333 774 378 rogaturum,
798 325 1069 365 vehementer
1092 334 1132 365 te
1162 339 1292 379 rogo:
1325 324 1394 364 sed
1424 324 1498 374 ita,
1521 324 1554 363 si
1587 336 1673 364 non
1698 324 1768 378 je-

333 394 490 434 Jnnuin
522 379 604 421 hoc
638 381 781 421 nescio
803 382 920 435 quid,
942 381 1054 434 quod
1091 395 1172 436 ego
1195 381 1320 436 gessi,
1343 392 1385 421 et
1407 380 1768 422 contemnendum

342 437 571 486 videbitur,
595 437 664 477 sed
689 437 769 477 tale
794 448 920 491 atque
953 446 1134 487 tantum,
1157 447 1205 477 ut
1236 438 1373 487 multi,
1396 451 1662 501 nequaquam
1694 452 1768 492 pa-

342 493 458 534 ribus
482 494 620 543 1ebus‚
638 494 820 533 honores
844 507 1030 533 summos
1053 508 1077 533 a
1099 504 1246 534 senatu
1271 494 1488 534 consecuti
1513 494 1612 534 sint.
1636 492 1769 548 Equi-

341 551 435 591 dem
454 551 523 591 eti
516 565 583 590 ιιιι
607 550 711 589 mihi
736 549 835 590 illud
860 550 1049 589 animum
1073 550 1303 590 advertisse
1327 551 1491 592 videor:
1515 550 1616 602 (scis
1638 551 1769 600 enim,

339 622 467 663 quam
501 616 663 646 attente
703 615 743 646 te
776 607 921 647 audire
961 606 1163 655 soleamz)
1199 615 1239 646 te
1276 621 1360 646 non
1396 618 1480 648 tam
1513 621 1576 647 res
1612 615 1768 661 gestas,

340 678 464 718 quam
502 677 654 713 mores,
677 663 886 713 instituta,
915 674 1041 718 atque
1073 663 1202 704 vitam
1237 663 1538 717 imperatorum
1577 673 1768 718 spectare

340 721 488 770 solere,
512 720 552 759 in
577 719 799 768 habendis,
822 730 895 760 aut
920 735 1002 760 non
1032 719 1240 760 habendis
1273 719 1520 768 honoribus.
1581 720 1710 766 Quod
1734 720 1766 760 si

340 778 383 817 in
406 792 500 817 mea
522 791 649 818 causa
670 777 974 825 considerabis,
999 777 1194 830 reperies,
1217 791 1285 816 me
1320 776 1510 817 exercitu
1540 776 1768 826 imbecillo,

340 844 490 874 contra
513 842 670 874 metum
695 834 873 874 maximi
902 833 1011 882 belli,
1035 833 1325 874 firmissimum
1355 833 1598 888 praesidium
1635 834 1768 874 habu-

339 892 420 930 isse
443 891 691 945 aequitatem
714 900 756 930 et
778 890 1103 931 continentiam.
1167 890 1249 932 His
1272 904 1353 944 eoo
1384 889 1582 930 subsidiis
1604 904 1653 930 ea
1675 904 1766 930 sum

338 957 608 998 consecutus,
631 962 727 1002 qua:
758 947 883 987 nullis
917 947 966 987 le
958 947 1159 1002 gionibus
1192 947 1394 1001 consequi
1431 946 1688 1001 potuissem:
1721 958 1768 987 ut

338 1019 391 1044 ex
415 1004 683 1044 alienissimis
715 1004 841 1044 sociis
875 1004 1172 1054 amicissimos,
1195 1019 1248 1045 ex
1280 1003 1584 1044 infidelissimis
1615 1003 1769 1043 firmis-

340 1061 469 1102 simos
498 1061 732 1111 redderem]
755 1061 837 1101 ani:
831 1075 1004 1124 nosque
1038 1076 1242 1102 novarum
1276 1075 1415 1101 renum
1445 1060 1770 1115 exspectatione

319 1133 582 1183 ,suspensos,
620 1119 673 1158 ad
710 1118 863 1158 vetetis
906 1118 1072 1173 imperii
1118 1117 1450 1158 benivolentiam
1491 1117 1769 1158 traducerem.

318 1176 423 1217 -Sed
456 1176 583 1216 nimis
618 1175 711 1216 haec
744 1175 879 1215 multa
910 1175 962 1214 d(
996 1189 1076 1224 me,
1099 1175 1335 1230 praeseitim
1369 1174 1420 1214 ad
1456 1182 1509 1224 te,
1532 1189 1555 1214 a
1577 1188 1662 1237 quo
1684 1188 1770 1214 uno

337 1233 528 1273 omnium
554 1232 766 1273 soci01um
789 1232 943 1287 querel
938 1248 971 1272 ιι)
996 1233 1250 1273 audiuntur:
1283 1245 1518 1286 cognosces
1540 1245 1593 1271 ex
1618 1230 1769 1285 ns‚qui

335 1290 441 1330 meis
478 1290 686 1330 institutis
721 1304 763 1329 se
798 1300 1006 1329 ι··ιρειοιιω5
1044 1299 1209 1344 putant.
1272 1287 1468 1342 Cumque
1501 1302 1648 1328 omnes
1686 1302 1770 1328 uno

336 1361 469 1402 piope
501 1360 708 1387 consensu
743 1345 794 1386 (le
827 1360 893 1385 mc
924 1346 1035 1400 apud
1071 1356 1110 1386 te
1140 1360 1203 1394 ea
1235 1360 1331 1399 quae
1364 1345 1468 1385 mihi
1501 1344 1771 1400 optatissima

336 1414 449 1454 sunt,
474 1404 793 1458 praedicabunt:
831 1412 920 1441 tum
952 1403 1048 1442 duae
1081 1403 1282 1443 maximae
1315 1401 1524 1442 clientelae
1558 1410 1657 1451 ture,
1683 1401 1769 1455 Cy-

336 1475 434 1516 pius
460 1460 594 1500 insula
615 1471 657 1499 et
681 1459 943 1514 Cappadoci
937 1476 971 1499 ιιι
996 1473 1175 1514 regnum
1198 1472 1339 1499 tecum
1363 1458 1415 1498 de
1438 1472 1505 1498 me
1527 1458 1768 1512 loquentur.

335 1527 440 1572 puto
463 1517 534 1557 eti
526 1531 592 1557 ιιιιι
616 1530 758 1571 recem
786 1515 931 1556 Deiot
923 1530 965 1555 ιι
972 1530 1055 1565 ιιιιι
1079 1516 1150 1570 qui
1189 1515 1259 1556 uni
1292 1515 1371 1555 tibi
1401 1523 1467 1554 est
1488 1515 1675 1554 maxime
1699 1528 1770 1555 ne-

333 1589 557 1615 cessitius
597 1574 707 1619 Quae
732 1573 764 1612 si
788 1572 916 1613 etiam
943 1573 1090 1626 major
1082 1588 1105 1612 ιι
1125 1582 1250 1614 sunt:
1283 1581 1326 1612 et
1347 1572 1388 1611 in
1413 1571 1613 1611 omnibus
1635 1585 1770 1611 saecu-

332 1630 382 1671 lis
417 1631 637 1687 paucioies
668 1630 747 1670 viri
781 1629 937 1684 reperti
970 1640 1083 1680 sunt,
1111 1630 1183 1684 qui
1216 1643 1310 1669 snas
1342 1629 1615 1684 cupiditateS‚
1640 1642 1768 1682 quam

333 1688 405 1742 qui
441 1688 629 1728 hostium
656 1687 802 1742 copias
827 1698 1072 1727 vincenent:
1105 1696 1169 1727 est
1201 1685 1395 1749 profecto
1428 1696 1565 1735 tuum,
1586 1698 1684 1725 cum
1715 1684 1769 1725 ad

333 1759 397 1785 res
434 1745 607 1785 bellicas
641 1744 750 1793 haec,
782 1758 878 1797 quae
913 1744 1071 1783 rariora
1102 1754 1145 1783 et
1187 1741 1430 1783 difficiliora
1465 1751 1578 1791 sunt,
1612 1755 1770 1796 genera

336 1801 503 1842 virtutis
537 1800 834 1855 adjunxeris,
826 1815 938 1854 ipsas
961 1801 1090 1840 etiam
1123 1799 1212 1840 illas
1246 1814 1309 1840 res
1338 1808 1494 1854 gestas,
1519 1798 1768 1853 27justiores

332 1868 376 1898 et
398 1858 580 1922 majores
604 1866 767 1912 putare.
830 1856 1085 1897 Extremum
1116 1857 1215 1897 illud
1245 1865 1323 1907 est,
1345 1865 1406 1905 ut,
1428 1855 1547 1910 quasi
1570 1854 1768 1895 diffidens

331 1915 548 1970 rogationi
573 1929 694 1964 meae,
718 1912 1036 1977 philosophiam
1069 1913 1121 1954 ad
1154 1923 1194 1953 te
1218 1912 1422 1968 allegem.
1455 1927 1540 1967 qua
1562 1926 1638 1952 nec
1660 1910 1766 1951 mihi

333 1987 471 2012 caum
504 1971 588 2012 ulla
620 1985 821 2025 umquam
858 1984 921 2010 les
953 1970 993 2010 in
1020 1971 1108 2010 vita
1140 1970 1236 2020 fuit,
1261 1984 1337 2010 nec
1365 1969 1588 2009 hominum
1621 1967 1766 2024 generi

331 2029 505 2083 majus(
494 2044 518 2069 ιι
539 2029 620 2069 diis
639 2042 792 2067 munus
816 2025 946 2067 ullum
969 2037 1032 2067 est
1054 2027 1216 2067 datum.
1250 2025 1361 2067 Haec
1384 2025 1529 2081 igitur,
1545 2039 1642 2088 quae
1662 2024 1766 2065 mihi

333 2096 476 2126 tecum
512 2085 752 2126 communis
786 2094 863 2134 est,
887 2085 1068 2124 societas
1098 2084 1337 2124 studiorum
1363 2092 1491 2138 atquc
1513 2081 1667 2122 altium
1691 2096 1768 2122 no-

332 2152 531 2193 stratum,
553 2142 710 2197 quibus
731 2156 756 2181 ιι
778 2140 961 2196 pueritia
983 2140 1114 2182 dediti
1139 2156 1188 2181 ac
1210 2140 1413 2189 devincti,
1437 2139 1513 2179 soli
1541 2152 1768 2201 propemo-

332 2199 435 2240 dum
465 2214 541 2239 nos
576 2198 893 2262 philosophiam
926 2196 1037 2238 illam
1065 2212 1204 2238 veiam
1228 2208 1271 2237 ct
1295 2197 1531 2250 antiquam,
1554 2210 1649 2249 quae
1674 2209 1768 2250 qui-

331 2256 511 2296 busdam
547 2255 624 2296 otii
658 2269 749 2295 esse
788 2269 838 2295 ac
870 2254 1045 2295 desidiae
1082 2254 1262 2304 videtur,
1297 2254 1338 2294 in
1379 2252 1517 2293 forum
1557 2262 1685 2306 atque
1724 2266 1765 2292 in

331 2312 657 2375 lempublicam,
690 2321 818 2367 atque
853 2311 949 2352 28ἰιι
988 2312 1124 2374 ipsam
1161 2311 1296 2351 aciem
1335 2323 1456 2365 paene
1494 2308 1764 2359 deduximus,

331 2378 474 2410 tecum
498 2369 590 2424 agit
611 2369 663 2408 de
685 2383 779 2409 mea
799 2367 937 2419 laude,
960 2384 1028 2409 cui
1051 2368 1197 2423 netraii
1222 2382 1246 2408 a
1269 2366 1435 2408 Catone
1464 2365 1526 2407 fas
1556 2379 1645 2405 esse
1679 2380 1763 2405 non

332 2435 454 2483 puto.
516 2426 810 2472 Quamobrem
835 2425 912 2465 tibi
937 2425 997 2466 sic
1032 2424 1299 2480 persuadeas,
1325 2422 1473 2464 velim:
1508 2423 1540 2462 si
1564 2422 1667 2462 mihi
1694 2432 1765 2463 tua

374 2601 414 2631 QG
436 2602 516 2630 inest
530 2601 642 2639 aliqua
657 2600 705 2629 vis
718 2597 881 2636 desiderii]
907 2598 1027 2637 Exqui·
1069 2597 1153 2637 quod
1171 2598 1289 2628 manis(
1293 2602 1341 2627 sn
1357 2608 1394 2627 cx
1410 2606 1440 2626 es
1455 2600 1486 2626 et
1504 2597 1631 2636 prima
1624 2597 1656 2625 in
1672 2600 1702 2625 et
1718 2596 1764 2626 fa-

331 2643 394 2672 sita
418 2643 584 2672 latinitate
610 2648 678 2671 est:
703 2642 737 2671 in
761 2651 824 2679 quo
851 2641 950 2669 ctiam
978 2645 1028 2669 cst
1069 2649 1171 2670 etum.
1191 2639 1349 2680 justioris
1370 2640 1508 2669 τνιοι-(ιιτ
1537 2639 1575 2667 :ul
1608 2639 1763 2667 formulas

330 2694 433 2722 genus
446 2684 607 2721 desiderii,
622 2693 733 2713 sensus
751 2682 879 2721 aliquis,
895 2682 948 2720 qui
972 2681 1025 2711 d(-
1069 2683 1154 2718 illas,
1161 2687 1260 2722 justa
1281 2683 1374 2710 ventor
1379 2691 1426 2716 ια
1441 2686 1555 2721 justus
1577 2681 1762 2719 tiinmphus

328 2726 484 2756 siderium
499 2727 552 2756 sit.
1069 2727 1127 2754 ἃς.

373 2770 412 2801 27
427 2767 586 2807 justiores
599 2777 663 2797 esse
677 2772 707 2797 et
731 2766 870 2807 ,Μῄονος
886 2766 1023 2805 putare]
1110 2768 1149 2797 523
1172 2767 1206 2796 in
1228 2767 1331 2804 ipsam
1348 2767 1448 2795 aciem
1469 2764 1573 2805 poene]
1601 2764 1706 2795 Immo
1729 2765 1763 2794 in

331 2809 462 2840 Durum
477 2810 549 2840 hoc.
567 2820 634 2840 non
655 2809 801 2839 dubitavi
823 2818 886 2838 este
906 2807 1025 2844 «Mero,
1068 2809 1172 2847 ‘ipsum
1180 2817 1271 2847 pene
1286 2810 1399 2837 aciem.
