1903 3218
331 78 408 112 286
667 72 846 112 EPIST.
872 74 1054 113 LIBER
1080 75 1436 135 UNDlZCIMUS

839 179 1240 217 ARGUMENTUM.

330 240 477 277 Laudat
506 240 661 289 officium.
688 245 724 276 et
751 242 976 289 diligentium
996 243 1130 278 Bruti.-
1170 241 1267 289 cujus
1295 247 1329 287 et
1356 242 1502 289 collegoe
1528 243 1754 279 concordiam

380 294 540 329 omnibus
566 298 711 341 gratum
739 305 810 329 esse
835 295 1016 344 significat
1033 311 1044 331 .·
1081 300 1115 331 et
1143 295 1325 336 hortatur,
1356 298 1396 329 ut
1425 305 1541 330 secum
1564 293 1647 341 jam
1680 296 1758 342 ipse

382 350 505 382 certet.
1642 357 1646 359 ’

416 422 483 464 Μ.
505 422 555 463 T.
580 422 631 463 C.
666 422 722 463 D.
747 421 970 473 BRUTO,
1004 421 1137 463 IMP.
1162 421 1291 465 COS.
1316 420 1445 464 DES.
1479 423 1523 464 S.
1547 422 1598 464 P.
1622 422 1679 465 D.

335 477 481 534 ETSI
506 490 609 530 mihi
637 499 720 530 tuae
745 489 899 529 littcrae
925 489 1253 544 jucundissimae
1276 502 1396 533 sunt:
1431 501 1571 531 tamen
1598 490 1758 546 jucun-

328 547 424 588 dius
445 547 542 595 fuit,
564 547 677 601 quod
706 547 748 586 in
781 560 946 585 sumina
981 546 1266 601 occupatione
1293 557 1366 589 tua
1397 547 1556 588 Planco
1579 547 1754 602 collegae

327 604 554 653 mandasti,
579 613 625 643 ut
657 611 696 642 te
728 603 831 642 mihi
856 617 929 657 per
951 602 1111 643 litteras
1138 614 1386 646 excusaret:
1419 605 1533 659 quod
1557 604 1661 644 fecit
1678 605 1747 644 ille

328 661 568 715 diligenter.
602 659 705 700 mihi
739 669 880 700 autem
915 659 1021 698 nihil
1056 660 1280 699 amabilius
1305 661 1448 700 officio
1480 671 1555 702 tuo
1585 671 1628 701 et
1659 661 1755 701 dili-

328 718 489 771 gentia.
550 716 813 771 Conju11ctio
840 726 912 756 tua
937 730 1035 755 cum
1066 716 1244 771 collega,
1266 718 1580 772 concordiaque
1603 727 1756 767 vestra,

328 788 425 828 quae
454 773 604 814 litteris
631 773 932 813 communibus
960 771 1172 813 declarata
1198 783 1277 823 est,
1303 774 1346 813 S.
1373 773 1422 813 P.
1446 774 1502 819 Q.
1527 773 1580 814 R.
1603 775 1757 830 gratis-

328 831 435 870 sima
456 830 626 870 accidit.
688 829 818 874 Quod
850 838 1054 884 superest,
1078 844 1222 885 perge,
1245 830 1301 870 mi
1326 830 1474 880 Brute,
1495 839 1539 870 et
1554 830 1647 884 jam
1671 846 1756 871 non

325 901 424 927 cum
447 886 555 935 aliis,
575 885 645 926 scd
669 894 810 926 tecum
836 886 925 941 ipse
949 896 1078 926 certa.
1141 886 1270 926 Plura
1291 887 1475 927 scribere
1497 901 1582 927 non
1605 887 1756 936 debeo,

326 943 562 998 praesertim
585 942 636 983 ad
661 952 725 984 te:
759 958 843 997 quo
870 943 1074 998 magistro
1110 943 1332 984 brevitatis
1357 944 1416 984 uti
1440 944 1602 998 cogito.
1666 943 1755 984 Lit-

327 1011 437 1058 teras
474 1010 566 1040 tuas
608 1000 878 1055 vehementer
909 1009 1131 1056 exspecto,
1167 1009 1211 1039 ct
1247 1000 1421 1055 quidem
1464 1000 1581 1052 tales,
1613 1000 1756 1056 quales

326 1057 515 1098 maxime
537 1065 656 1112 opto.
1199 1069 1202 1071 ’

841 1146 1147 1184 ARGUMENT
1154 1146 1245 1184 UM.

617 1211 850 1247 Commendat
868 1211 1038 1246 Lamiam
1057 1212 1093 1246 ὶη
1107 1212 1286 1258 petitione
1300 1214 1478 1258 proeturoe.

413 1295 481 1336 M.
504 1294 554 1336 T.
579 1294 631 1335 C.
666 1294 722 1335 D.
746 1293 972 1345 BRUTO,
1005 1292 1139 1334 lMP.
1163 1293 1292 1335 COS.
1318 1293 1448 1335 iDssS.
1481 1294 1525 1335 S.
1549 1294 1599 1335 P.
1626 1294 1683 1336 D.

328 1352 453 1409 PER
467 1361 675 1404 MAGNI
707 1362 898 1412 interest,
921 1377 1006 1416 quo
1030 1360 1110 1401 tibi
1133 1360 1227 1402 haec
1251 1370 1441 1417 tempore
1463 1362 1644 1417 epistola
1665 1361 1760 1403 red»

327 1418 418 1462 dita
440 1421 522 1461 sit:
554 1431 697 1460 utrum
725 1433 823 1459 cum
849 1418 1148 1459 sollicitudinis
1178 1418 1338 1472 aliquid
1370 1418 1560 1468 haberes,
1582 1434 1634 1466 an
1658 1433 1755 1460 cum

327 1479 382 1519 ab
413 1477 528 1518 omni
562 1476 757 1517 molestia
788 1489 946 1515 vacuus
967 1489 1092 1515 esses.
1153 1473 1307 1528 Itaque
1333 1475 1370 1515 ci
1405 1475 1605 1530 praeccpi,
1630 1490 1756 1530 quem

327 1535 380 1575 ad
411 1543 452 1574 te
483 1534 592 1583 misi,
624 1542 671 1573 ut
703 1544 872 1587 tempus
902 1532 1149 1572 observaret
1179 1530 1372 1587 epistola:
1407 1532 1485 1571 tibi
1516 1532 1757 1572 reddendae.

328 1591 443 1632 Nam
476 1589 838 1644 quemadmodum
868 1603 1013 1629 coram
1045 1588 1119 1643 qui
1161 1589 1211 1629 ad
1247 1602 1324 1628 nos
1355 1588 1655 1644 intempestive
1685 1588 1759 1629 ad·

326 1645 445 1698 cunt,
468 1647 635 1687 molesti
668 1660 782 1701 saepe
814 1656 940 1687 sunt:
973 1645 1034 1686 sic
1063 1644 1257 1701 epistolae
1288 1643 1527 1696 offendunt,
1558 1659 1642 1696 non
1665 1644 1763 1686 loco

327 1705 523 1746 redditae.
584 1704 629 1743 Si
661 1713 819 1752 autem,
842 1711 889 1742 ut
917 1716 1055 1757 spero,
1078 1701 1182 1742 nihil
1213 1711 1255 1741 te
1286 1703 1521 1757 perturbat,
1543 1702 1651 1742 nihil
1681 1701 1761 1750 im-

328 1762 476 1818 pedit3
507 1770 550 1800 et
573 1761 655 1809 illc,
678 1760 747 1800 cui
776 1759 988 1805 mandavi,
1011 1759 1113 1799 satis
1145 1759 1251 1799 scite
1272 1768 1315 1798 et
1335 1759 1561 1800 commode
1593 1769 1760 1814 tempus

329 1819 382 1859 ad
415 1829 456 1859 te
487 1817 603 1872 cepit
633 1816 841 1857 adeundi:
874 1815 1061 1865 confido,
1093 1830 1175 1866 me,
1197 1815 1313 1870 quod
1344 1815 1485 1866 velim,
1508 1815 1634 1855 facile
1664 1830 1689 1855 a
1721 1825 1762 1856 te

308 1875 672 1931 -impetraturum.
699 1873 748 1914 L.
771 1872 918 1913 Lamia
942 1882 1171 1928 praeturam
1197 1872 1319 1927 petit.
1348 1871 1429 1912 hoe
1451 1887 1533 1927 ego
1556 1881 1652 1912 utor
1674 1886 1761 1913 uno

328 1932 523 1973 omnium
559 1931 806 1987 plurimum.
867 1929 1036 1985 Magna
1065 1938 1268 1979 vetustas,
1304 1943 1462 1984 magna
1493 1929 1760 1969 consuetudo

328 1988 558 2030 intercedit
577 2005 585 2029 :
618 1986 819 2042 qnodque
841 1985 1068 2041 plurimum
1095 1985 1220 2041 yalct,
1239 1985 1347 2026 nihil
1368 1986 1473 2026 mihi
1497 1986 1588 2040 ejus
1612 1995 1677 2026 est
1699 1984 1762 2026 fa-

328 2045 578 2086 miliaritate
622 2043 872 2099 jucundius.
934 2042 1103 2098 Magno
1151 2051 1357 2098 praeterea
1404 2042 1615 2083 beneficio
1655 2041 1764 2097 ejus,

328 2116 575 2159 magnoque
597 2101 750 2142 merito
773 2114 866 2141 sum
889 2099 1120 2156 obligatus.
1183 2099 1294 2140 Nam
1315 2099 1535 2140 Clodianis
1558 2099 1763 2154 tempori-

329 2160 426 2210 bus,
447 2174 546 2200 cum
577 2158 784 2213 equestris
808 2156 971 2198 ordinis
1005 2157 1202 2212 princeps
1234 2166 1358 2207 essct,
1381 2171 1543 2211 proque
1574 2170 1668 2197 mea
1698 2170 1763 2196 sa-

329 2216 419 2257 lute
441 2215 644 2256 acerrime
667 2222 974 2270 propugnaret,
994 2229 1019 2255 a
1041 2213 1231 2254 Gabinio
1253 2213 1428 2254 consule
1451 2212 1662 2268 relegatus
1685 2221 1765 2263 est,

329 2273 446 2328 quod
470 2282 568 2312 ante
591 2271 632 2312 id
654 2281 822 2327 tempus
845 2271 929 2312 civi
954 2270 1153 2311 Romano
1176 2271 1362 2326 contigit
1384 2271 1560 2311 nemini.
1607 2271 1648 2300 46
1664 2268 1763 2310 Hoc

329 2344 431 2371 cum
453 2328 635 2384 populus
661 2328 881 2369 Romanus
903 2328 1160 2378 meminerit,
1183 2327 1390 2382 meipsum
1412 2341 1497 2367 non
1521 2326 1764 2366 meminisse

331 2385 627 2442 turpissimum
650 2394 728 2426 est.
791 2385 1067 2440 Quapropter
1084 2382 1300 2440 ‘persuade
1322 2384 1416 2434 tibi,
1440 2384 1495 2423 mi
1526 2383 1674 2432 Brute,
1696 2396 1762 2422 me

331 2452 478 2499 petere
498 2450 745 2499 praeturam.
807 2441 1082 2496 Quamquam
1112 2441 1226 2482 enim
1251 2440 1400 2481 Lamia
1430 2454 1596 2480 summo
1624 2439 1763 2494 splen-

372 2600 415 2631 46
437 2596 511 2630 Hoc
524 2607 599 2628 cum
614 2606 650 2636 p.
670 2595 713 2628 R.
726 2595 887 2635 meminit]
914 2595 1026 2626 memi-
1069 2606 1153 2632 mus,
1183 2599 1221 2625 ut
1251 2605 1326 2625 mox
1362 2605 1421 2635 pro
1446 2604 1547 2634 quum
1583 2599 1670 2624 tenes
1697 2594 1760 2624 Ms.

329 2643 418 2673 uerit
434 2640 507 2672 edd.
522 2649 570 2680 pr.
591 2641 672 2670 Mss.
686 2643 721 2669 et
742 2648 847 2668 meus,
891 2638 1027 2668 Editum
1069 2648 1159 2668 meus
1182 2644 1215 2667 et
1237 2637 1308 2667 edd.
1331 2647 1379 2677 pr.
1403 2638 1527 2668 habent
1540 2635 1678 2676 quando.
1701 2636 1765 2665 mi-

331 2683 447 2714 deinde
469 2683 630 2720 meminit,
645 2681 722 2719 quia
742 2680 892 2711 latinitas
914 2685 1026 2719 postu·
1070 2690 1143 2710 rum
1169 2684 1231 2716 est,
1264 2689 1361 2717 quam
1391 2680 1616 2709 inconstantes
1649 2678 1682 2707 in
1715 2678 1766 2707 bis

331 2725 400 2756 lare
422 2723 603 2755 videbatur.
646 2722 731 2753 Mihi
754 2722 804 2752 vel
827 2723 1025 2758 meminerit,
1067 2722 1172 2751 verbis
1193 2721 1315 2751 fuerint
1333 2721 1391 2750 viri
1408 2721 1506 2750 docti.
1552 2720 1615 2750 1110
1630 2720 1705 2758 qnia
1723 2719 1763 2749 li-

336 2767 388 2798 vel
410 2770 469 2807 pro
494 2775 596 2806 quum
617 2763 793 2805 legendum
823 2763 962 2803 quando,
988 2768 1027 2793 ut
1067 2763 1115 2792 bri
1145 2769 1269 2793 veteres
1296 2768 1488 2794 constanter
1523 2762 1646 2794 habent.
1673 2771 1762 2799 cum,

331 2809 404 2840 aliis
424 2808 504 2840 locis
525 2818 543 2839 e
564 2807 645 2840 Mss.
659 2811 695 2839 et
715 2805 788 2838 edd.
809 2815 860 2846 pr.
885 2806 1026 2838 correxi·
1068 2804 1153 2837 edidi
1169 2805 1364 2837 meminerit.
