<?xml version="1.0" encoding="UTF-8"?>
<!DOCTYPE html PUBLIC "-//W3C//DTD XHTML 1.0 Transitional//EN"
    "http://www.w3.org/TR/xhtml1/DTD/xhtml1-transitional.dtd">
<html xmlns="http://www.w3.org/1999/xhtml" xml:lang="en" lang="en">
 <head>
  <title>
</title>
<meta http-equiv="Content-Type" content="text/html;charset=utf-8" />
  <meta name='ocr-system' content='tesseract 3.04.00' />
  <meta name='ocr-capabilities' content='ocr_page ocr_carea ocr_par ocr_line ocrx_word'/>
</head>
<body>
  <div class='ocr_page' id='page_1' title='image "./p1operaomnia03ciceuoft_0147.png"; bbox 0 0 1817 3196; ppageno 0'>
   <div class='ocr_carea' id='block_1_1' title="bbox 387 85 1548 135">
    <p class='ocr_par' dir='ltr' id='par_1_1' title="bbox 387 85 1548 135">
     <span class='ocr_line' id='line_1_1' title="bbox 387 85 1548 135; baseline 0.003 -8"><span class='ocrx_word' id='word_1_1' title='bbox 387 89 465 127; x_wconf 85' lang='lat' dir='ltr'>AD</span> <span class='ocrx_word' id='word_1_2' title='bbox 489 85 868 128; x_wconf 83' lang='lat' dir='ltr'><strong>TORQUATUM</strong></span> <span class='ocrx_word' id='word_1_3' title='bbox 893 85 969 123; x_wconf 90' lang='lat' dir='ltr'>ET</span> <span class='ocrx_word' id='word_1_4' title='bbox 993 86 1274 126; x_wconf 83' lang='lat' dir='ltr'>CETEROS.</span> <span class='ocrx_word' id='word_1_5' title='bbox 1474 96 1548 135; x_wconf 81' lang='grc'>137</span> 
     </span>
    </p>
   </div>
   <div class='ocr_carea' id='block_1_2' title="bbox 117 189 1547 1275">
    <p class='ocr_par' dir='ltr' id='par_1_2' title="bbox 117 189 1547 1275">
     <span class='ocr_line' id='line_1_2' title="bbox 120 189 1546 245; baseline 0.003 -14"><span class='ocrx_word' id='word_1_6' title='bbox 120 190 294 233; x_wconf 86' lang='lat' dir='ltr'>faceres.</span> <span class='ocrx_word' id='word_1_7' title='bbox 355 190 423 233; x_wconf 87' lang='lat' dir='ltr'>De</span> <span class='ocrx_word' id='word_1_8' title='bbox 450 190 643 235; x_wconf 84' lang='lat' dir='ltr'>Asiatico</span> <span class='ocrx_word' id='word_1_9' title='bbox 672 189 838 240; x_wconf 89' lang='lat' dir='ltr'>itinere,</span> <span class='ocrx_word' id='word_1_10' title='bbox 867 203 1127 245; x_wconf 86' lang='lat' dir='ltr'>quamquam</span> <span class='ocrx_word' id='word_1_11' title='bbox 1160 204 1326 231; x_wconf 88' lang='lat' dir='ltr'>summa</span> <span class='ocrx_word' id='word_1_12' title='bbox 1365 196 1546 235; x_wconf 85' lang='lat' dir='ltr'>necessi-</span> 
     </span>
     <span class='ocr_line' id='line_1_3' title="bbox 123 244 1544 304; baseline 0.002 -16"><span class='ocrx_word' id='word_1_13' title='bbox 123 256 185 288; x_wconf 87' lang='lat' dir='ltr'>tas</span> <span class='ocrx_word' id='word_1_14' title='bbox 207 247 450 304; x_wconf 79' lang='lat' dir='ltr'>premebat:</span> <span class='ocrx_word' id='word_1_15' title='bbox 483 256 530 289; x_wconf 90' lang='lat' dir='ltr'>ut</span> <span class='ocrx_word' id='word_1_16' title='bbox 551 247 785 302; x_wconf 85' lang='lat' dir='ltr'>imperasti,</span> <span class='ocrx_word' id='word_1_17' title='bbox 806 246 904 287; x_wconf 89' lang='lat' dir='ltr'>feci.</span> <span class='ocrx_word' id='word_1_18' title='bbox 963 244 1025 287; x_wconf 95' lang='lat' dir='ltr'>Te</span> <span class='ocrx_word' id='word_1_19' title='bbox 1049 261 1124 302; x_wconf 91' lang='lat' dir='ltr'>pro</span> <span class='ocrx_word' id='word_1_20' title='bbox 1145 260 1214 286; x_wconf 89' lang='lat' dir='ltr'>me</span> <span class='ocrx_word' id='word_1_21' title='bbox 1235 247 1338 301; x_wconf 89' lang='lat' dir='ltr'>quid</span> <span class='ocrx_word' id='word_1_22' title='bbox 1374 248 1544 294; x_wconf 76' lang='lat' dir='ltr'>horter?</span> 
     </span>
     <span class='ocr_line' id='line_1_4' title="bbox 121 303 1543 360; baseline 0.003 -16"><span class='ocrx_word' id='word_1_23' title='bbox 121 304 239 346; x_wconf 85' lang='lat' dir='ltr'>vides</span> <span class='ocrx_word' id='word_1_24' title='bbox 275 315 442 360; x_wconf 90' lang='lat' dir='ltr'>tempus</span> <span class='ocrx_word' id='word_1_25' title='bbox 469 304 647 355; x_wconf 87' lang='lat' dir='ltr'>venisse,</span> <span class='ocrx_word' id='word_1_26' title='bbox 669 318 754 359; x_wconf 89' lang='lat' dir='ltr'>quo</span> <span class='ocrx_word' id='word_1_27' title='bbox 787 317 958 344; x_wconf 87' lang='lat' dir='ltr'>necesse</span> <span class='ocrx_word' id='word_1_28' title='bbox 994 303 1050 344; x_wconf 89' lang='lat' dir='ltr'>sit</span> <span class='ocrx_word' id='word_1_29' title='bbox 1078 303 1130 344; x_wconf 93' lang='lat' dir='ltr'>de</span> <span class='ocrx_word' id='word_1_30' title='bbox 1166 304 1290 344; x_wconf 86' lang='lat' dir='ltr'>nobis</span> <span class='ocrx_word' id='word_1_31' title='bbox 1324 306 1543 349; x_wconf 88' lang='lat' dir='ltr'>constitui.</span> 
     </span>
     <span class='ocr_line' id='line_1_5' title="bbox 121 359 1545 416; baseline 0.003 -14"><span class='ocrx_word' id='word_1_32' title='bbox 121 360 245 403; x_wconf 88' lang='lat' dir='ltr'>Nihil</span> <span class='ocrx_word' id='word_1_33' title='bbox 264 371 342 412; x_wconf 83' lang='lat' dir='ltr'>est,</span> <span class='ocrx_word' id='word_1_34' title='bbox 364 361 421 402; x_wconf 89' lang='lat' dir='ltr'>mi</span> <span class='ocrx_word' id='word_1_35' title='bbox 445 359 614 412; x_wconf 88' lang='lat' dir='ltr'>Cicero,</span> <span class='ocrx_word' id='word_1_36' title='bbox 635 361 750 416; x_wconf 91' lang='lat' dir='ltr'>quod</span> <span class='ocrx_word' id='word_1_37' title='bbox 786 359 921 401; x_wconf 84' lang='lat' dir='ltr'>filium</span> <span class='ocrx_word' id='word_1_38' title='bbox 950 373 1092 400; x_wconf 90' lang='lat' dir='ltr'>meum</span> <span class='ocrx_word' id='word_1_39' title='bbox 1128 371 1366 415; x_wconf 84' lang='lat' dir='ltr'><strong>exspectes.</strong></span> <span class='ocrx_word' id='word_1_40' title='bbox 1426 364 1545 406; x_wconf 90' lang='lat' dir='ltr'>Ado-</span> 
     </span>
     <span class='ocr_line' id='line_1_6' title="bbox 121 417 1545 473; baseline 0.004 -15"><span class='ocrx_word' id='word_1_41' title='bbox 121 417 282 459; x_wconf 85' lang='lat' dir='ltr'>lescens</span> <span class='ocrx_word' id='word_1_42' title='bbox 314 428 406 460; x_wconf 88' lang='lat' dir='ltr'>est:</span> <span class='ocrx_word' id='word_1_43' title='bbox 437 418 582 458; x_wconf 87' lang='lat' dir='ltr'>omnia</span> <span class='ocrx_word' id='word_1_44' title='bbox 616 417 879 473; x_wconf 83' lang='lat' dir='ltr'>excogitare,</span> <span class='ocrx_word' id='word_1_45' title='bbox 913 417 979 458; x_wconf 81' lang='lat' dir='ltr'>vel</span> <span class='ocrx_word' id='word_1_46' title='bbox 1013 417 1170 468; x_wconf 85' lang='lat' dir='ltr'>studio,</span> <span class='ocrx_word' id='word_1_47' title='bbox 1205 417 1268 458; x_wconf 82' lang='lat' dir='ltr'>vel</span> <span class='ocrx_word' id='word_1_48' title='bbox 1303 428 1446 472; x_wconf 87' lang='lat' dir='ltr'>aetate,</span> <span class='ocrx_word' id='word_1_49' title='bbox 1481 422 1545 463; x_wconf 90' lang='lat' dir='ltr'>vel</span> 
     </span>
     <span class='ocr_line' id='line_1_7' title="bbox 120 473 1544 532; baseline 0.004 -17"><span class='ocrx_word' id='word_1_50' title='bbox 120 485 238 516; x_wconf 90' lang='lat' dir='ltr'>metu</span> <span class='ocrx_word' id='word_1_51' title='bbox 269 489 353 516; x_wconf 87' lang='lat' dir='ltr'>non</span> <span class='ocrx_word' id='word_1_52' title='bbox 386 484 540 531; x_wconf 89' lang='lat' dir='ltr'>potest.</span> <span class='ocrx_word' id='word_1_53' title='bbox 600 473 758 515; x_wconf 87' lang='lat' dir='ltr'>Totum</span> <span class='ocrx_word' id='word_1_54' title='bbox 790 474 1012 530; x_wconf 85' lang='lat' dir='ltr'>negotium</span> <span class='ocrx_word' id='word_1_55' title='bbox 1034 483 1079 515; x_wconf 89' lang='lat' dir='ltr'>tu</span> <span class='ocrx_word' id='word_1_56' title='bbox 1104 475 1326 525; x_wconf 82' lang='lat' dir='ltr'>sustineas,</span> <span class='ocrx_word' id='word_1_57' title='bbox 1348 488 1544 532; x_wconf 84' lang='lat' dir='ltr'><strong>oportet:</strong></span> 
     </span>
     <span class='ocr_line' id='line_1_8' title="bbox 121 530 1545 589; baseline 0.004 -17"><span class='ocrx_word' id='word_1_58' title='bbox 121 531 165 572; x_wconf 89' lang='lat' dir='ltr'>in</span> <span class='ocrx_word' id='word_1_59' title='bbox 187 543 228 573; x_wconf 86' lang='lat' dir='ltr'>te</span> <span class='ocrx_word' id='word_1_60' title='bbox 250 531 353 573; x_wconf 85' lang='lat' dir='ltr'>mihi</span> <span class='ocrx_word' id='word_1_61' title='bbox 379 532 518 572; x_wconf 90' lang='lat' dir='ltr'>omnis</span> <span class='ocrx_word' id='word_1_62' title='bbox 550 546 643 587; x_wconf 86' lang='lat' dir='ltr'>spes</span> <span class='ocrx_word' id='word_1_63' title='bbox 674 542 751 573; x_wconf 87' lang='lat' dir='ltr'>est.</span> <span class='ocrx_word' id='word_1_64' title='bbox 811 530 892 583; x_wconf 89' lang='lat' dir='ltr'>Tu,</span> <span class='ocrx_word' id='word_1_65' title='bbox 916 545 992 586; x_wconf 89' lang='lat' dir='ltr'>pro</span> <span class='ocrx_word' id='word_1_66' title='bbox 1023 539 1096 571; x_wconf 90' lang='lat' dir='ltr'>tua</span> <span class='ocrx_word' id='word_1_67' title='bbox 1127 531 1366 587; x_wconf 88' lang='lat' dir='ltr'>prudentia,</span> <span class='ocrx_word' id='word_1_68' title='bbox 1389 535 1545 589; x_wconf 88' lang='lat' dir='ltr'>quibus</span> 
     </span>
     <span class='ocr_line' id='line_1_9' title="bbox 119 587 1546 645; baseline 0.004 -17"><span class='ocrx_word' id='word_1_69' title='bbox 119 589 245 629; x_wconf 86' lang='lat' dir='ltr'>rebus</span> <span class='ocrx_word' id='word_1_70' title='bbox 277 588 476 644; x_wconf 82' lang='lat' dir='ltr'>gaudeat,</span> <span class='ocrx_word' id='word_1_71' title='bbox 499 589 655 643; x_wconf 87' lang='lat' dir='ltr'>quibus</span> <span class='ocrx_word' id='word_1_72' title='bbox 688 588 882 645; x_wconf 87' lang='lat' dir='ltr'>capiatur</span> <span class='ocrx_word' id='word_1_73' title='bbox 914 587 1074 638; x_wconf 87' lang='lat' dir='ltr'>Caesar,</span> <span class='ocrx_word' id='word_1_74' title='bbox 1099 597 1239 630; x_wconf 88' lang='lat' dir='ltr'>tenes:</span> <span class='ocrx_word' id='word_1_75' title='bbox 1273 605 1298 630; x_wconf 93' lang='lat' dir='ltr'>a</span> <span class='ocrx_word' id='word_1_76' title='bbox 1333 599 1375 631; x_wconf 89' lang='lat' dir='ltr'>te</span> <span class='ocrx_word' id='word_1_77' title='bbox 1401 594 1546 634; x_wconf 87' lang='lat' dir='ltr'>omnia</span> 
     </span>
     <span class='ocr_line' id='line_1_10' title="bbox 120 644 1546 702; baseline 0.003 -17"><span class='ocrx_word' id='word_1_78' title='bbox 120 644 458 700; x_wconf 88' lang='lat' dir='ltr'>proficiscantur,</span> <span class='ocrx_word' id='word_1_79' title='bbox 493 656 537 686; x_wconf 88' lang='lat' dir='ltr'>et</span> <span class='ocrx_word' id='word_1_80' title='bbox 572 660 646 702; x_wconf 90' lang='lat' dir='ltr'>per</span> <span class='ocrx_word' id='word_1_81' title='bbox 680 655 720 686; x_wconf 89' lang='lat' dir='ltr'>te</span> <span class='ocrx_word' id='word_1_82' title='bbox 752 645 803 686; x_wconf 89' lang='lat' dir='ltr'>ad</span> <span class='ocrx_word' id='word_1_83' title='bbox 836 645 1003 686; x_wconf 81' lang='lat' dir='ltr'>exitum</span> <span class='ocrx_word' id='word_1_84' title='bbox 1040 645 1342 700; x_wconf 83' lang='lat' dir='ltr'><strong>perducantur,</strong></span> <span class='ocrx_word' id='word_1_85' title='bbox 1375 663 1546 692; x_wconf 82' lang='lat' dir='ltr'>necesse</span> 
     </span>
     <span class='ocr_line' id='line_1_11' title="bbox 118 701 1546 763; baseline 0.005 -22"><span class='ocrx_word' id='word_1_86' title='bbox 118 710 196 742; x_wconf 89' lang='lat' dir='ltr'>est.</span> <span class='ocrx_word' id='word_1_87' title='bbox 214 701 327 757; x_wconf 88' lang='lat' dir='ltr'>apud</span> <span class='ocrx_word' id='word_1_88' title='bbox 360 702 499 758; x_wconf 85' lang='lat' dir='ltr'>ipsum</span> <span class='ocrx_word' id='word_1_89' title='bbox 534 703 730 754; x_wconf 87' lang='lat' dir='ltr'>multum,</span> <span class='ocrx_word' id='word_1_90' title='bbox 753 702 866 757; x_wconf 88' lang='lat' dir='ltr'>apud</span> <span class='ocrx_word' id='word_1_91' title='bbox 898 702 991 757; x_wconf 87' lang='lat' dir='ltr'>ejus</span> <span class='ocrx_word' id='word_1_92' title='bbox 1024 716 1170 742; x_wconf 87' lang='lat' dir='ltr'>omnes</span> <span class='ocrx_word' id='word_1_93' title='bbox 1204 702 1434 757; x_wconf 86' lang='lat' dir='ltr'>plurimum</span> <span class='ocrx_word' id='word_1_94' title='bbox 1469 722 1546 763; x_wconf 84' lang='lat' dir='ltr'>po-</span> 
     </span>
     <span class='ocr_line' id='line_1_12' title="bbox 121 758 1545 816; baseline 0.004 -17"><span class='ocrx_word' id='word_1_95' title='bbox 121 765 196 798; x_wconf 85' lang='lat' dir='ltr'>tes.</span> <span class='ocrx_word' id='word_1_96' title='bbox 259 758 400 800; x_wconf 90' lang='lat' dir='ltr'>Unum</span> <span class='ocrx_word' id='word_1_97' title='bbox 434 760 512 800; x_wconf 88' lang='lat' dir='ltr'>tibi</span> <span class='ocrx_word' id='word_1_98' title='bbox 546 760 580 800; x_wconf 92' lang='lat' dir='ltr'>si</span> <span class='ocrx_word' id='word_1_99' title='bbox 614 759 883 816; x_wconf 80' lang='lat' dir='ltr'>persuaseriS,</span> <span class='ocrx_word' id='word_1_100' title='bbox 906 773 992 800; x_wconf 85' lang='lat' dir='ltr'>non</span> <span class='ocrx_word' id='word_1_101' title='bbox 1028 759 1110 800; x_wconf 84' lang='lat' dir='ltr'>hoc</span> <span class='ocrx_word' id='word_1_102' title='bbox 1142 773 1232 800; x_wconf 89' lang='lat' dir='ltr'>esse</span> <span class='ocrx_word' id='word_1_103' title='bbox 1255 761 1316 801; x_wconf 87' lang='lat' dir='ltr'>tui</span> <span class='ocrx_word' id='word_1_104' title='bbox 1343 765 1545 815; x_wconf 87' lang='lat' dir='ltr'>muneris,</span> 
     </span>
     <span class='ocr_line' id='line_1_13' title="bbox 120 814 1545 876; baseline 0.006 -22"><span class='ocrx_word' id='word_1_105' title='bbox 120 814 154 854; x_wconf 90' lang='lat' dir='ltr'>si</span> <span class='ocrx_word' id='word_1_106' title='bbox 187 815 290 870; x_wconf 88' lang='lat' dir='ltr'>quid</span> <span class='ocrx_word' id='word_1_107' title='bbox 323 826 498 872; x_wconf 83' lang='lat' dir='ltr'>rogatus</span> <span class='ocrx_word' id='word_1_108' title='bbox 531 816 676 868; x_wconf 86' lang='lat' dir='ltr'>fueris,</span> <span class='ocrx_word' id='word_1_109' title='bbox 698 826 746 858; x_wconf 91' lang='lat' dir='ltr'>ut</span> <span class='ocrx_word' id='word_1_110' title='bbox 780 816 926 867; x_wconf 85' lang='lat' dir='ltr'>facias,</span> <span class='ocrx_word' id='word_1_111' title='bbox 947 821 1226 871; x_wconf 86' lang='lat' dir='ltr'>(quamquam</span> <span class='ocrx_word' id='word_1_112' title='bbox 1260 818 1301 859; x_wconf 89' lang='lat' dir='ltr'>id</span> <span class='ocrx_word' id='word_1_113' title='bbox 1324 833 1545 876; x_wconf 80' lang='lat' dir='ltr'>magnum,</span> 
     </span>
     <span class='ocr_line' id='line_1_14' title="bbox 118 872 1546 930; baseline 0.006 -18"><span class='ocrx_word' id='word_1_114' title='bbox 118 880 163 912; x_wconf 83' lang='lat' dir='ltr'>et</span> <span class='ocrx_word' id='word_1_115' title='bbox 183 872 371 928; x_wconf 86' lang='lat' dir='ltr'>amplum</span> <span class='ocrx_word' id='word_1_116' title='bbox 408 876 507 924; x_wconf 91' lang='lat' dir='ltr'>est,)</span> <span class='ocrx_word' id='word_1_117' title='bbox 530 874 601 915; x_wconf 90' lang='lat' dir='ltr'>sed</span> <span class='ocrx_word' id='word_1_118' title='bbox 634 883 772 914; x_wconf 86' lang='lat' dir='ltr'>totum</span> <span class='ocrx_word' id='word_1_119' title='bbox 807 883 929 914; x_wconf 88' lang='lat' dir='ltr'>tuum</span> <span class='ocrx_word' id='word_1_120' title='bbox 964 887 1054 914; x_wconf 85' lang='lat' dir='ltr'>esse</span> <span class='ocrx_word' id='word_1_121' title='bbox 1086 888 1208 924; x_wconf 88' lang='lat' dir='ltr'>onus,</span> <span class='ocrx_word' id='word_1_122' title='bbox 1231 875 1440 930; x_wconf 87' lang='lat' dir='ltr'>perficies.</span> <span class='ocrx_word' id='word_1_123' title='bbox 1464 879 1546 920; x_wconf 88' lang='lat' dir='ltr'>nisi</span> 
     </span>
     <span class='ocr_line' id='line_1_15' title="bbox 120 927 1547 981; baseline 0.005 -12"><span class='ocrx_word' id='word_1_124' title='bbox 120 927 230 969; x_wconf 84' lang='lat' dir='ltr'>forte</span> <span class='ocrx_word' id='word_1_125' title='bbox 252 939 326 970; x_wconf 85' lang='lat' dir='ltr'>aut</span> <span class='ocrx_word' id='word_1_126' title='bbox 345 931 387 971; x_wconf 87' lang='lat' dir='ltr'>in</span> <span class='ocrx_word' id='word_1_127' title='bbox 411 931 581 971; x_wconf 83' lang='lat' dir='ltr'>miseria</span> <span class='ocrx_word' id='word_1_128' title='bbox 603 931 730 972; x_wconf 86' lang='lat' dir='ltr'>nimis</span> <span class='ocrx_word' id='word_1_129' title='bbox 753 930 895 981; x_wconf 88' lang='lat' dir='ltr'>stulte,</span> <span class='ocrx_word' id='word_1_130' title='bbox 918 941 992 971; x_wconf 88' lang='lat' dir='ltr'>aut</span> <span class='ocrx_word' id='word_1_131' title='bbox 1013 931 1055 970; x_wconf 90' lang='lat' dir='ltr'>in</span> <span class='ocrx_word' id='word_1_132' title='bbox 1088 931 1279 972; x_wconf 86' lang='lat' dir='ltr'>amicitia</span> <span class='ocrx_word' id='word_1_133' title='bbox 1309 933 1436 975; x_wconf 87' lang='lat' dir='ltr'>nimis</span> <span class='ocrx_word' id='word_1_134' title='bbox 1468 936 1547 976; x_wconf 88' lang='lat' dir='ltr'>im-</span> 
     </span>
     <span class='ocr_line' id='line_1_16' title="bbox 118 986 1547 1043; baseline 0.004 -16"><span class='ocrx_word' id='word_1_135' title='bbox 118 986 328 1040; x_wconf 89' lang='lat' dir='ltr'>pudenter</span> <span class='ocrx_word' id='word_1_136' title='bbox 366 987 445 1028; x_wconf 90' lang='lat' dir='ltr'>tibi</span> <span class='ocrx_word' id='word_1_137' title='bbox 484 1003 590 1028; x_wconf 88' lang='lat' dir='ltr'>onus</span> <span class='ocrx_word' id='word_1_138' title='bbox 627 988 820 1043; x_wconf 86' lang='lat' dir='ltr'>impono.</span> <span class='ocrx_word' id='word_1_139' title='bbox 880 988 964 1029; x_wconf 89' lang='lat' dir='ltr'>Sed</span> <span class='ocrx_word' id='word_1_140' title='bbox 1002 988 1173 1043; x_wconf 85' lang='lat' dir='ltr'>utrique</span> <span class='ocrx_word' id='word_1_141' title='bbox 1209 990 1267 1029; x_wconf 87' lang='lat' dir='ltr'>rei</span> <span class='ocrx_word' id='word_1_142' title='bbox 1304 993 1547 1034; x_wconf 86' lang='lat' dir='ltr'>excusatio-</span> 
     </span>
     <span class='ocr_line' id='line_1_17' title="bbox 117 1044 1546 1100; baseline 0.005 -17"><span class='ocrx_word' id='word_1_143' title='bbox 117 1056 231 1094; x_wconf 86' lang='lat' dir='ltr'><strong>nem,</strong></span> <span class='ocrx_word' id='word_1_144' title='bbox 254 1053 337 1085; x_wconf 85' lang='lat' dir='ltr'>tuae</span> <span class='ocrx_word' id='word_1_145' title='bbox 362 1044 462 1085; x_wconf 85' lang='lat' dir='ltr'>vitae</span> <span class='ocrx_word' id='word_1_146' title='bbox 488 1045 754 1085; x_wconf 84' lang='lat' dir='ltr'>consuetudo</span> <span class='ocrx_word' id='word_1_147' title='bbox 790 1045 877 1086; x_wconf 90' lang='lat' dir='ltr'>dat.</span> <span class='ocrx_word' id='word_1_148' title='bbox 909 1047 1057 1085; x_wconf 85' lang='lat' dir='ltr'>39nam</span> <span class='ocrx_word' id='word_1_149' title='bbox 1088 1045 1203 1100; x_wconf 92' lang='lat' dir='ltr'>quod</span> <span class='ocrx_word' id='word_1_150' title='bbox 1236 1046 1297 1086; x_wconf 88' lang='lat' dir='ltr'>ita</span> <span class='ocrx_word' id='word_1_151' title='bbox 1331 1050 1546 1090; x_wconf 84' lang='lat' dir='ltr'>consuesti</span> 
     </span>
     <span class='ocr_line' id='line_1_18' title="bbox 120 1100 1547 1158; baseline 0.006 -18"><span class='ocrx_word' id='word_1_152' title='bbox 120 1114 197 1154; x_wconf 86' lang='lat' dir='ltr'>pro</span> <span class='ocrx_word' id='word_1_153' title='bbox 219 1100 367 1141; x_wconf 84' lang='lat' dir='ltr'>amicis</span> <span class='ocrx_word' id='word_1_154' title='bbox 398 1100 605 1153; x_wconf 85' lang='lat' dir='ltr'>laborare,</span> <span class='ocrx_word' id='word_1_155' title='bbox 625 1117 712 1143; x_wconf 91' lang='lat' dir='ltr'>non</span> <span class='ocrx_word' id='word_1_156' title='bbox 738 1102 830 1156; x_wconf 87' lang='lat' dir='ltr'>jam</span> <span class='ocrx_word' id='word_1_157' title='bbox 864 1103 924 1143; x_wconf 89' lang='lat' dir='ltr'>sic</span> <span class='ocrx_word' id='word_1_158' title='bbox 948 1112 1120 1158; x_wconf 88' lang='lat' dir='ltr'>sperant</span> <span class='ocrx_word' id='word_1_159' title='bbox 1142 1103 1217 1143; x_wconf 89' lang='lat' dir='ltr'>abs</span> <span class='ocrx_word' id='word_1_160' title='bbox 1243 1112 1296 1155; x_wconf 87' lang='lat' dir='ltr'>te,</span> <span class='ocrx_word' id='word_1_161' title='bbox 1322 1106 1393 1146; x_wconf 89' lang='lat' dir='ltr'>sed</span> <span class='ocrx_word' id='word_1_162' title='bbox 1415 1106 1547 1149; x_wconf 87' lang='lat' dir='ltr'>etiam</span> 
     </span>
     <span class='ocr_line' id='line_1_19' title="bbox 121 1156 1546 1218; baseline 0.006 -22"><span class='ocrx_word' id='word_1_163' title='bbox 121 1156 182 1197; x_wconf 90' lang='lat' dir='ltr'>sic</span> <span class='ocrx_word' id='word_1_164' title='bbox 204 1157 416 1212; x_wconf 87' lang='lat' dir='ltr'>imperant</span> <span class='ocrx_word' id='word_1_165' title='bbox 439 1158 515 1199; x_wconf 89' lang='lat' dir='ltr'>tibi</span> <span class='ocrx_word' id='word_1_166' title='bbox 539 1159 783 1200; x_wconf 80' lang='lat' dir='ltr'>familiares,</span> <span class='ocrx_word' id='word_1_167' title='bbox 823 1158 954 1205; x_wconf 82' lang='lat' dir='ltr'>Quod</span> <span class='ocrx_word' id='word_1_168' title='bbox 975 1159 1027 1199; x_wconf 84' lang='lat' dir='ltr'>ad</span> <span class='ocrx_word' id='word_1_169' title='bbox 1049 1158 1205 1200; x_wconf 85' lang='lat' dir='ltr'>librum</span> <span class='ocrx_word' id='word_1_170' title='bbox 1228 1161 1396 1212; x_wconf 84' lang='lat' dir='ltr'>attinet,</span> <span class='ocrx_word' id='word_1_171' title='bbox 1418 1178 1546 1218; x_wconf 88' lang='lat' dir='ltr'>quem</span> 
     </span>
     <span class='ocr_line' id='line_1_20' title="bbox 121 1213 1546 1275; baseline 0.006 -22"><span class='ocrx_word' id='word_1_172' title='bbox 121 1213 199 1254; x_wconf 93' lang='lat' dir='ltr'>tibi</span> <span class='ocrx_word' id='word_1_173' title='bbox 231 1214 341 1254; x_wconf 87' lang='lat' dir='ltr'>filius</span> <span class='ocrx_word' id='word_1_174' title='bbox 374 1215 508 1266; x_wconf 87' lang='lat' dir='ltr'>dabit,</span> <span class='ocrx_word' id='word_1_175' title='bbox 531 1225 631 1271; x_wconf 88' lang='lat' dir='ltr'>peto</span> <span class='ocrx_word' id='word_1_176' title='bbox 665 1230 689 1255; x_wconf 86' lang='lat' dir='ltr'>a</span> <span class='ocrx_word' id='word_1_177' title='bbox 721 1225 776 1266; x_wconf 88' lang='lat' dir='ltr'>te,</span> <span class='ocrx_word' id='word_1_178' title='bbox 799 1229 852 1255; x_wconf 89' lang='lat' dir='ltr'>ne</span> <span class='ocrx_word' id='word_1_179' title='bbox 884 1225 1034 1255; x_wconf 81' lang='lat' dir='ltr'>exeat:</span> <span class='ocrx_word' id='word_1_180' title='bbox 1067 1225 1141 1256; x_wconf 82' lang='lat' dir='ltr'>aut</span> <span class='ocrx_word' id='word_1_181' title='bbox 1175 1215 1234 1256; x_wconf 87' lang='lat' dir='ltr'>ita</span> <span class='ocrx_word' id='word_1_182' title='bbox 1266 1219 1470 1275; x_wconf 82' lang='lat' dir='ltr'>corrigas,</span> <span class='ocrx_word' id='word_1_183' title='bbox 1494 1235 1546 1262; x_wconf 88' lang='lat' dir='ltr'>ne</span> 
     </span>
    </p>
   </div>
   <div class='ocr_carea' id='block_1_3' title="bbox 116 1269 1586 1364">
    <p class='ocr_par' dir='ltr' id='par_1_3' title="bbox 116 1269 1586 1364">
     <span class='ocr_line' id='line_1_21' title="bbox 116 1269 411 1311; baseline 0.003 -1"><span class='ocrx_word' id='word_1_184' title='bbox 116 1269 222 1311; x_wconf 85' lang='lat' dir='ltr'>mihi</span> <span class='ocrx_word' id='word_1_185' title='bbox 245 1281 411 1311; x_wconf 89' lang='lat' dir='ltr'>noceat.</span> 
     </span>
     <span class='ocr_line' id='line_1_22' title="bbox 631 1324 1586 1364; baseline -0.003 0"><span class='ocrx_word' id='word_1_186' title='bbox 631 1327 1034 1364; x_wconf 81' lang='lat' dir='ltr'>ARGUMENTUM.</span> <span class='ocrx_word' id='word_1_187' title='bbox 1561 1324 1586 1361; x_wconf 87' lang='lat' dir='ltr'>S</span> 
     </span>
    </p>
   </div>
   <div class='ocr_carea' id='block_1_4' title="bbox 117 1389 1548 1491">
    <p class='ocr_par' dir='ltr' id='par_1_4' title="bbox 117 1389 1548 1491">
     <span class='ocr_line' id='line_1_23' title="bbox 117 1389 1548 1439; baseline 0.006 -13"><span class='ocrx_word' id='word_1_188' title='bbox 117 1389 195 1427; x_wconf 77' lang='lat' dir='ltr'>Sibi</span> <span class='ocrx_word' id='word_1_189' title='bbox 213 1391 279 1427; x_wconf 83' lang='lat' dir='ltr'>hoc</span> <span class='ocrx_word' id='word_1_190' title='bbox 297 1392 421 1427; x_wconf 78' lang='lat' dir='ltr'>clatum</span> <span class='ocrx_word' id='word_1_191' title='bbox 445 1404 466 1426; x_wconf 87' lang='grc' dir='ltr'><em>α</em></span> <span class='ocrx_word' id='word_1_192' title='bbox 486 1391 602 1427; x_wconf 79' lang='lat' dir='ltr'>Balbo</span> <span class='ocrx_word' id='word_1_193' title='bbox 621 1395 656 1427; x_wconf 82' lang='lat' dir='ltr'>et</span> <span class='ocrx_word' id='word_1_194' title='bbox 675 1392 792 1439; x_wconf 83' lang='lat' dir='ltr'>Oppio</span> <span class='ocrx_word' id='word_1_195' title='bbox 809 1392 947 1433; x_wconf 80' lang='lat' dir='ltr'>scribit,</span> <span class='ocrx_word' id='word_1_196' title='bbox 966 1396 1006 1427; x_wconf 81' lang='lat' dir='ltr'>ut</span> <span class='ocrx_word' id='word_1_197' title='bbox 1028 1392 1175 1428; x_wconf 81' lang='lat' dir='ltr'>Coecinae</span> <span class='ocrx_word' id='word_1_198' title='bbox 1201 1394 1324 1430; x_wconf 80' lang='lat' dir='ltr'>liceret</span> <span class='ocrx_word' id='word_1_199' title='bbox 1352 1397 1389 1431; x_wconf 86' lang='lat' dir='ltr'>in</span> <span class='ocrx_word' id='word_1_200' title='bbox 1418 1397 1548 1434; x_wconf 78' lang='lat' dir='ltr'>Sicilia</span> 
     </span>
     <span class='ocr_line' id='line_1_24' title="bbox 291 1444 1369 1491; baseline 0.004 -12"><span class='ocrx_word' id='word_1_201' title='bbox 291 1454 375 1486; x_wconf 82' lang='lat' dir='ltr'>esse,</span> <span class='ocrx_word' id='word_1_202' title='bbox 395 1444 515 1490; x_wconf 78' lang='lat' dir='ltr'>ibique</span> <span class='ocrx_word' id='word_1_203' title='bbox 532 1448 571 1479; x_wconf 82' lang='lat' dir='ltr'>ut</span> <span class='ocrx_word' id='word_1_204' title='bbox 590 1448 838 1484; x_wconf 82' lang='lat' dir='ltr'><strong><em>commoretur,</em></strong></span> <span class='ocrx_word' id='word_1_205' title='bbox 857 1455 921 1479; x_wconf 78' lang='lat' dir='ltr'>nec</span> <span class='ocrx_word' id='word_1_206' title='bbox 939 1444 1080 1491; x_wconf 79' lang='lat' dir='ltr'>longius</span> <span class='ocrx_word' id='word_1_207' title='bbox 1095 1445 1211 1486; x_wconf 80' lang='lat' dir='ltr'>abeat,</span> <span class='ocrx_word' id='word_1_208' title='bbox 1230 1448 1369 1484; x_wconf 75' lang='lat' dir='ltr'>suadet.</span> 
     </span>
    </p>
   </div>
   <div class='ocr_carea' id='block_1_5' title="bbox 493 1510 1174 1562">
    <p class='ocr_par' dir='ltr' id='par_1_5' title="bbox 493 1510 1174 1562">
     <span class='ocr_line' id='line_1_25' title="bbox 493 1510 1174 1562; baseline 0.004 -12"><span class='ocrx_word' id='word_1_209' title='bbox 493 1510 561 1551; x_wconf 84' lang='lat' dir='ltr'>M.</span> <span class='ocrx_word' id='word_1_210' title='bbox 582 1510 634 1551; x_wconf 88' lang='lat' dir='ltr'>C.</span> <span class='ocrx_word' id='word_1_211' title='bbox 665 1510 721 1550; x_wconf 93' lang='lat' dir='ltr'>A.</span> <span class='ocrx_word' id='word_1_212' title='bbox 739 1510 1024 1562; x_wconf 83' lang='lat' dir='ltr'>CAECINAE,</span> <span class='ocrx_word' id='word_1_213' title='bbox 1056 1511 1100 1552; x_wconf 93' lang='lat' dir='ltr'>S.</span> <span class='ocrx_word' id='word_1_214' title='bbox 1118 1511 1174 1553; x_wconf 91' lang='lat' dir='ltr'>D.</span> 
     </span>
    </p>
   </div>
   <div class='ocr_carea' id='block_1_6' title="bbox 119 1564 1592 2552">
    <p class='ocr_par' dir='ltr' id='par_1_6' title="bbox 119 1564 1592 2552">
     <span class='ocr_line' id='line_1_26' title="bbox 121 1564 1549 1634; baseline 0.005 -16"><span class='ocrx_word' id='word_1_215' title='bbox 121 1564 265 1619; x_wconf 85' lang='lat' dir='ltr'>CUM</span> <span class='ocrx_word' id='word_1_216' title='bbox 307 1588 418 1620; x_wconf 89' lang='lat' dir='ltr'>esset</span> <span class='ocrx_word' id='word_1_217' title='bbox 458 1593 624 1620; x_wconf 87' lang='lat' dir='ltr'>mecum</span> <span class='ocrx_word' id='word_1_218' title='bbox 671 1578 849 1634; x_wconf 80' lang='lat' dir='ltr'>LarguS,</span> <span class='ocrx_word' id='word_1_219' title='bbox 886 1578 1016 1619; x_wconf 91' lang='lat' dir='ltr'>homo</span> <span class='ocrx_word' id='word_1_220' title='bbox 1059 1579 1122 1620; x_wconf 88' lang='lat' dir='ltr'>tui</span> <span class='ocrx_word' id='word_1_221' title='bbox 1161 1580 1391 1633; x_wconf 88' lang='lat' dir='ltr'>studiosus,</span> <span class='ocrx_word' id='word_1_222' title='bbox 1432 1582 1549 1625; x_wconf 92' lang='lat' dir='ltr'>locu-</span> 
     </span>
     <span class='ocr_line' id='line_1_27' title="bbox 121 1634 1550 1691; baseline 0.005 -17"><span class='ocrx_word' id='word_1_223' title='bbox 121 1642 204 1686; x_wconf 84' lang='lat' dir='ltr'>tus,</span> <span class='ocrx_word' id='word_1_224' title='bbox 227 1634 442 1677; x_wconf 81' lang='lat' dir='ltr'>Kalendas</span> <span class='ocrx_word' id='word_1_225' title='bbox 464 1636 564 1678; x_wconf 88' lang='lat' dir='ltr'>Jan.</span> <span class='ocrx_word' id='word_1_226' title='bbox 587 1636 667 1676; x_wconf 88' lang='lat' dir='ltr'>tibi</span> <span class='ocrx_word' id='word_1_227' title='bbox 702 1635 937 1690; x_wconf 78' lang='lat' dir='ltr'>praefinitas</span> <span class='ocrx_word' id='word_1_228' title='bbox 972 1650 1063 1677; x_wconf 88' lang='lat' dir='ltr'>esse</span> <span class='ocrx_word' id='word_1_229' title='bbox 1083 1653 1092 1677; x_wconf 76' lang='grc' dir='ltr'>ε</span> <span class='ocrx_word' id='word_1_230' title='bbox 1125 1637 1239 1691; x_wconf 92' lang='lat' dir='ltr'>quod</span> <span class='ocrx_word' id='word_1_231' title='bbox 1263 1639 1463 1680; x_wconf 89' lang='lat' dir='ltr'>omnibus</span> <span class='ocrx_word' id='word_1_232' title='bbox 1486 1655 1550 1681; x_wconf 90' lang='lat' dir='ltr'>re-</span> 
     </span>
     <span class='ocr_line' id='line_1_28' title="bbox 121 1691 1549 1749; baseline 0.005 -18"><span class='ocrx_word' id='word_1_233' title='bbox 121 1691 548 1749; x_wconf 83' lang='lat' dir='ltr'>bus-perspexeram,</span> <span class='ocrx_word' id='word_1_234' title='bbox 570 1707 667 1748; x_wconf 82' lang='lat' dir='ltr'>quae</span> <span class='ocrx_word' id='word_1_235' title='bbox 707 1692 865 1734; x_wconf 88' lang='lat' dir='ltr'>Balbus</span> <span class='ocrx_word' id='word_1_236' title='bbox 901 1702 943 1733; x_wconf 86' lang='lat' dir='ltr'>et</span> <span class='ocrx_word' id='word_1_237' title='bbox 977 1692 1161 1749; x_wconf 80' lang='lat' dir='ltr'>OppiuS,</span> <span class='ocrx_word' id='word_1_238' title='bbox 1194 1695 1370 1736; x_wconf 89' lang='lat' dir='ltr'>absente</span> <span class='ocrx_word' id='word_1_239' title='bbox 1404 1696 1549 1738; x_wconf 80' lang='lat' dir='ltr'>Caesa-</span> 
     </span>
     <span class='ocr_line' id='line_1_29' title="bbox 121 1748 1592 1806; baseline 0.006 -19"><span class='ocrx_word' id='word_1_240' title='bbox 121 1761 180 1798; x_wconf 86' lang='lat' dir='ltr'>re,</span> <span class='ocrx_word' id='word_1_241' title='bbox 201 1750 404 1805; x_wconf 79' lang='lat' dir='ltr'>egissent,</span> <span class='ocrx_word' id='word_1_242' title='bbox 426 1765 476 1791; x_wconf 85' lang='lat' dir='ltr'>ea</span> <span class='ocrx_word' id='word_1_243' title='bbox 509 1750 642 1791; x_wconf 86' lang='lat' dir='ltr'>solere</span> <span class='ocrx_word' id='word_1_244' title='bbox 677 1748 737 1790; x_wconf 90' lang='lat' dir='ltr'>illi</span> <span class='ocrx_word' id='word_1_245' title='bbox 770 1759 862 1790; x_wconf 87' lang='lat' dir='ltr'>rata</span> <span class='ocrx_word' id='word_1_246' title='bbox 891 1763 1009 1790; x_wconf 86' lang='lat' dir='ltr'>esse:</span> <span class='ocrx_word' id='word_1_247' title='bbox 1042 1750 1111 1806; x_wconf 85' lang='lat' dir='ltr'>egi</span> <span class='ocrx_word' id='word_1_248' title='bbox 1145 1750 1420 1794; x_wconf 84' lang='lat' dir='ltr'>vehementer</span> <span class='ocrx_word' id='word_1_249' title='bbox 1451 1769 1547 1796; x_wconf 87' lang='lat' dir='ltr'>cum</span> <span class='ocrx_word' id='word_1_250' title='bbox 1563 1775 1592 1806; x_wconf 47' lang='lat' dir='ltr'>b,</span> 
     </span>
     <span class='ocr_line' id='line_1_30' title="bbox 121 1803 1550 1862; baseline 0.006 -17"><span class='ocrx_word' id='word_1_251' title='bbox 121 1803 202 1858; x_wconf 82' lang='lat' dir='ltr'>his,</span> <span class='ocrx_word' id='word_1_252' title='bbox 225 1815 273 1847; x_wconf 90' lang='lat' dir='ltr'>ut</span> <span class='ocrx_word' id='word_1_253' title='bbox 293 1806 376 1848; x_wconf 86' lang='lat' dir='ltr'>hoc</span> <span class='ocrx_word' id='word_1_254' title='bbox 398 1807 503 1849; x_wconf 86' lang='lat' dir='ltr'>mihi</span> <span class='ocrx_word' id='word_1_255' title='bbox 526 1808 691 1858; x_wconf 84' lang='lat' dir='ltr'>darent,</span> <span class='ocrx_word' id='word_1_256' title='bbox 713 1805 792 1847; x_wconf 85' lang='lat' dir='ltr'>tibi</span> <span class='ocrx_word' id='word_1_257' title='bbox 816 1809 858 1847; x_wconf 92' lang='lat' dir='ltr'>in</span> <span class='ocrx_word' id='word_1_258' title='bbox 883 1806 1197 1862; x_wconf 87' lang='lat' dir='ltr'>Sicilia,quoad</span> <span class='ocrx_word' id='word_1_259' title='bbox 1223 1809 1437 1862; x_wconf 63' lang='lat' dir='ltr'>vellemus,</span> <span class='ocrx_word' id='word_1_260' title='bbox 1459 1826 1550 1854; x_wconf 88' lang='lat' dir='ltr'>esse</span> 
     </span>
     <span class='ocr_line' id='line_1_31' title="bbox 123 1862 1550 1922; baseline 0.004 -18"><span class='ocrx_word' id='word_1_261' title='bbox 123 1862 185 1902; x_wconf 88' lang='lat' dir='ltr'>uti</span> <span class='ocrx_word' id='word_1_262' title='bbox 209 1863 368 1905; x_wconf 86' lang='lat' dir='ltr'>liceret.</span> <span class='ocrx_word' id='word_1_263' title='bbox 431 1864 517 1911; x_wconf 82' lang='lat' dir='ltr'>Qui</span> <span class='ocrx_word' id='word_1_264' title='bbox 542 1864 648 1905; x_wconf 86' lang='lat' dir='ltr'>mihi</span> <span class='ocrx_word' id='word_1_265' title='bbox 670 1869 961 1915; x_wconf 75' lang='lat' dir='ltr'>consuessent,</span> <span class='ocrx_word' id='word_1_266' title='bbox 984 1874 1058 1905; x_wconf 91' lang='lat' dir='ltr'>aut</span> <span class='ocrx_word' id='word_1_267' title='bbox 1080 1865 1263 1906; x_wconf 87' lang='lat' dir='ltr'>libenter</span> <span class='ocrx_word' id='word_1_268' title='bbox 1285 1867 1492 1922; x_wconf 91' lang='lat' dir='ltr'>polliceri,</span> <span class='ocrx_word' id='word_1_269' title='bbox 1516 1869 1550 1910; x_wconf 91' lang='lat' dir='ltr'>si</span> 
     </span>
     <span class='ocr_line' id='line_1_32' title="bbox 122 1919 1548 1979; baseline 0.004 -18"><span class='ocrx_word' id='word_1_270' title='bbox 122 1919 223 1974; x_wconf 86' lang='lat' dir='ltr'>quid</span> <span class='ocrx_word' id='word_1_271' title='bbox 256 1931 366 1962; x_wconf 87' lang='lat' dir='ltr'>esset</span> <span class='ocrx_word' id='word_1_272' title='bbox 396 1921 623 1977; x_wconf 86' lang='lat' dir='ltr'>ejusmodi,</span> <span class='ocrx_word' id='word_1_273' title='bbox 647 1921 762 1976; x_wconf 91' lang='lat' dir='ltr'>quod</span> <span class='ocrx_word' id='word_1_274' title='bbox 793 1935 939 1961; x_wconf 87' lang='lat' dir='ltr'>eorum</span> <span class='ocrx_word' id='word_1_275' title='bbox 971 1921 1136 1962; x_wconf 84' lang='lat' dir='ltr'>animos</span> <span class='ocrx_word' id='word_1_276' title='bbox 1168 1937 1253 1963; x_wconf 89' lang='lat' dir='ltr'>non</span> <span class='ocrx_word' id='word_1_277' title='bbox 1285 1924 1548 1979; x_wconf 82' lang='lat' dir='ltr'>offenderet3</span> 
     </span>
     <span class='ocr_line' id='line_1_33' title="bbox 121 1977 1552 2036; baseline 0.006 -21"><span class='ocrx_word' id='word_1_278' title='bbox 121 1986 194 2016; x_wconf 88' lang='lat' dir='ltr'>aut</span> <span class='ocrx_word' id='word_1_279' title='bbox 225 1979 354 2019; x_wconf 85' lang='lat' dir='ltr'>etiam</span> <span class='ocrx_word' id='word_1_280' title='bbox 388 1993 559 2035; x_wconf 84' lang='lat' dir='ltr'>negare,</span> <span class='ocrx_word' id='word_1_281' title='bbox 581 1987 626 2020; x_wconf 90' lang='lat' dir='ltr'>et</span> <span class='ocrx_word' id='word_1_282' title='bbox 659 1977 809 2019; x_wconf 83' lang='lat' dir='ltr'>afferre</span> <span class='ocrx_word' id='word_1_283' title='bbox 838 1979 1063 2030; x_wconf 83' lang='lat' dir='ltr'>rationem,</span> <span class='ocrx_word' id='word_1_284' title='bbox 1086 1993 1162 2020; x_wconf 87' lang='lat' dir='ltr'>cur</span> <span class='ocrx_word' id='word_1_285' title='bbox 1181 1991 1417 2036; x_wconf 85' lang='lat' dir='ltr'>negarent:</span> <span class='ocrx_word' id='word_1_286' title='bbox 1449 1983 1552 2024; x_wconf 83' lang='lat' dir='ltr'>hnic</span> 
     </span>
     <span class='ocr_line' id='line_1_34' title="bbox 119 2036 1551 2092; baseline 0.006 -18"><span class='ocrx_word' id='word_1_287' title='bbox 119 2047 228 2076; x_wconf 84' lang='lat' dir='ltr'>meae</span> <span class='ocrx_word' id='word_1_288' title='bbox 256 2037 470 2092; x_wconf 86' lang='lat' dir='ltr'>rogationi</span> <span class='ocrx_word' id='word_1_289' title='bbox 491 2036 686 2092; x_wconf 82' lang='lat' dir='ltr'>40potius</span> <span class='ocrx_word' id='word_1_290' title='bbox 715 2050 801 2076; x_wconf 92' lang='lat' dir='ltr'>non</span> <span class='ocrx_word' id='word_1_291' title='bbox 824 2036 1031 2077; x_wconf 84' lang='lat' dir='ltr'>continuo</span> <span class='ocrx_word' id='word_1_292' title='bbox 1054 2037 1378 2091; x_wconf 84' lang='lat' dir='ltr'>responderunt,</span> <span class='ocrx_word' id='word_1_293' title='bbox 1399 2040 1551 2082; x_wconf 87' lang='lat' dir='ltr'>eodem</span> 
     </span>
     <span class='ocr_line' id='line_1_35' title="bbox 121 2089 1551 2147; baseline 0.006 -17"><span class='ocrx_word' id='word_1_294' title='bbox 121 2089 352 2134; x_wconf 77' lang='lat' dir='ltr'>dictamen</span> <span class='ocrx_word' id='word_1_295' title='bbox 385 2094 437 2134; x_wconf 88' lang='lat' dir='ltr'>ad</span> <span class='ocrx_word' id='word_1_296' title='bbox 468 2107 538 2134; x_wconf 89' lang='lat' dir='ltr'>me</span> <span class='ocrx_word' id='word_1_297' title='bbox 568 2100 854 2134; x_wconf 78' lang='lat' dir='ltr'>reverterunt:</span> <span class='ocrx_word' id='word_1_298' title='bbox 887 2092 995 2133; x_wconf 87' lang='lat' dir='ltr'>mihi</span> <span class='ocrx_word' id='word_1_299' title='bbox 1017 2092 1101 2134; x_wconf 91' lang='lat' dir='ltr'>hoc</span> <span class='ocrx_word' id='word_1_300' title='bbox 1127 2094 1349 2147; x_wconf 88' lang='lat' dir='ltr'>dederunt,</span> <span class='ocrx_word' id='word_1_301' title='bbox 1371 2105 1419 2137; x_wconf 87' lang='lat' dir='ltr'>ut</span> <span class='ocrx_word' id='word_1_302' title='bbox 1441 2111 1551 2138; x_wconf 87' lang='lat' dir='ltr'>esses</span> 
     </span>
     <span class='ocr_line' id='line_1_36' title="bbox 121 2146 1553 2206; baseline 0.006 -19"><span class='ocrx_word' id='word_1_303' title='bbox 121 2146 166 2188; x_wconf 90' lang='lat' dir='ltr'>in</span> <span class='ocrx_word' id='word_1_304' title='bbox 198 2148 359 2200; x_wconf 80' lang='lat' dir='ltr'>Sicilia,</span> <span class='ocrx_word' id='word_1_305' title='bbox 381 2150 521 2205; x_wconf 87' lang='lat' dir='ltr'>quoad</span> <span class='ocrx_word' id='word_1_306' title='bbox 545 2150 700 2191; x_wconf 78' lang='lat' dir='ltr'>velles:</span> <span class='ocrx_word' id='word_1_307' title='bbox 734 2164 777 2190; x_wconf 91' lang='lat' dir='ltr'>se</span> <span class='ocrx_word' id='word_1_308' title='bbox 808 2159 1098 2206; x_wconf 81' lang='lat' dir='ltr'>praestaturos‚</span> <span class='ocrx_word' id='word_1_309' title='bbox 1120 2150 1228 2192; x_wconf 87' lang='lat' dir='ltr'>nihil</span> <span class='ocrx_word' id='word_1_310' title='bbox 1258 2166 1312 2192; x_wconf 82' lang='lat' dir='ltr'>ex</span> <span class='ocrx_word' id='word_1_311' title='bbox 1343 2167 1394 2194; x_wconf 88' lang='lat' dir='ltr'>eo</span> <span class='ocrx_word' id='word_1_312' title='bbox 1423 2161 1465 2195; x_wconf 91' lang='lat' dir='ltr'>te</span> <span class='ocrx_word' id='word_1_313' title='bbox 1487 2153 1553 2195; x_wconf 89' lang='lat' dir='ltr'>of-</span> 
     </span>
     <span class='ocr_line' id='line_1_37' title="bbox 122 2203 1553 2264; baseline 0.006 -20"><span class='ocrx_word' id='word_1_314' title='bbox 122 2203 327 2246; x_wconf 81' lang='lat' dir='ltr'>fensionis</span> <span class='ocrx_word' id='word_1_315' title='bbox 358 2206 620 2248; x_wconf 80' lang='lat' dir='ltr'>habiturum.</span> <span class='ocrx_word' id='word_1_316' title='bbox 682 2207 883 2258; x_wconf 82' lang='lat' dir='ltr'>Quando,</span> <span class='ocrx_word' id='word_1_317' title='bbox 904 2207 1008 2262; x_wconf 90' lang='lat' dir='ltr'>quid</span> <span class='ocrx_word' id='word_1_318' title='bbox 1044 2207 1123 2247; x_wconf 89' lang='lat' dir='ltr'>tibi</span> <span class='ocrx_word' id='word_1_319' title='bbox 1158 2209 1445 2264; x_wconf 85' lang='lat' dir='ltr'>permittatur,</span> <span class='ocrx_word' id='word_1_320' title='bbox 1480 2226 1553 2253; x_wconf 93' lang='lat' dir='ltr'>co-</span> 
     </span>
     <span class='ocr_line' id='line_1_38' title="bbox 122 2263 1551 2320; baseline 0.004 -17"><span class='ocrx_word' id='word_1_321' title='bbox 122 2263 294 2316; x_wconf 86' lang='lat' dir='ltr'>gnosti:</span> <span class='ocrx_word' id='word_1_322' title='bbox 326 2264 429 2319; x_wconf 91' lang='lat' dir='ltr'>quid</span> <span class='ocrx_word' id='word_1_323' title='bbox 459 2264 565 2304; x_wconf 80' lang='lat' dir='ltr'>mihi</span> <span class='ocrx_word' id='word_1_324' title='bbox 598 2263 778 2319; x_wconf 89' lang='lat' dir='ltr'>placeat,</span> <span class='ocrx_word' id='word_1_325' title='bbox 802 2274 906 2319; x_wconf 90' lang='lat' dir='ltr'>puto</span> <span class='ocrx_word' id='word_1_326' title='bbox 946 2273 988 2304; x_wconf 91' lang='lat' dir='ltr'>te</span> <span class='ocrx_word' id='word_1_327' title='bbox 1017 2265 1125 2306; x_wconf 88' lang='lat' dir='ltr'>scire</span> <span class='ocrx_word' id='word_1_328' title='bbox 1156 2275 1370 2320; x_wconf 85' lang='lat' dir='ltr'>oportere.</span> <span class='ocrx_word' id='word_1_329' title='bbox 1427 2267 1551 2310; x_wconf 83' lang='lat' dir='ltr'>Actis</span> 
     </span>
     <span class='ocr_line' id='line_1_39' title="bbox 122 2317 1552 2377; baseline 0.006 -19"><span class='ocrx_word' id='word_1_330' title='bbox 122 2317 190 2359; x_wconf 90' lang='lat' dir='ltr'>his</span> <span class='ocrx_word' id='word_1_331' title='bbox 216 2321 354 2371; x_wconf 89' lang='lat' dir='ltr'>rebus,</span> <span class='ocrx_word' id='word_1_332' title='bbox 377 2320 530 2362; x_wconf 85' lang='lat' dir='ltr'>litterae</span> <span class='ocrx_word' id='word_1_333' title='bbox 553 2336 578 2361; x_wconf 86' lang='lat' dir='ltr'>a</span> <span class='ocrx_word' id='word_1_334' title='bbox 599 2330 642 2362; x_wconf 85' lang='lat' dir='ltr'>te</span> <span class='ocrx_word' id='word_1_335' title='bbox 663 2321 768 2361; x_wconf 85' lang='lat' dir='ltr'>mihi</span> <span class='ocrx_word' id='word_1_336' title='bbox 790 2321 968 2362; x_wconf 87' lang='lat' dir='ltr'>redditae</span> <span class='ocrx_word' id='word_1_337' title='bbox 1000 2331 1114 2373; x_wconf 88' lang='lat' dir='ltr'>sunt,</span> <span class='ocrx_word' id='word_1_338' title='bbox 1136 2322 1292 2377; x_wconf 88' lang='lat' dir='ltr'>quibus</span> <span class='ocrx_word' id='word_1_339' title='bbox 1314 2338 1339 2364; x_wconf 91' lang='lat' dir='ltr'>a</span> <span class='ocrx_word' id='word_1_340' title='bbox 1360 2338 1428 2365; x_wconf 90' lang='lat' dir='ltr'>me</span> <span class='ocrx_word' id='word_1_341' title='bbox 1449 2340 1552 2367; x_wconf 89' lang='lat' dir='ltr'>con-</span> 
     </span>
     <span class='ocr_line' id='line_1_40' title="bbox 123 2374 1552 2433; baseline 0.005 -17"><span class='ocrx_word' id='word_1_342' title='bbox 123 2374 263 2417; x_wconf 77' lang='lat' dir='ltr'>silium</span> <span class='ocrx_word' id='word_1_343' title='bbox 288 2378 411 2433; x_wconf 83' lang='lat' dir='ltr'>petis,</span> <span class='ocrx_word' id='word_1_344' title='bbox 433 2378 535 2433; x_wconf 90' lang='lat' dir='ltr'>quid</span> <span class='ocrx_word' id='word_1_345' title='bbox 560 2378 639 2419; x_wconf 82' lang='lat' dir='ltr'>sim</span> <span class='ocrx_word' id='word_1_346' title='bbox 661 2378 741 2419; x_wconf 90' lang='lat' dir='ltr'>tibi</span> <span class='ocrx_word' id='word_1_347' title='bbox 763 2387 913 2419; x_wconf 86' lang='lat' dir='ltr'>auctor</span> <span class='ocrx_word' id='word_1_348' title='bbox 932 2395 942 2421; x_wconf 90' lang='lat'>:</span> <span class='ocrx_word' id='word_1_349' title='bbox 975 2378 1019 2419; x_wconf 89' lang='lat' dir='ltr'>in</span> <span class='ocrx_word' id='word_1_350' title='bbox 1042 2378 1244 2421; x_wconf 89' lang='lat' dir='ltr'>Siciliane</span> <span class='ocrx_word' id='word_1_351' title='bbox 1266 2381 1475 2433; x_wconf 84' lang='lat' dir='ltr'>subsidas,</span> <span class='ocrx_word' id='word_1_352' title='bbox 1497 2397 1552 2423; x_wconf 86' lang='lat' dir='ltr'>an</span> 
     </span>
     <span class='ocr_line' id='line_1_41' title="bbox 123 2433 1555 2491; baseline 0.005 -18"><span class='ocrx_word' id='word_1_353' title='bbox 123 2433 176 2474; x_wconf 88' lang='lat' dir='ltr'>ad</span> <span class='ocrx_word' id='word_1_354' title='bbox 199 2433 398 2489; x_wconf 88' lang='lat' dir='ltr'>reliquias</span> <span class='ocrx_word' id='word_1_355' title='bbox 419 2435 625 2476; x_wconf 88' lang='lat' dir='ltr'>Asiaticae</span> <span class='ocrx_word' id='word_1_356' title='bbox 657 2435 966 2491; x_wconf 84' lang='lat' dir='ltr'>negotiationis</span> <span class='ocrx_word' id='word_1_357' title='bbox 996 2436 1282 2491; x_wconf 85' lang='lat' dir='ltr'>proficiscare.</span> <span class='ocrx_word' id='word_1_358' title='bbox 1345 2437 1456 2479; x_wconf 88' lang='lat' dir='ltr'>Haec</span> <span class='ocrx_word' id='word_1_359' title='bbox 1480 2448 1555 2480; x_wconf 84' lang='lat' dir='ltr'>tua</span> 
     </span>
     <span class='ocr_line' id='line_1_42' title="bbox 123 2489 1550 2552; baseline 0.004 -21"><span class='ocrx_word' id='word_1_360' title='bbox 123 2489 374 2533; x_wconf 86' lang='lat' dir='ltr'>deliberatio</span> <span class='ocrx_word' id='word_1_361' title='bbox 397 2506 482 2533; x_wconf 90' lang='lat' dir='ltr'>non</span> <span class='ocrx_word' id='word_1_362' title='bbox 504 2492 611 2533; x_wconf 83' lang='lat' dir='ltr'>mihi</span> <span class='ocrx_word' id='word_1_363' title='bbox 633 2492 863 2534; x_wconf 82' lang='lat' dir='ltr'>convenire</span> <span class='ocrx_word' id='word_1_364' title='bbox 877 2492 967 2534; x_wconf 86' lang='lat' dir='ltr'>visa</span> <span class='ocrx_word' id='word_1_365' title='bbox 986 2503 1051 2534; x_wconf 88' lang='lat' dir='ltr'>est</span> <span class='ocrx_word' id='word_1_366' title='bbox 1071 2508 1168 2535; x_wconf 89' lang='lat' dir='ltr'>cum</span> <span class='ocrx_word' id='word_1_367' title='bbox 1189 2495 1384 2536; x_wconf 88' lang='lat' dir='ltr'>oratione</span> <span class='ocrx_word' id='word_1_368' title='bbox 1407 2496 1550 2552; x_wconf 83' lang='lat' dir='ltr'>Largi.</span> 
     </span>
    </p>
   </div>
   <div class='ocr_carea' id='block_1_7' title="bbox 120 2615 1555 2868">
    <p class='ocr_par' dir='ltr' id='par_1_7' title="bbox 120 2615 1555 2868">
     <span class='ocr_line' id='line_1_43' title="bbox 163 2615 946 2657; baseline 0.004 -12"><span class='ocrx_word' id='word_1_369' title='bbox 163 2615 204 2648; x_wconf 85' lang='lat'>39</span> <span class='ocrx_word' id='word_1_370' title='bbox 223 2624 303 2646; x_wconf 81' lang='lat' dir='ltr'>nam</span> <span class='ocrx_word' id='word_1_371' title='bbox 315 2616 401 2656; x_wconf 80' lang='lat' dir='ltr'>quod</span> <span class='ocrx_word' id='word_1_372' title='bbox 410 2617 459 2646; x_wconf 78' lang='lat' dir='ltr'>ita</span> <span class='ocrx_word' id='word_1_373' title='bbox 474 2617 648 2657; x_wconf 75' lang='lat' dir='ltr'>consueris]</span> <span class='ocrx_word' id='word_1_374' title='bbox 666 2616 813 2647; x_wconf 78' lang='lat' dir='ltr'>Graevius</span> <span class='ocrx_word' id='word_1_375' title='bbox 854 2626 946 2648; x_wconf 83' lang='lat' dir='ltr'>enus.</span> 
     </span>
     <span class='ocr_line' id='line_1_44' title="bbox 120 2655 1552 2700; baseline 0.005 -14"><span class='ocrx_word' id='word_1_376' title='bbox 120 2655 167 2686; x_wconf 76' lang='lat' dir='ltr'>sic</span> <span class='ocrx_word' id='word_1_377' title='bbox 187 2656 301 2694; x_wconf 84' lang='lat' dir='ltr'>edidit,</span> <span class='ocrx_word' id='word_1_378' title='bbox 323 2663 482 2697; x_wconf 85' lang='lat' dir='ltr'>tanquam</span> <span class='ocrx_word' id='word_1_379' title='bbox 504 2670 521 2689; x_wconf 86' lang='lat' dir='ltr'>e</span> <span class='ocrx_word' id='word_1_380' title='bbox 538 2660 679 2699; x_wconf 78' lang='lat' dir='ltr'>vestigiis</span> <span class='ocrx_word' id='word_1_381' title='bbox 701 2660 750 2689; x_wconf 91' lang='lat' dir='ltr'>sui</span> <span class='ocrx_word' id='word_1_382' title='bbox 772 2659 812 2690; x_wconf 87' lang='lat' dir='ltr'>li·</span> <span class='ocrx_word' id='word_1_383' title='bbox 895 2663 939 2690; x_wconf 83' lang='lat'>40</span> <span class='ocrx_word' id='word_1_384' title='bbox 953 2661 1064 2700; x_wconf 74' lang='lat' dir='ltr'>pocius</span> <span class='ocrx_word' id='word_1_385' title='bbox 1084 2671 1148 2692; x_wconf 79' lang='lat' dir='ltr'>non</span> <span class='ocrx_word' id='word_1_386' title='bbox 1168 2662 1317 2691; x_wconf 76' lang='lat' dir='ltr'>continuo</span> <span class='ocrx_word' id='word_1_387' title='bbox 1338 2659 1435 2700; x_wconf 72' lang='lat' dir='ltr'>resp-J</span> <span class='ocrx_word' id='word_1_388' title='bbox 1461 2660 1552 2693; x_wconf 79' lang='lat' dir='ltr'>Grae-</span> 
     </span>
     <span class='ocr_line' id='line_1_45' title="bbox 121 2697 1555 2744; baseline 0.006 -17"><span class='ocrx_word' id='word_1_389' title='bbox 121 2697 182 2728; x_wconf 68' lang='lat' dir='ltr'>bri.</span> <span class='ocrx_word' id='word_1_390' title='bbox 205 2698 345 2739; x_wconf 77' lang='lat' dir='ltr'>Sedjam</span> <span class='ocrx_word' id='word_1_391' title='bbox 359 2701 520 2732; x_wconf 78' lang='lat' dir='ltr'>Gruterus</span> <span class='ocrx_word' id='word_1_392' title='bbox 533 2702 579 2732; x_wconf 84' lang='lat' dir='ltr'>sic</span> <span class='ocrx_word' id='word_1_393' title='bbox 591 2701 700 2732; x_wconf 86' lang='lat' dir='ltr'>habet.</span> <span class='ocrx_word' id='word_1_394' title='bbox 724 2701 813 2732; x_wconf 87' lang='lat' dir='ltr'>Olim</span> <span class='ocrx_word' id='word_1_395' title='bbox 857 2701 927 2732; x_wconf 84' lang='lat' dir='ltr'>vius</span> <span class='ocrx_word' id='word_1_396' title='bbox 955 2704 1090 2743; x_wconf 78' lang='lat' dir='ltr'>corrigit</span> <span class='ocrx_word' id='word_1_397' title='bbox 1111 2705 1265 2744; x_wconf 74' lang='lat' dir='ltr'>protinus</span> <span class='ocrx_word' id='word_1_398' title='bbox 1291 2712 1356 2733; x_wconf 80' lang='lat' dir='ltr'>non</span> <span class='ocrx_word' id='word_1_399' title='bbox 1384 2705 1555 2744; x_wconf 47' lang='lat' dir='ltr'>respond&amp;</span> 
     </span>
     <span class='ocr_line' id='line_1_46' title="bbox 122 2743 1550 2787; baseline 0.005 -17"><span class='ocrx_word' id='word_1_400' title='bbox 122 2744 193 2770; x_wconf 72' lang='lat' dir='ltr'>erat</span> <span class='ocrx_word' id='word_1_401' title='bbox 205 2743 401 2773; x_wconf 62' lang='lat' dir='ltr'>consumti.</span> <span class='ocrx_word' id='word_1_402' title='bbox 445 2743 485 2773; x_wconf 88' lang='lat' dir='ltr'>Iu</span> <span class='ocrx_word' id='word_1_403' title='bbox 499 2743 661 2780; x_wconf 55' lang='lat' dir='ltr'>Mamm,</span> <span class='ocrx_word' id='word_1_404' title='bbox 676 2743 766 2774; x_wconf 82' lang='lat' dir='ltr'>Gorl.</span> <span class='ocrx_word' id='word_1_405' title='bbox 781 2749 815 2775; x_wconf 85' lang='lat' dir='ltr'>et</span> <span class='ocrx_word' id='word_1_406' title='bbox 856 2749 949 2782; x_wconf 81' lang='lat' dir='ltr'>runt,</span> <span class='ocrx_word' id='word_1_407' title='bbox 966 2750 1006 2776; x_wconf 84' lang='lat' dir='ltr'>ut</span> <span class='ocrx_word' id='word_1_408' title='bbox 1027 2747 1178 2776; x_wconf 78' lang='lat' dir='ltr'>continuo</span> <span class='ocrx_word' id='word_1_409' title='bbox 1197 2746 1241 2776; x_wconf 84' lang='lat' dir='ltr'>sit</span> <span class='ocrx_word' id='word_1_410' title='bbox 1263 2744 1369 2785; x_wconf 81' lang='lat' dir='ltr'>glossa</span> <span class='ocrx_word' id='word_1_411' title='bbox 1391 2746 1430 2776; x_wconf 67' lang='grc' dir='ltr'>τί</span> <span class='ocrx_word' id='word_1_412' title='bbox 1445 2748 1550 2787; x_wconf 69' lang='lat' dir='ltr'>proti-</span> 
     </span>
     <span class='ocr_line' id='line_1_47' title="bbox 124 2780 1550 2829; baseline 0.008 -20"><span class='ocrx_word' id='word_1_413' title='bbox 124 2780 187 2810; x_wconf 91' lang='lat' dir='ltr'>Gu.</span> <span class='ocrx_word' id='word_1_414' title='bbox 209 2788 258 2813; x_wconf 87' lang='lat' dir='ltr'>est</span> <span class='ocrx_word' id='word_1_415' title='bbox 281 2785 449 2821; x_wconf 65' lang='lat' dir='ltr'>consuesti,</span> <span class='ocrx_word' id='word_1_416' title='bbox 471 2786 558 2824; x_wconf 85' lang='lat' dir='ltr'>quod</span> <span class='ocrx_word' id='word_1_417' title='bbox 583 2786 679 2817; x_wconf 82' lang='lat' dir='ltr'>edidi.</span> <span class='ocrx_word' id='word_1_418' title='bbox 703 2785 768 2817; x_wconf 88' lang='lat' dir='ltr'>Gu.</span> <span class='ocrx_word' id='word_1_419' title='bbox 784 2788 814 2818; x_wconf 76' lang='lat'>2.</span> <span class='ocrx_word' id='word_1_420' title='bbox 856 2795 929 2817; x_wconf 77' lang='lat' dir='ltr'>nus.</span> <span class='ocrx_word' id='word_1_421' title='bbox 945 2789 1056 2828; x_wconf 76' lang='lat' dir='ltr'>potius</span> <span class='ocrx_word' id='word_1_422' title='bbox 1077 2788 1207 2828; x_wconf 80' lang='lat' dir='ltr'>quidem</span> <span class='ocrx_word' id='word_1_423' title='bbox 1232 2796 1366 2829; x_wconf 81' lang='lat' dir='ltr'>prorsus</span> <span class='ocrx_word' id='word_1_424' title='bbox 1392 2794 1443 2820; x_wconf 76' lang='lat' dir='ltr'>est</span> <span class='ocrx_word' id='word_1_425' title='bbox 1472 2788 1550 2820; x_wconf 77' lang='lat' dir='ltr'>alie—</span> 
     </span>
     <span class='ocr_line' id='line_1_48' title="bbox 120 2825 950 2868; baseline 0.008 -16"><span class='ocrx_word' id='word_1_426' title='bbox 120 2825 319 2864; x_wconf 66' lang='lat' dir='ltr'>consuevisti.</span> <span class='ocrx_word' id='word_1_427' title='bbox 360 2827 600 2868; x_wconf 65' lang='lat' dir='ltr'>conjunctivus</span> <span class='ocrx_word' id='word_1_428' title='bbox 621 2827 675 2859; x_wconf 87' lang='lat' dir='ltr'>hic</span> <span class='ocrx_word' id='word_1_429' title='bbox 689 2833 740 2859; x_wconf 87' lang='lat' dir='ltr'>est</span> <span class='ocrx_word' id='word_1_430' title='bbox 754 2827 814 2862; x_wconf 83' lang='lat' dir='ltr'>ali·</span> <span class='ocrx_word' id='word_1_431' title='bbox 857 2837 950 2860; x_wconf 79' lang='lat' dir='ltr'>num.</span> 
     </span>
    </p>
   </div>
  </div>
 </body>
</html>
