1817 3196
381 86 459 124 AD
484 83 860 126 TORQUATUM
885 83 960 120 ET
986 82 1258 121 CETEROS.
1468 84 1542 120 1⁶29

118 196 187 230 tur
208 204 342 232 secus.
373 188 582 244 Equidem
603 203 700 230 cum
719 188 814 229 liaec
832 187 1086 237 scribebam,
1108 183 1267 240 aliquid
1282 182 1375 237 jam
1395 191 1537 224 actum

122 248 352 301 putabam:
390 248 424 276 ¹3
439 261 522 286 non
544 260 629 300 quo
651 259 722 302 ego
744 251 850 286 certo
881 244 1036 293 scirem,
1059 243 1130 284 sed
1154 240 1268 296 quod
1292 238 1403 280 haud
1427 239 1539 279 diffi-

119 303 212 344 cilis
233 313 323 344 erat
343 303 603 357 conjectura.
666 302 778 342 Nam
801 316 897 343 cum
921 301 1060 342 omnis
1084 299 1180 340 belli
1207 297 1327 338 Mars
1348 309 1539 336 commu-
1551 296 1648 334 p·8¹·

119 359 200 411 nis,
233 363 324 401 ¹4et
354 373 450 400 cum
482 372 647 414 semper
679 359 828 400 incerti
859 358 1002 399 exitus
1034 355 1284 412 proeliorum
1307 353 1417 394 sint:
1451 347 1585 392 tuma.

119 415 203 458 hoc
225 426 414 472 tempore
437 415 496 455 ita
518 429 685 470 magnae
708 416 908 470 utrinque
931 414 1085 470 copiae,
1115 413 1176 453 ita
1206 420 1365 468 paratae
1390 409 1440 450 ad
1472 408 1546 449 de-

119 474 395 529 pugnandum
417 486 506 512 esse
536 473 750 523 dicuntur,
782 481 842 523 ut,
874 481 1152 526 utercumque
1175 468 1338 517 vicerit,
1374 481 1458 506 non
1491 466 1547 506 sit

117 530 272 571 mirum
293 530 498 570 futurum.
561 529 638 569 llla
660 530 701 570 in
725 529 813 582 dies
836 529 1026 584 singulos
1050 526 1187 582 magis
1210 526 1432 580 magisque
1453 523 1547 578 opi-

117 586 190 627 nio
207 587 427 627 hominum
444 586 735 637 confirmatur,
756 587 923 626 etiamsi
943 586 1053 626 inter
1071 598 1217 625 causas
1237 594 1450 623 armorum
1469 579 1546 620 ali-

117 652 323 696 quantum
346 643 527 694 intersit,
555 654 696 684 tamen
727 643 836 684 inter
859 643 1059 683 victorias
1085 655 1171 681 non
1200 639 1382 680 multum
1413 637 1544 677 inter-

118 699 326 740 futurum.
385 698 556 741 Alteros
578 700 887 755 propemodum
903 699 996 754 jam
1022 713 1166 738 sumus
1187 695 1380 752 experti:
1412 694 1464 735 de
1486 693 1546 734 al-

120 765 225 810 tero,
246 771 373 797 nemo
394 767 472 807 est,
494 757 597 812 quin
627 757 805 813 cogitet,
840 759 1014 811 ¹5quam
1048 756 1103 795 sit
1132 752 1384 794 metuendus
1415 752 1546 791 iratus

119 813 258 854 victor
278 822 478 855 armatus.
543 813 642 855 Hoc
664 814 758 855 loco
781 814 814 854 si
839 814 985 854 videor
1007 826 1163 868 augere
1188 811 1380 852 dolorem
1410 817 1547 858 tuum,

118 884 245 925 quem
281 871 543 912 consolando
576 870 714 912 levare
747 871 941 921 debeam,
981 870 1117 911 fateor
1149 883 1218 908 me
1253 865 1549 908 communium

118 927 326 968 malorum
349 928 686 969 consolationem
708 928 865 969 nullam
890 927 1095 977 invenire,
1113 935 1269 983 praeter
1288 924 1428 964 illam:
1451 936 1548 976 quae

120 995 277 1035 tamen,
310 985 344 1025 si
376 985 511 1041 possis
542 999 636 1026 eam
668 985 896 1040 suscipere,
930 984 1122 1025 maxima
1153 991 1232 1033 est,
1264 993 1434 1036 quaque
1466 992 1550 1034 ego

120 1042 316 1096 quotidie
337 1042 474 1098 magis
498 1049 623 1084 utor:
655 1043 965 1083 conscientiam
988 1051 1116 1082 rectae
1142 1037 1387 1087 voluntatis,
1410 1036 1551 1076 maxi-

117 1113 233 1140 mam
264 1099 601 1140 consolationem
633 1113 723 1140 esse
753 1113 891 1140 rerum
927 1099 1321 1147 incommodarum3
1352 1107 1431 1134 nec
1461 1106 1552 1133 esse

119 1155 253 1197 ullum
275 1170 481 1212 magnum
511 1155 683 1206 malum,
714 1166 869 1211 praeter
890 1155 1076 1210 culpam.
1137 1154 1176 1194 A
1198 1168 1284 1208 qua
1303 1165 1437 1206 quum
1459 1159 1553 1190 tan-

121 1222 213 1254 tum
235 1213 451 1263 absumus,
473 1223 521 1253 ut
541 1213 671 1253 etiam
693 1213 856 1267 optime
878 1212 1147 1260 senserimus,
1178 1218 1442 1263 eventusque
1464 1221 1554 1246 ma·-

120 1270 186 1326 gis
208 1271 342 1311 nostri
364 1269 546 1320 consilii,
567 1283 695 1324 quam
718 1268 944 1310 consilium
968 1267 1326 1323 reprehendatur3
1357 1273 1400 1304 et
1421 1277 1554 1318 quum

120 1326 414 1382 praestitimus,
445 1326 559 1381 quod
580 1326 820 1377 debuimus,
852 1325 1083 1375 moderate,
1114 1323 1229 1379 quod
1257 1323 1414 1372 evenit,
1446 1320 1555 1361 fera-

120 1398 231 1425 mus.
292 1382 374 1424 Sed
415 1383 497 1423 hoc
529 1382 634 1423 mihi
665 1391 805 1424 tamen
839 1397 925 1423 non
958 1396 1095 1432 sumo,
1126 1390 1174 1421 ut
1205 1389 1247 1420 te
1277 1378 1471 1420 consoler
1502 1377 1556 1418 de

118 1440 423 1482 communibus
437 1440 632 1491 miseriis,
651 1454 747 1495 quae
767 1441 818 1481 ad
838 1438 1162 1488 consolandum,
1182 1436 1357 1492 majoris
1375 1434 1555 1490 ingenii,

122 1507 166 1539 et
195 1498 248 1539 ad
280 1496 518 1548 ferendum,
555 1497 781 1553 singularis
807 1497 976 1537 virtutis
1001 1495 1212 1551 indigent.
1274 1492 1385 1533 Illud
1416 1491 1555 1532 cuivis

123 1555 248 1597 facile
269 1563 333 1595 est
353 1554 521 1604 docere,
543 1568 618 1595 cur
640 1554 857 1610 praecipue
880 1563 922 1594 tu
947 1553 1089 1594 dolere
1110 1551 1217 1592 nihil
1240 1550 1409 1591 debeas.
1449 1548 1556 1603 Ejus

121 1613 253 1663 enim,
282 1611 356 1666 qui
381 1611 540 1653 tardior
558 1610 601 1651 in
624 1620 666 1651 te
686 1611 867 1652 levando
901 1609 998 1660 fuit,
1020 1623 1149 1664 quam
1180 1607 1271 1648 fore
1293 1616 1555 1663 putaremus,

123 1685 210 1711 non
241 1677 306 1709 est
335 1668 441 1709 mihi
471 1668 602 1709 dubia
628 1668 680 1708 de
708 1677 781 1709 tua
801 1668 935 1708 salute
958 1665 1182 1707 sententia.
1214 1665 1267 1705 de
1298 1664 1390 1704 aliis
1411 1672 1555 1703 autem

123 1741 212 1768 non
232 1725 416 1780 arbitror
438 1733 479 1766 te
500 1733 750 1780 exspectare
770 1725 873 1780 quid
896 1724 1093 1764 sentiam.
1155 1721 1388 1776 Reliquum
1407 1729 1486 1770 est,
1510 1728 1557 1760 ut

123 1794 166 1825 te
187 1792 332 1839 angat,
362 1782 477 1838 quod
508 1782 622 1822 absis
643 1796 668 1822 a
689 1783 773 1823 tuis
796 1781 974 1825 tamdiu.
1036 1779 1122 1820 Res
1152 1778 1348 1829 molesta,
1379 1783 1600 1833 praeser-b.

118 1841 203 1882 vtim
224 1841 279 1882 ab
301 1840 352 1881 iis
375 1839 531 1896 pueriS,
554 1839 709 1895 quibus
732 1838 838 1880 nihil
861 1846 1004 1894 potest
1024 1851 1115 1877 esse
1134 1836 1344 1877 festivius.
1387 1834 1487 1885 Sed,
1509 1844 1558 1874 ut

123 1898 177 1939 ad
199 1906 241 1940 te
262 1897 412 1952 scripsi
434 1906 573 1948 antea,
596 1906 763 1952 tempus
785 1906 850 1936 est
872 1894 1134 1951 hujusmodi,
1167 1904 1215 1934 ut
1235 1907 1354 1933 suam
1377 1892 1558 1948 quisque

123 1955 417 1997 conditionem
439 1954 719 1995 miserrimam
742 1962 888 2010 putet:
920 1962 977 2003 et,
1000 1951 1074 1992 ubi
1097 1951 1278 2006 quisque
1302 1950 1371 2001 sit,
1392 1949 1451 1989 ibi
1467 1963 1559 1989 esse

122 2013 301 2053 minime
325 2012 439 2052 velit.
501 2010 726 2066 Equidem,
757 2026 834 2051 nos
865 2010 980 2064 quod
1003 2008 1158 2049 Romae
1181 2021 1341 2058 sumus,
1371 2005 1558 2047 miserri-

123 2083 243 2112 mum
263 2083 354 2110 esse
374 2069 500 2119 duco,
522 2082 608 2109 non
631 2068 765 2109 solum
789 2067 903 2123 quod
927 2067 970 2107 in
991 2065 1113 2106 malis
1139 2064 1340 2104 omnibus
1361 2063 1557 2104 acerbius

125 2136 189 2168 est
215 2126 374 2177 videre,
403 2140 532 2181 quam
562 2125 724 2176 audire,
754 2125 826 2166 sed
857 2124 1004 2174 etiam,
1034 2121 1150 2177 quod
1181 2121 1233 2162 ad
1264 2121 1404 2162 omnis
1434 2134 1557 2162 casus

122 2183 368 2225 subitorum
391 2182 676 2238 periculorum
697 2182 834 2238 magis
857 2180 1019 2236 objecti
1042 2193 1202 2229 sumUS,
1228 2193 1356 2234 quam
1380 2179 1414 2219 si
1436 2179 1559 2219 abes-

127 2254 282 2281 semus.
313 2240 393 2280 etsi
415 2239 640 2295 meipsum,
659 2238 971 2280 consolatorem
994 2246 1130 2287 tuum,
1153 2249 1239 2276 non
1259 2245 1428 2277 tantum
1444 2235 1560 2276 litte-

127 2311 202 2348 rae,
235 2297 390 2353 quibus
421 2310 588 2353 semper
609 2295 767 2347 studui,
797 2304 1006 2350 quantum
1037 2292 1331 2349 longinquitas
1352 2293 1558 2350 temporis

123 2355 360 2412 mitigavit.
422 2353 599 2400 Quanto
622 2352 777 2394 fuerim
798 2352 959 2404 dolore,
982 2350 1231 2392 meministi.
1291 2349 1344 2391 In
1365 2366 1451 2406 quo
1473 2350 1561 2407 pri-

173 2527 211 2556 13
229 2534 294 2556 mm
312 2533 374 2564 quo
386 2534 444 2563 ego
455 2528 544 2555 certo
563 2522 692 2564 scirem]
716 2522 825 2554 verba
865 2522 889 2553 1.
906 2531 973 2553 non
987 2520 1161 2563 respondet
1175 2522 1218 2562 τῷ
1231 2524 1315 2551 tum.
1329 2529 1406 2551 nam
1422 2520 1469 2550 ita
1479 2519 1563 2550 alte-

129 2576 188 2606 ego
209 2577 237 2598 c.
260 2577 304 2598 sc.
326 2576 393 2598 non
415 2572 494 2598 sunt
515 2568 549 2597 in
572 2566 652 2597 Mss.
695 2565 735 2596 In
750 2565 822 2596 edd.
867 2574 941 2595 rum
956 2564 1088 2595 deberet
1102 2563 1213 2594 deleri.

132 2609 246 2649 primis
272 2608 479 2648 quibusdam,
514 2613 553 2639 ut
586 2611 678 2646 1471,
715 2607 826 2639 addita
913 2610 949 2638 15
977 2616 1078 2646 quam
1098 2607 1142 2637 sit
1165 2605 1258 2645 met.]
1300 2604 1444 2634 Restitui
1469 2607 1562 2634 vetus

129 2655 208 2681 sunt
221 2650 262 2683 ad
272 2650 465 2691 explendam
475 2651 740 2687 sententiamsut
750 2656 825 2690 post
866 2659 965 2690 quam
972 2661 988 2688 ,-
1002 2659 1061 2690 pro
1076 2658 1139 2688 quo
1153 2657 1228 2678 cum
1243 2657 1260 2677 e
1276 2647 1354 2677 Mss.
1370 2645 1493 2685 recepit
1506 2645 1564 2676 Vi-

131 2693 231 2724 haud.
253 2693 316 2724 Sed
329 2692 444 2724 dedere
455 2694 571 2731 sciam,
583 2697 702 2724 eontra
713 2691 826 2723 latini·
867 2693 1002 2729 ctorius,
1024 2691 1159 2731 pronior
1179 2689 1220 2720 ad
1238 2687 1436 2729 recipiendas
1452 2687 1566 2717 lectio—

131 2739 249 2772 tatem,
263 2744 338 2766 eum
351 2744 428 2766 mox
442 2735 485 2766 sit
498 2741 582 2767 erat.
868 2743 926 2765 nes
936 2734 1014 2765 Mss.
1025 2733 1184 2769 duriores,
1193 2741 1290 2770 quern
1300 2729 1468 2760 aliisecuxi
1476 2733 1567 2760 sunt.

177 2779 213 2807 14
233 2781 266 2807 et
279 2778 475 2817 cum—sim]
500 2778 564 2815 Sic,
581 2787 648 2809 non
662 2780 751 2815 sunt,
766 2776 825 2807 ha·-
868 2776 932 2807 Sed
946 2776 979 2806 id
993 2784 1125 2807 sensum
1140 2771 1348 2804 commodum
1364 2771 1484 2802 habere
1498 2780 1566 2802 non

131 2817 212 2848 bent
224 2818 296 2849 edd.
319 2828 368 2859 pr.
389 2824 423 2850 et
438 2820 483 2850 sic
498 2819 562 2850 Ms.
584 2829 688 2852 meus.
702 2829 776 2850 cum
791 2818 825 2849 h.
868 2823 988 2858 potest.
1010 2817 1142 2850 deberet
1157 2815 1231 2846 addi
1243 2823 1368 2854 semper
1379 2816 1437 2845 aut
1450 2815 1567 2846 omnis.

189 2872 464 2904 v01..111.1².
488 2874 521 2903 1.
832 2872 862 2901 Κ
