1865 3223
307 109 384 144 356
560 101 739 141 EPIST.
766 101 951 140 LIBER
976 100 1506 159 TERTIUSDECIMUS

304 223 402 264 quae
426 207 552 249 initio
578 205 817 257 ostendisti,
839 205 1176 261 75deincepsque
1207 204 1363 255 fecisti,
1384 206 1435 246 ad
1466 206 1632 246 exitum
1663 220 1738 247 au-

306 266 397 322 geri
431 275 476 306 et
503 263 710 306 cumulari
742 277 816 319 per
849 271 890 301 te
915 261 1031 303 velis.
1093 262 1143 303 Id
1165 271 1207 303 et
1231 261 1416 302 Lucceio
1451 271 1495 303 et
1530 262 1739 319 Pompeio

307 322 429 363 valde
452 332 621 378 gratum
644 320 750 370 fore,
773 331 897 374 teque
920 319 1033 374 apud
1057 333 1129 360 eos
1152 317 1353 374 praeclare
1376 319 1614 374 positurum
1637 334 1740 360 con·

308 380 432 420 firmo
455 389 497 419 et
519 377 724 434 spondeo.
774 375 841 416 De
864 375 1098 439 republica,
1122 375 1259 429 deque
1281 375 1346 415 his
1370 376 1555 431 negotiis
1578 376 1744 431 cogita-

312 436 586 490 tionibusque
619 432 773 474 nostris
810 444 1137 486 perscripseram
1169 431 1222 472 ad
1257 441 1298 472 te
1333 432 1561 487 diligenter
1600 432 1745 488 paucis

313 503 413 534 ante
434 493 608 534 diebus:
640 501 794 543 easque
817 486 979 527 litteras
1001 487 1199 527 dederam
1223 489 1364 543 pueris
1387 489 1485 529 tuis.

250 584 307 622 42
834 573 1235 612 ARGUMENTUM.

633 640 797 676 Eundem
816 639 1008 674 Lucceium
1025 639 1247 674 commendat
1269 639 1439 676 Culleolo.

489 709 558 749 M.
581 707 632 749 T.
656 708 707 749 C.
732 707 782 747 L.
806 704 1133 747 CULLEOLO
1167 704 1347 747 PROC.
1380 707 1424 747 S.
1450 708 1498 749 P.
1526 707 1582 749 D.

320 765 385 818 L.
415 774 716 818 LUCCEIUS
754 788 887 823 meuS,
917 772 1049 813 homo
1089 773 1284 814 omnium
1322 774 1603 828 gratissimus,
1636 776 1754 817 miri-

318 836 420 877 ficas
463 834 542 873 tibi
581 831 693 887 apud
734 844 800 870 me
837 830 995 884 gratias
1034 830 1139 885 egit,
1177 844 1276 870 cum
1316 832 1491 882 diceret,
1532 833 1676 873 omnia
1712 842 1753 873 te

321 889 655 933 cumulatissime
686 898 729 929 et
762 886 1059 927 liberalissime
1098 888 1445 942 procuratoribus
1479 888 1564 928 suis
1593 889 1756 944 pollici-

322 959 413 988 tum
443 961 547 987 esse.
610 945 721 986 Cum
754 944 892 984 oratio
928 953 1002 983 tua
1029 953 1113 984 tam
1137 943 1175 984 ei
1199 953 1322 999 grata
1345 944 1486 996 fuerit,-
1508 959 1638 999 quam
1660 959 1757 1001 gra-

321 1015 409 1046 tam
433 1018 520 1044 rem
543 1003 678 1058 ipsam
707 1001 928 1042 existimas
963 999 1068 1051 fore,
1090 1015 1204 1050 cum,
1226 1012 1275 1040 ut
1307 1016 1444 1056 spero,
1466 1017 1562 1057 quae
1591 1002 1756 1058 pollici-

323 1073 389 1103 tus
411 1076 469 1106 es.
494 1059 671 1100 feceris?
732 1057 924 1098 Omnino
947 1057 1226 1098 ostenderunt
1259 1058 1492 1110 Bulliones,
1522 1073 1611 1101 sese
1647 1058 1757 1100 Luc-

325 1118 417 1159 ceio
441 1116 638 1172 Pompeii
661 1114 868 1156 arbitratu
893 1114 1200 1155 satisfacturos,
1250 1114 1333 1156 Sed
1359 1115 1630 1157 vehementer
1649 1130 1758 1171 opus

326 1187 390 1215 est
431 1175 570 1223 nobis,
608 1182 649 1213 et
693 1171 972 1221 voluntatem,
1011 1179 1056 1212 et
1096 1172 1411 1223 auctoritatem,
1448 1182 1491 1214 et
1531 1173 1758 1228 imperium

330 1244 449 1273 tuum
484 1230 698 1272 accedere.
761 1229 889 1275 Quod
923 1238 969 1268 ut
1001 1228 1147 1279 facias,
1171 1238 1212 1269 te
1240 1230 1370 1270 etiam
1393 1240 1522 1286 atque
1542 1230 1672 1270 etiam
1695 1243 1763 1270 ro-

201 1305 402 1346 p.2‘21.g0-
464 1287 659 1342 Illudque
692 1285 797 1326 mihi
827 1285 1117 1339 gratissimum
1145 1295 1223 1335 est,
1246 1287 1361 1341 quod
1395 1288 1454 1328 ita
1484 1286 1626 1328 sciunt
1653 1286 1764 1327 Luc-

288 1347 412 1388 a·ceii
441 1352 750 1400 procuratores,
772 1350 815 1383 et
846 1354 904 1382 ,ta
938 1341 1144 1383 Lucceius
1175 1342 1266 1398 ipse
1287 1358 1340 1384 ex
1364 1343 1516 1384 litteris
1539 1345 1637 1394 tuis,
1659 1357 1763 1398 quas

333 1405 382 1444 ad
412 1417 507 1443 eum
546 1400 714 1449 misisti,
739 1398 964 1448 intellexit,
988 1398 1173 1439 hominis
1200 1400 1354 1440 nullius
1379 1401 1490 1457 apud
1515 1409 1556 1440 te
1577 1400 1764 1441 auctori-

335 1470 465 1501 tatem
498 1469 567 1498 aut
601 1457 784 1512 gratiam
810 1455 945 1496 valere
976 1454 1083 1510 plus,
1107 1470 1234 1510 quam
1264 1471 1416 1498 meam.
1481 1457 1529 1498 Id
1557 1467 1604 1498 ut
1626 1471 1668 1498 re
1689 1471 1765 1498 ex·

336 1517 538 1573 periatur,
563 1515 715 1554 iterum
737 1523 780 1554 et
803 1512 960 1568 saepius
983 1523 1025 1552 te
1048 1526 1168 1568 rogo.

272 1608 324 1644 43
851 1601 1255 1639 ARGUMENTUM.

472 1669 625 1716 Oppium
650 1666 758 1702 Gallo
775 1666 1012 1708 commendat,
1032 1665 1188 1712 Egnatii
1207 1667 1354 1713 negotia
1368 1670 1638 1713 procurantem.

537 1733 603 1774 M.
626 1732 676 1773 T.
702 1732 752 1773 C.
775 1730 1098 1778 TSQUINTIO
1130 1731 1337 1774 GALLO
1369 1732 1412 1773 S.
1439 1732 1488 1773 P.
1515 1731 1572 1774 D.

345 1791 488 1844 ETSI
522 1802 713 1858 plurimis
741 1801 866 1841 rebus
899 1814 1022 1856 spero
1054 1799 1158 1850 fore,
1188 1810 1235 1840 ut
1267 1801 1538 1856 perspiciam,
1560 1800 1674 1855 quod
1709 1809 1772 1841 ta-

342 1876 438 1901 mcn
471 1859 732 1915 jampridem
776 1857 1002 1913 perspicio,
1042 1871 1109 1898 me
1144 1872 1169 1897 a
1206 1867 1246 1897 te
1281 1858 1440 1899 amari:
1478 1868 1620 1898 tamen
1657 1871 1773 1898 nunc

344 1935 394 1957 ca
429 1932 557 1958 causa
595 1916 672 1956 tibi
710 1916 847 1963 datur,
882 1915 925 1955 in
961 1928 1046 1969 qua
1081 1913 1206 1955 facile
1238 1914 1451 1955 declarare
1486 1915 1621 1970 possis
1657 1924 1774 1955 tuam

345 1988 447 2029 erga
479 1988 546 2014 me
583 1971 930 2013 benivolentiam.
992 1970 1040 2011 L.
1065 1970 1249 2026 Oppius,
1280 1970 1346 2012 M.
1372 1971 1419 2012 F.
1444 1970 1672 2012 Philomeli
1704 1983 1780 2011 ne-

348 2032 552 2087 gotiatur,
586 2030 715 2070 homo
750 2028 854 2069 milii
887 2027 1123 2068 familiaris.
1156 2041 1253 2068 eum
1288 2029 1368 2068 tibi
1402 2030 1526 2069 unice
1558 2041 1777 2069 commen-

348 2090 428 2130 do:
461 2102 597 2142 eoque
629 2086 782 2142 magiS,
804 2085 917 2139 quod
950 2099 1049 2125 cum
1083 2085 1221 2140 ipsum
1255 2085 1404 2140 diligo,
1437 2095 1527 2126 tuin
1557 2085 1671 2139 quod
1707 2098 1780 2124 ne-

351 2146 472 2202 gotia
495 2154 693 2200 procurat
725 2143 773 2183 L.
798 2142 970 2197 Egnatii
1005 2140 1129 2182 Rufi:
1162 2156 1247 2196 quo
1280 2157 1361 2198 ego
1396 2157 1481 2183 uno
1513 2142 1657 2197 equite
1691 2141 1783 2182 Ro-

352 2217 479 2243 mano
514 2201 841 2242 familiarissime
873 2209 982 2249 utor,
1015 2208 1058 2238 et
1079 2199 1150 2253 qui
1185 2199 1495 2240 consuetudine
1517 2199 1783 2254 quotidiana,

356 2269 445 2299 tum
469 2258 622 2298 officiis
645 2256 837 2313 plurimis
862 2255 1145 2310 maximisque
1167 2256 1273 2296 mihi
1296 2257 1553 2311 conjunctus
1574 2265 1652 2297 est.
1692 2254 1784 2311 Op-

354 2316 475 2371 pium
499 2316 629 2370 igitur
660 2323 911 2370 praesentem
939 2322 984 2353 ut
1010 2312 1178 2368 diligaS,
1202 2312 1376 2368 Egnatii
1399 2313 1586 2354 absentis
1616 2327 1705 2353 rem
1737 2321 1784 2352 ut

358 2383 515 2423 tueare,
539 2386 661 2425 aeque
692 2388 716 2411 a
750 2381 791 2410 te
815 2380 929 2426 pctO,
951 2385 1000 2410 ac
1032 2370 1064 2409 si
1097 2384 1192 2410 mea
1219 2371 1394 2426 negotia
1415 2380 1568 2411 essent.
1630 2368 1785 2417 Velim,

358 2428 576 2470 memoriae
616 2437 701 2468 tuae
743 2442 884 2478 causa,
922 2427 1046 2466 TTdeS
1082 2426 1318 2468 litterarum
1356 2427 1531 2483 aliquid,
1570 2440 1667 2481 quae
1706 2425 1786 2465 tibi

404 2577 444 2609 75
461 2572 719 2613 deincepsqucjl]
736 2572 849 2603 Addidi
865 2583 925 2612 que
939 2585 955 2602 e
973 2574 1051 2604 Mss.
1101 2575 1141 2604 lio
1155 2587 1163 2603 .·
1186 2580 1298 2612 estque
1312 2574 1362 2603 hie
1377 2582 1571 2612 cognomen.
1586 2581 1616 2602 v.
1634 2571 1725 2602 clav.
1741 2571 1791 2601 ni-

364 2620 470 2649 Anist.
486 2618 551 2647 Gu.
569 2619 643 2646 l.et
668 2626 750 2646 mco.
767 2616 838 2646 edd.
861 2625 908 2653 pr.
932 2620 967 2645 ut
991 2617 1053 2644 Gn.
1100 2619 1124 2646 si
1144 2626 1217 2645 vero
1239 2616 1363 2656 „Quinto
1385 2614 1571 2654 legendum,
1595 2623 1661 2644 non
1684 2613 1794 2655 Quin-

365 2666 393 2690 2.
409 2659 520 2689 deinde
534 2668 603 2698 qzcoe
619 2668 676 2698 pro
694 2658 879 2697 deindeque,
896 2657 980 2695 quod
1002 2668 1055 2688 eo·
1103 2661 1159 2694 tio,
1186 2664 1222 2687 ut
1247 2657 1354 2696 placet
1379 2658 1544 2688 Manutio.
1587 2656 1632 2686 Et
1658 2656 1692 2686 in
1719 2654 1791 2686 edd.

365 2704 438 2733 dem
456 2701 551 2732 redit.
1106 2710 1153 2740 pr.
1168 2706 1217 2729 est
1233 2705 1366 2730 tanturn
1389 2700 1429 2740 Ω.
1445 2704 1479 2730 at
1502 2699 1549 2729 ita
1569 2707 1638 2728 esse
1659 2697 1792 2728 deberet

408 2743 448 2776 76
471 2743 515 2784 ῼ.
542 2742 717 2781 GALLO]
750 2741 802 2772 lta
830 2751 905 2771 cum
931 2741 1059 2772 Groevio
1114 2743 1266 2772 Gallioni.

367 2785 453 2822 dedi,
469 2790 583 2824 estque
605 2785 650 2814 sic
672 2785 707 2814 in
730 2784 792 2814 Gu.
809 2785 840 2814 2.
863 2784 992 2814 Gallius
1005 2794 1058 2813 co—
1148 2787 1187 2817 77
1213 2784 1266 2813 des
1295 2784 1469 2814 literarum
1494 2781 1636 2822 aliquid]
1667 2780 1794 2820 Nempe

369 2837 510 2867 gnomen
526 2836 592 2858 uon
608 2832 656 2857 est
671 2837 723 2867 ap.
740 2826 888 2862 Latinos,
904 2827 957 2856 sed
979 2826 1058 2856 Gal·
1108 2827 1350 2866 responsionem
1363 2825 1403 2856 ad
1418 2826 1584 2857 Ciceronis
1599 2823 1783 2867 epistolam.
