1817 3196
440 99 518 158 Ao
543 117 888 158 METELLUM
912 116 987 155 ET
1013 116 1292 155 CETEROS.
1525 123 1575 159 99

659 221 1062 260 ARGUMENTUM.

149 281 211 320 De
228 285 450 322 contumeliis
469 284 651 332 cujusdam
670 287 872 327 necessarii,
903 287 965 332 qui
994 284 1037 320 P.
1065 283 1212 320 Clodius
1230 283 1370 320 videtur
1389 294 1470 322 esse,
1492 296 1575 330 que-

193 338 299 378 ritur,
319 338 356 372 in
375 336 473 383 cujus
493 338 568 373 Ioco
589 339 804 380 Ciceronem,
826 337 952 385 officiis
975 340 1215 384 perspectum,
1243 335 1310 371 sibi
1329 339 1432 382 optat
1450 346 1531 374 esse,
1553 348 1576 370 α

192 399 262 434 quo
275 391 384 436 petit,
403 395 444 425 ut
462 389 735 425 benivolentiam
757 393 948 425 conservet.

365 455 421 501 Q
448 455 771 498 METELLUS
806 455 942 497 NEP.
976 455 1019 496 S.
1043 454 1100 497 D.
1133 453 1201 494 M.
1223 452 1274 494 T.
1299 451 1350 494 C.

149 506 434 563 HOMINIS
458 524 813 579 importunissimi
829 522 1284 577 0011tumeliae‚q·uibus
1298 520 1456 562 crebris
1474 535 1577 562 con-

140 578 336 619 cionibus
360 593 427 620 me
450 592 612 631 onerat,
646 582 728 622 tuis
765 596 866 635 erfra
896 595 963 620 me
991 555 1154 621 officiis
1178 578 1408 628 leniuntur,
1442 589 1499 627 et,
1529 589 1577 618 ut

141 644 238 675 suut
259 634 370 676 leves
389 637 442 677 ab
466 639 674 691 ejusmodi
694 638 881 687 homino,
896 652 920 677 a
941 651 1009 677 me
1031 637 1119 677 des
1110 637 1351 691 piciuntur;
1374 634 1576 676 libente1-

140 705 240 745 que,
261 704 527 735 commutata
549 710 743 751 persona,
766 705 806 735 te
826 670 931 735 mihi
951 693 1096 734 fratris
1116 693 1209 733 loco
1232 706 1322 732 esse
1341 668 1469 732 lluco.
1508 691 1576 732 De

138 747 210 788 illo
231 761 286 790 ne
306 752 551 792 meminisse
581 753 753 807 quidem
777 752 901 793 Vtolo
936 751 1103 791 tametsi
1131 749 1243 790 ¹0b1s
1269 763 1368 789 eum
1391 749 1577 790 invitum

136 805 319 847 servavi.
381 806 449 848 De
471 809 575 850 meis
600 810 739 857 rebus,
761 824 811 850 ne
836 808 957 849 vobis
985 806 1309 848 lb'multitudine
1338 805 1577 847 litteraium

133 861 356 905 molestior
377 879 526 915 essem,
551 867 602 907 ad
640 866 821 907 Lollium
856 865 1106 921 perscripsi3
1138 865 1191 905 de
1218 863 1454 904 rationibus
1477 877 1575 919 pro-

136 918 291 960 vinciae
316 922 419 976 quid
443 898 592 964 vellem
617 923 721 974 fieri,
744 934 792 963 ut
816 924 848 963 is
878 937 952 963 xos
972 922 1145 963 doceret
1166 930 1210 962 et
1231 920 1575 962 commoneface-

137 986 216 1016 ret.
275 978 317 1018 Si
345 980 518 1033 poteris,
540 980 661 1022 velim
688 981 910 1037 pristinam
943 987 1062 1020 tuam
1094 993 1197 1034 erga
1222 992 1289 1019 me
1311 977 1576 1018 voluntatem

139 1046 381 1076 conserves.
440 1036 559 1078 Vale.

650 1094 758 1131 ARG
765 1093 994 1131 UMENTU
997 1092 1053 1130 M.

203 1153 319 1190 Exsul
337 1167 437 1204 opem
457 1158 629 1206 implorat
648 1158 815 1198 consulis,
837 1162 871 1192 et
892 1158 1100 1192 memoriam
1120 1156 1278 1204 beneficii
1293 1155 1498 1202 pollicetur.

292 1222 359 1265 M.
381 1223 432 1264 C.
466 1225 509 1265 S.
536 1224 591 1266 D.
625 1225 681 1271 Q.
707 1223 999 1264 METELLO
1025 1222 1254 1264 NEPOTI
1277 1223 1406 1264 COS.

141 1274 436 1331 LITTERAE
492 1291 647 1337 Quinti
689 1290 846 1342 fratris,
891 1300 934 1330 et
977 1289 1029 1331 T.
1065 1290 1313 1345 Pomponii,
1346 1289 1579 1331 necessarii

136 1346 236 1396 mei,
278 1356 446 1389 tantum
480 1348 569 1403 spei
602 1348 821 1398 dederant,
861 1356 910 1388 ut
942 1347 985 1388 in
1021 1356 1062 1388 te
1099 1361 1184 1388 non
1217 1346 1368 1403 {minus
1413 1347 1579 1397 auxilii,

134 1417 262 1461 quam
286 1403 329 1445 in
362 1414 435 1445 tuo
457 1405 624 1460 collega
645 1405 748 1446 mihi
773 1404 1058 1445 constitutum
1081 1403 1226 1444 fuerit.
1288 1403 1440 1459 Itaque
1462 1403 1580 1445 litte-

134 1477 178 1503 rc
172 1477 202 1503 5
225 1461 277 1502 ad
301 1470 342 1502 te
365 1462 507 1502 statim
536 1462 655 1504 misi:
690 1477 764 1518 per
785 1476 904 1517 qua5‚
931 1464 965 1495 17
981 1471 1028 1502 ut
1050 1460 1223 1502 fortuna
1255 1460 1515 1517 postulabat,
1537 1471 1581 1502 et

139 1518 299 1575 gratias
316 1518 396 1559 tibi
419 1519 560 1574 egi‚et
582 1519 634 1559 de
656 1520 820 1574 leliquo
842 1531 1036 1573 tempore
1058 1518 1266 1559 auxilium
1290 1519 1410 1573 petii.
1454 1518 1582 1559 Post-

133 1590 187 1617 ea
215 1574 321 1616 mihi
357 1589 439 1616 non
476 1585 562 1616 tam
595 1589 790 1617 meorum
820 1574 990 1625 litterae,
1013 1590 1140 1630 quum
1172 1589 1385 1615 sersmmes
1415 1578 1578 1626 eorum,

137 1632 210 1687 qui
230 1632 311 1672 hac
334 1632 414 1673 iter
435 1632 666 1682 faciebant,
690 1633 880 1673 animum
914 1642 1035 1672 tuum
1061 1632 1332 1672 immutatum
1359 1632 1580 1688 significa-

135 1690 254 1730 bant.
277 1703 373 1743 quae
398 1703 461 1729 res
481 1689 598 1739 fecit,
619 1699 665 1730 ut
690 1690 768 1731 tibi
794 1688 946 1729 litteris
973 1690 1220 1753 obstrepere
1254 1703 1338 1730 non
1359 1689 1575 1730 auderem.

135 1745 265 1787 Nunc
287 1745 393 1786 mihi
422 1746 612 1810 Quintus
646 1746 776 1787 fr-atffl
806 1760 924 1786 meus
959 1746 1230 1786 mitissimam
1267 1755 1386 1786 tuam
1416 1761 1464 1786 οι
1467 1747 1578 1787 1tio-

134 1817 248 1853 nem,
270 1817 397 1858 quam
428 1803 471 1844 in
500 1813 647 1844 senatu
672 1803 907 1854 habuisses,
945 1803 1218 1858 perscripsit3
1251 1818 1336 1857 qua
1357 1803 1574 1853 inductus,

135 1859 189 1901 ad
210 1868 252 1900 te
275 1860 459 1901 scribere
489 1875 582 1901 sum
615 1870 809 1911 conatus,
827 1869 870 1900 et
892 1860 967 1900 abs
990 1870 1047 1910 te,
1071 1870 1280 1915 quantum
1304 1870 1378 1900 tua
1399 1859 1481 1901 fert
1503 1875 1577 1901 vo-

137 1916 294 1967 luntas,
317 1926 418 1972 peto
439 1932 687 1972 quaesoque,
711 1929 757 1958 ut
780 1927 874 1957 tuos
898 1930 1067 1957 mecum
1091 1931 1183 1956 sert
1187 1931 1229 1957 es
1254 1919 1414 1972 potius,
1448 1932 1578 1972 quam

135 1982 313 2029 propter
352 1984 624 2039 arrogffntem
663 1974 958 2016 crudelitatem
999 1983 1171 2015 tuorum
1224 1988 1293 2014 me
1335 1989 1576 2038 oppugnes.

137 2032 174 2061 18
188 2029 253 2072 Tu
276 2039 369 2072 tuas
393 2031 641 2073 inimicitias
664 2041 710 2072 ut
733 2031 981 2087 reipublicae
1001 2031 1196 2081 donares,
1216 2040 1258 2070 te
1276 2031 1443 2073 vicisti:
1477 2031 1578 2072 alie-

135 2100 210 2127 nas
228 2096 277 2128 ut
295 2096 446 2129 contra
466 2088 774 2144 rempublicam
805 2088 1047 2139 consumes,
1069 2087 1322 2130 adduceris?
1357 2092 1393 2123 19
1408 2088 1577 2134 Quodsi

136 2143 244 2185 mihi
268 2153 341 2185 tua
362 2144 589 2187 clementia
609 2161 734 2201 opem
756 2145 915 2196 tuleris,
938 2145 1170 2185 omnibus
1162 2159 1204 2184 1n
1229 2145 1353 2185 rebus
1387 2160 1456 2186 me
1486 2145 1577 2186 fore

141 2199 188 2242 in
206 2208 281 2241 tua
307 2210 537 2258 potestate,
571 2203 651 2243 tibi
677 2203 912 2244 confirmo:
945 2202 1010 2242 sin
1044 2201 1150 2242 mihi
1179 2216 1317 2257 neque
1350 2203 1577 2259 magistra·

181 2325 220 2354 15
244 2324 290 2354 bis
308 2334 382 2355 eum
405 2325 547 2356 invitum
567 2325 610 2365 s.]
635 2325 738 2356 Aecus
725 2331 833 2357 atum
877 2335 946 2356 rere
960 2330 1073 2363 tamen
1096 2325 1130 2355 in
1152 2335 1190 2355 eo
1210 2325 1310 2362 soleo,
1325 2327 1484 2365 quianon
1499 2328 1558 2358 sati
1561 2337 1576 2357 s

135 2363 189 2395 bis
203 2364 242 2395 de
257 2367 288 2396 vi
303 2377 323 2396 a
338 2367 464 2398 Milone
480 2367 645 2399 Clodium.
877 2373 992 2408 aptum
1010 2368 1122 2407 priori,
1135 2369 1267 2405 gratias
1281 2372 1304 2398 t.
1320 2369 1382 2407 egi.

178 2408 216 2438 16
238 2409 449 2440 multitudine
463 2410 530 2450 lit.]
558 2410 763 2441 AbestaMs.
778 2420 836 2441 no-

139 2453 220 2481 stro.
246 2459 305 2490 pro
322 2451 566 2482 Lolliumidem
590 2452 653 2482 Ms.
668 2457 700 2482 et
723 2453 785 2482 Gu.
803 2460 835 2483 et

132 2491 204 2521 edd.
220 2501 269 2531 pr.
294 2492 446 2524 Loelium.
491 2493 728 2534 Intelligendus
744 2495 830 2525 vide-

135 2536 191 2563 tur
204 2502 252 2564 Μ.
277 2534 402 2565 Lollius
423 2535 613 2574 ClodianuS,
634 2537 731 2575 cujus
747 2546 831 2577 saepe

135 2573 171 2603 in
191 2585 237 2606 or.
264 2585 323 2616 pro
347 2577 457 2608 Domo
484 2579 621 2609 mentio.
646 2580 831 2619 perscripsi,

134 2620 186 2646 est
211 2618 385 2657 diligenter
411 2621 524 2660 scripsi
547 2620 671 2656 omnia,
700 2622 733 2651 ni
761 2622 833 2660 quis

135 2658 232 2690 malit
244 2661 370 2700 scripsi,
384 2666 423 2692 ut
437 2661 469 2691 in
487 2661 568 2692 libro
583 2661 648 2693 Ms.
666 2669 831 2703 repertum

134 2704 196 2731 est.
240 2702 303 2732 Pro
327 2703 613 2744 commonefaceret
634 2704 699 2735 Ms.
722 2711 834 2736 noster

135 2742 354 2782 corfirmaret.

181 2786 217 2817 17
239 2790 278 2816 ut
288 2786 435 2826 fortuna
444 2789 647 2828 postulabat]
672 2789 722 2820 De
736 2789 835 2819 exilio

137 2823 301 2863 loquitur:
325 2829 529 2869 referturque
550 2830 613 2861 hoc
639 2832 780 2862 maxime
795 2830 836 2860 ad

140 2867 313 2907 auxilium,
326 2871 411 2910 quod
427 2872 603 2912 petendum
619 2878 713 2904 esset.
759 2874 837 2905 ΗΕ-

924 2413 960 2441 18
986 2410 1038 2440 Tu
1054 2414 1129 2440 tuas
1142 2411 1331 2445 inimicitias
1350 2411 1424 2450 δια]
1449 2411 1576 2450 Nempe

880 2462 955 2483 cum
975 2452 1156 2483 Lentulum
1180 2452 1218 2481 de
1243 2452 1400 2483 Cicerone
1426 2454 1465 2483 ab
1480 2454 1577 2484 exilio

874 2494 1054 2525 revocando
1072 2494 1266 2524 referentem
1294 2504 1361 2524 non
1387 2495 1573 2533 impediret,
1618 2520 1620 2522 ,

873 2542 907 2567 et
923 2536 955 2567 id
975 2546 1009 2566 se
1024 2537 1102 2576 reip.
1119 2545 1216 2566 cause.
1232 2545 1296 2565 non
1317 2536 1422 2566 facere
1435 2536 1573 2567 diceret.

874 2579 1012 2610 Donare
1037 2588 1096 2618 pro
1121 2578 1285 2608 usitatiori
1308 2578 1501 2616 condonare,
1518 2589 1575 2609 cu·-

868 2622 925 2659 ius
939 2625 974 2651 et
989 2620 1053 2651 alia
1065 2620 1216 2659 exempla
1239 2623 1328 2650 sunt.
1354 2629 1384 2649 v.
1402 2620 1510 2651 Graev.
1536 2619 1578 2652 ad

876 2663 908 2694 h.
925 2663 949 2693 l.

921 2708 958 2740 19
970 2704 1093 2746 Onodsi
1109 2704 1190 2734 mihi
1203 2708 1227 2733 t.
1244 2705 1378 2732 clemen?
1380 2703 1413 2732 ἰα
1429 2713 1478 2743 op.
1494 2706 1520 2734 t.
1522 2703 1562 2742 ]
1553 2713 1574 2734 ι.

869 2757 905 2795 ¹e..
932 2748 958 2777 si
984 2747 1065 2777 mihi
1089 2756 1184 2785 opem
1211 2745 1337 2781 tuleris,
1355 2754 1414 2775 nec
1436 2746 1576 2776 inimici-

876 2790 999 2820 tiarum
1026 2797 1154 2821 memor
1179 2792 1213 2818 et
1239 2786 1415 2818 ulciscendi
1442 2788 1577 2829 cupidus

877 2831 952 2862 eris.

807 2919 885 2954 ΗΞ

1587 230 1612 266 3
1640 234 1642 237 ,

1585 1107 1613 1144 4

1587 1245 1619 1274 P·

1591 1288 1621 1308 a.
