1817 3196
270 84 342 120 114
627 82 806 121 EPIST.
843 81 1027 120 LIBER
1052 79 1312 122 QUINTUS

226 184 387 226 b-enim
407 184 522 227 aliud
542 184 682 227 facere
705 188 900 242 possum?
931 185 1018 236 sed,
1045 174 1191 226 nescio
1223 182 1455 238 quomodo,
1477 182 1582 238 ipsae
1611 181 1695 225 illae

220 1008 269 1049 16

271 242 499 284 excludere
520 257 587 283 me
609 258 633 283 a
652 253 776 299 portu
798 252 841 283 et
863 241 1060 297 perfugio
1084 241 1295 290 videntur,
1327 250 1371 281 et
1396 240 1517 294 quasi
1540 253 1696 295 expro-

272 299 410 350 brare,
431 300 546 355 quod
576 301 618 340 in
643 314 692 340 ea
713 300 803 340 vita
825 313 1032 344 maneam,
1057 298 1097 338 in
1121 313 1207 352 qua
1227 297 1335 338 nihil
1357 297 1472 347 insit,
1495 296 1575 336 nisi
1599 309 1696 351 pro-

274 357 451 411 pagatio
474 356 697 397 miserrimi
721 356 939 410 temporis.
1002 354 1089 395 Hie
1109 364 1153 395 tu
1176 369 1226 395 ea
1247 368 1314 395 me
1335 355 1481 395 abesse
1501 354 1604 393 urbe
1621 353 1699 393 rni-

276 414 394 463 raris‚
434 413 475 453 in
508 428 594 464 qua
617 413 768 453 domus
812 411 918 451 nihil
953 411 1162 452 delectare
1203 411 1353 466 possit,
1393 423 1605 451 summum
1646 410 1703 450 sit

276 470 423 511 odium
447 480 702 524 temporum,
727 467 963 516 hominum,
986 467 1082 516 fori,
1100 467 1259 508 curiae?
1293 467 1443 523 Itaque
1468 467 1527 507 sic
1548 466 1700 507 litteris

276 536 387 577 utor,
412 527 454 567 in
477 526 632 580 quibus
653 538 859 565 consumo
881 538 1007 564 omne
1031 532 1211 579 tempus,
1234 537 1318 564 non
1341 534 1388 564 ut
1408 525 1461 565 ab
1482 523 1546 564 his
1569 523 1704 563 medi-

275 585 417 624 cinam
453 591 717 637 perpetuam,
745 581 816 621 sed
842 591 887 621 ut
917 580 1119 636 exiguam
1145 579 1302 620 doloris
1334 581 1598 622 oblivionem
1628 593 1703 635 pe·

278 649 380 680 tam.
443 639 609 685 Quodsi
634 639 674 679 id
697 638 946 694 egissemus,
969 651 1050 693 ego
1072 646 1200 690 atque
1223 646 1283 686 tu,
1305 638 1417 691 quod
1443 652 1493 678 ne
1515 638 1559 678 in
1584 651 1704 677 men-

279 700 365 736 tem
388 696 559 751 quidem
584 696 706 735 nobis
732 695 943 745 veniebat,
967 703 1140 749 propter
1155 693 1427 748 quotidianos
1445 704 1596 743 metm,
1613 708 1706 733 om-

278 767 333 794 ne
359 763 528 808 tempus
561 767 644 792 una
665 752 914 792 fuissemus:
948 765 1084 805 neque
1114 764 1181 790 me
1212 749 1400 791 valitudo
1422 760 1496 792 tua
1516 751 1706 791 offende-

281 820 358 860 ret,
380 823 517 863 neque
550 818 592 849 te
616 822 776 848 moeror
804 822 936 848 meus.
998 807 1144 856 Quod,
1173 815 1381 861 quantum
1411 807 1502 848 fieri
1533 808 1707 863 poterit,

280 880 605 921 consequamur.
645 865 763 911 Quid
783 865 898 905 enim
919 874 984 906 est
1004 864 1173 920 utrique
1196 863 1385 905 nostrfim
1409 864 1578 919 aptius?
1603 864 1707 905 Pro-

281 923 449 979 pediem
473 933 515 963 te
534 923 666 979 igitur
689 922 859 963 videbo.

793 1009 1197 1048 ARGUMENTUM.

366 1074 583 1113 consolatur
601 1074 794 1122 diligenter
811 1075 979 1114 amicum,
999 1073 1134 1108 obitum
1153 1073 1344 1108 liberorum
1362 1073 1631 1108 immoderatius

900 1125 1095 1174 ferentem.

613 1191 681 1233 M.
703 1191 754 1233 T.
778 1190 1011 1233 CICERO
1043 1192 1086 1232 S.
1112 1190 1168 1232 D.
1199 1190 1385 1232 TlTIO.

288 1248 434 1302 ETSI
462 1276 570 1302 unus
600 1275 652 1301 ex
691 1259 891 1300 omnibus
922 1259 1098 1299 minime
1130 1273 1223 1299 sum
1252 1259 1304 1299 ad
1334 1268 1376 1299 te
1407 1257 1714 1299 consolandum

287 1319 653 1367 accommodatus,
675 1316 790 1371 quod
815 1325 978 1357 tantum
1002 1330 1055 1356 ex
1080 1316 1162 1356 tuis
1186 1316 1390 1356 molestiis
1419 1315 1514 1371 cepi
1544 1314 1718 1365 doloris,

288 1387 335 1419 ut
362 1375 656 1418 consolatione
678 1374 768 1430 ipse
797 1387 991 1429 egerem:
1027 1384 1182 1423 tamen,
1205 1387 1302 1414 cum
1326 1372 1496 1428 longius
1515 1386 1540 1412 a
1561 1372 1716 1412 summi

285 1435 426 1476 luctus
447 1432 681 1473 acerbitate
712 1445 829 1471 meus
852 1431 1017 1471 abesset
1051 1429 1185 1479 dolor,
1207 1444 1334 1484 quam
1358 1439 1471 1480 tuus,
1493 1429 1623 1470 statui
1641 1443 1719 1472 no-

288 1500 387 1532 strae
409 1487 735 1530 necessitudinis
756 1500 861 1538 esse,
878 1500 1071 1542 meaeque
1089 1487 1132 1527 in
1156 1495 1197 1526 te
1216 1486 1536 1534 benivolentiae,
1552 1500 1639 1527 non
1658 1495 1721 1526 ta-

288 1562 384 1589 cere
404 1555 526 1587 tanto
548 1546 589 1585 in
615 1554 689 1585 tuo
711 1558 898 1585 moerore
920 1543 1097 1593 tamdiu,
1111 1543 1181 1584 sed
1202 1542 1405 1584 adhibere
1426 1542 1612 1597 aliquam
1631 1557 1723 1583 mo-

289 1605 431 1647 dicam
453 1602 807 1650 consolationem,
829 1616 927 1656 quae
963 1600 1101 1642 levare
1133 1600 1321 1641 dolorem
1354 1609 1473 1640 tuum
1508 1607 1667 1656 posset,
1689 1599 1725 1640 si

290 1663 432 1703 minus
456 1673 604 1701 sanare
638 1658 860 1715 potuisset.
922 1656 1000 1698 Est
1028 1669 1171 1698 autem
1204 1656 1440 1698 consolatio
1476 1656 1726 1713 pervulgata

291 1718 464 1774 quidem
488 1716 558 1757 illa
580 1716 782 1766 maxime,
805 1729 932 1770 quam
971 1729 1136 1770 semper
1166 1715 1208 1754 in
1243 1728 1314 1755 ore
1343 1723 1470 1768 atque
1504 1714 1546 1754 in
1579 1715 1725 1754 animo

292 1776 452 1818 habere
472 1774 691 1823 debemus,
713 1772 909 1813 homines
932 1785 1008 1812 nos
1027 1781 1074 1812 ut
1094 1785 1184 1812 esse
1206 1771 1538 1821 meminerimus,
1560 1785 1611 1811 ea
1633 1770 1727 1826 lege

294 1843 433 1883 natos,
452 1841 499 1871 ut
520 1830 719 1871 omnibus
755 1829 847 1869 telis
881 1828 1066 1869 fortunae
1099 1828 1320 1884 proposita
1353 1828 1409 1868 sit
1439 1828 1530 1868 vita
1559 1836 1728 1870 nostra:

295 1903 435 1945 neque
453 1902 543 1929 esse
565 1887 862 1937 recusandum,
891 1886 1120 1941 quominus
1142 1899 1204 1935 ea,
1227 1900 1311 1940 qua
1332 1885 1420 1926 nati
1443 1899 1604 1936 sumus,
1627 1897 1730 1926 con·

279 1948 462 1989 -ditione
494 1945 713 1985 vivamus:
764 1956 872 1984 neve
907 1952 994 1984 tam
1033 1942 1220 1998 graviter
1256 1957 1328 1983 eos
1368 1956 1490 1982 casus
1531 1941 1732 1992 feramus,

299 2019 408 2061 quos
440 2002 556 2044 nullo
586 2000 766 2042 consilio
799 2001 934 2041 vitare
973 2013 1207 2055 posmmus:
1260 1999 1510 2054 eventisque
1551 1999 1731 2040 aliorum

299 2061 507 2103 memoria
529 2058 785 2114 repetendis,
814 2056 922 2098 nihil
955 2057 1160 2098 accidisse
1193 2057 1318 2098 nobis
1349 2056 1447 2097 novi
1477 2056 1733 2112 cogitemus.

301 2119 454 2174 Neque
476 2117 558 2167 hae,
584 2129 720 2170 neque
741 2122 894 2155 ceterae
917 2114 1247 2164 consolationes,
1271 2129 1366 2169 quae
1390 2123 1489 2153 sunt
1512 2127 1537 2154 a
1565 2113 1734 2169 sapien-

298 2175 476 2216 tissimis
489 2174 590 2215 viris
610 2171 1158 2229 usurpatae,memoriaeque
1178 2171 1331 2212 litteris
1351 2170 1547 2225 proditae,
1567 2179 1735 2211 tantum

301 2233 500 2274 videntur
522 2230 729 2286 proficere
750 2229 919 2280 debere,
940 2237 1146 2284 quantum
1170 2237 1305 2268 status
1338 2228 1429 2283 ipse
1450 2235 1607 2268 nostrae
1630 2226 1736 2267 civi-

303 2290 419 2338 tatis,
440 2298 484 2329 et
505 2287 599 2328 haee
622 2286 804 2342 prolatio
827 2295 1067 2342 temporum
1096 2285 1384 2341 perditorum:
1416 2299 1513 2326 cum
1541 2283 1735 2324 beatissi-

303 2347 362 2388 mi
386 2347 485 2396 sint,
507 2345 579 2399 qui
604 2344 758 2384 liberos
780 2357 866 2383 non
896 2351 1197 2399 susceperunt3
1228 2343 1368 2383 minus
1401 2350 1543 2381 autem
1576 2339 1735 2390 miseri,

303 2404 378 2459 qui
401 2403 468 2444 his
492 2401 757 2457 temporibus
791 2399 1038 2450 amiserunt,
1066 2413 1194 2454 quarn
1230 2399 1264 2440 si
1296 2398 1465 2439 eosdem
1498 2398 1625 2447 bona,
1662 2407 1737 2437 aut

304 2461 491 2516 denique
506 2458 647 2513 aliqua
671 2456 890 2513 republica
912 2456 1208 2512 perdidissent.
1267 2455 1434 2501 Quodsi
1460 2464 1578 2494 tuum
1603 2463 1644 2494 te
1666 2453 1739 2494 de-

306 2519 508 2560 siderium
531 2525 690 2566 movet,
713 2524 787 2555 aut
816 2514 848 2554 si
886 2522 1052 2554 tuarum
1086 2527 1225 2553 rerum
1256 2511 1520 2568 cogitatione
1553 2525 1737 2552 moeres:

307 2590 394 2617 non
430 2572 555 2615 facile
588 2571 804 2612 exhauriri
835 2571 913 2611 tibi
950 2571 1075 2611 istum
1115 2569 1304 2610 dolorem
1338 2583 1460 2624 posse
1494 2567 1738 2608 universum

307 2643 428 2688 puto.
452 2631 516 2672 sin
540 2629 609 2670 illa
631 2639 673 2670 te
694 2642 758 2669 res
780 2628 1066 2682 cruciat,quae
1083 2626 1218 2682 magis
1240 2625 1396 2667 amoris
1417 2634 1495 2675 est,
1516 2633 1563 2665 ut
1575 2638 1738 2674 eorum,

306 2690 380 2744 qui
403 2688 667 2736 occiderunt,
690 2685 879 2726 miserias
902 2684 1072 2739 lugeas:
1106 2692 1153 2724 ut
1175 2698 1225 2724 ea
1246 2698 1331 2723 non
1355 2682 1510 2731 dicam,
1533 2695 1629 2737 quae
1661 2695 1740 2722 sae·

309 2747 482 2802 pissime
503 2754 547 2786 ct
569 2744 652 2799 legi
675 2752 718 2784 et
737 2742 896 2793 audivi,
920 2741 1025 2781 nihil
1047 2740 1144 2781 mali
1169 2755 1258 2781 esse
1290 2741 1331 2780 in
1362 2748 1513 2790 morte,
1536 2738 1579 2779 in
1600 2753 1686 2794 qua
1707 2737 1741 2778 si

310 2804 491 2845 resideat
513 2815 673 2852 sensuS‚
696 2798 992 2842 immortalitas
1017 2797 1087 2839 illa
1108 2798 1265 2854 potius,
1284 2811 1414 2854 quam
1437 2811 1551 2839 mors
1583 2795 1740 2837 ducen-
