1865 3223
503 98 579 137 AD
605 99 648 136 C.
679 96 937 139 CASSIUM
964 96 1039 135 ET
1064 97 1245 136 ALIOS.
1515 102 1594 142 327

161 202 205 245 id
256 202 458 252 facerent,
508 211 552 243 et
599 202 910 256 compromisso
960 208 1004 240 et
1046 199 1329 254 jurejurando
1379 201 1592 256 impediri.

164 260 309 306 Quare
346 259 600 301 veniendum
637 258 820 298 arbitror
859 257 1059 298 Lucceio.
1104 271 1379 311 quamquam,
1412 257 1445 296 si
1487 259 1592 298 meis

162 315 313 358 litteris
343 315 670 371 obtemperavit,
700 328 798 355 cum
830 323 875 355 tu
904 314 1000 354 haec
1024 313 1155 369 leges,
1178 312 1294 353 illum
1320 313 1473 354 Romae
1502 327 1593 353 esse

161 374 395 428 oportebit.
455 372 621 414 Ceteris
643 372 695 411 de
726 372 866 421 rebus,
889 371 1163 425 maximeque
1192 369 1245 410 de
1276 371 1471 424 pecunia,
1493 384 1593 410 cum

162 429 314 472 Pansae
334 438 512 471 mortem
533 429 766 484 ignorares,
784 427 1007 484 scripsisti,
1027 440 1221 483 qauaeaper
1242 438 1320 467 nos
1343 426 1397 467 ab
1418 440 1469 466 eo
1490 440 1593 467 con-

161 487 281 542 sequi
304 497 345 528 te
377 499 499 542 posse
528 485 794 527 arbitrarere.
830 499 925 540 quae
959 493 1000 525 te
1023 499 1108 525 non
1135 482 1399 534 fefellissent,
1421 483 1454 522 si
1480 483 1595 523 vive·

160 552 238 584 ret.
270 558 368 585 nam
392 551 433 583 te
463 541 684 597 diligebat.
747 542 854 584 Post
878 552 1060 582 mortem
1089 550 1230 582 autem
1254 539 1347 594 ejus
1371 539 1473 595 quid
1502 539 1594 581 fieri

160 611 321 655 posset,
347 613 433 640 non
464 598 728 641 videbamus.
788 598 857 641 De
887 599 927 633 96
944 597 1166 648 Venuleio,
1198 597 1366 646 Latino,
1391 596 1593 646 Horatio,

159 656 282 698 valde
303 655 444 697 laudo.
506 655 617 697 Illud
650 671 736 698 non
767 656 947 697 nimium
983 655 1135 711 probo,
1167 655 1281 709 quod
1314 654 1479 704 scribis,
1507 667 1593 708 quo

160 711 221 753 illi
254 713 399 753 animo
433 713 622 768 aequiore
659 712 833 764 ferrent,
871 722 912 753 te
954 714 1038 753 tuis
1071 713 1199 753 etiam
1234 710 1386 767 legatis
1423 711 1594 751 lictores

157 769 380 810 ademisse.
428 773 466 804 97
485 769 664 812 Honore
685 770 799 810 enim
819 770 940 826 digni
962 784 1060 810 curn
1084 768 1323 825 ignominia
1343 768 1485 823 dignis
1507 781 1594 809 non

158 835 280 866 erant
309 827 613 882 comparandi:
645 841 803 882 eosque
833 841 886 867 ex
919 836 1089 868 senatus
1120 825 1332 876 consulto,
1353 826 1386 866 si
1413 838 1498 865 non
1521 824 1594 865 de-

157 882 331 933 cedunt,
352 884 586 939 cogendos,
609 895 657 925 ut
682 882 905 934 decedant,
927 884 1144 924 existimo.
1206 881 1318 923 Haec
1341 881 1427 922 fere
1449 881 1501 921 ad
1523 895 1593 922 eas

156 937 332 990 litteras,
365 955 469 994 quas
502 941 652 982 eodem
685 940 885 996 exemplo
924 941 1043 982 binas
1081 939 1243 995 accepi.
1307 938 1373 980 De
1411 938 1590 993 reliquo,

157 995 286 1037 velim
309 996 388 1037 tibi
421 997 690 1053 persuadeas,
711 1012 797 1040 non
819 1011 910 1039 esse
941 996 1046 1038 mihi
1070 1011 1210 1038 meam
1240 995 1496 1052 dignitatem
1521 1005 1595 1036 tua

158 1066 381 1094 cariorem.

439 1249 522 1302 M.
558 1248 840 1302 TULLII
882 1247 1311 1303 CICERONIS
1604 1287 1635 1318 p.
1650 1279 1722 1309 ρος.

322 1371 1380 1447 EPISTOLARUM

699 1508 886 1551 LIBER
912 1509 1052 1551 XIII.

848 1606 903 1630 AD

458 1689 513 1737 C.
549 1688 914 1737 MEMMIUM
950 1690 1036 1738 ET
1070 1690 1282 1737 Amos.

670 1900 1075 1940 ARGUMENTUM.
1610 1911 1627 1948 1

156 1965 197 2002 C.
217 1965 421 2006 Memmius,
442 1965 505 2012 qui
523 1963 686 2004 tribunus
700 1964 754 2011 pl.
774 1964 947 2000 Lucullos
975 1963 1262 2012 triumphaturos
1280 1971 1484 2009 vexaverat,
1502 1966 1591 2003 Plu-

204 2016 325 2053 tarch.
343 2029 379 2065 p.
398 2019 485 2056 517.
505 2020 540 2052 et
557 2012 702 2064 'praetor
732 2017 776 2052 ab
805 2016 944 2052 Caesare
960 2018 1141 2053 rationem
1157 2020 1251 2064 gesti
1269 2019 1475 2055 consulatus
1492 2031 1593 2068 repe-

208 2070 331 2110 tierat,
351 2068 506 2104 Sueton.
524 2080 555 2104 e.
575 2070 639 2104 23.
659 2068 852 2104 damnatus
871 2068 948 2116 lege
965 2070 1008 2105 de
1027 2069 1175 2111 ambitu,
1206 2069 1254 2105 ad
1271 2070 1388 2107 Attic.
1411 2082 1465 2107 iv.
1484 2072 1593 2119 epist.

206 2121 275 2157 ult.
295 2121 433 2156 exsulat
452 2120 618 2160 Athenis,
637 2121 700 2156 secl
717 2125 814 2161 ante,
830 2131 939 2167 qaam
959 2121 1081 2156 Cicero
1099 2122 1137 2156 in
1151 2123 1378 2168 provinciam
1397 2124 1514 2158 iturus
1527 2124 1594 2158 ad-

206 2173 355 2212 veniret,
375 2173 585 2207 discesserat
603 2171 813 2218 Mitylenas.
867 2173 924 2208 Ab
944 2172 1008 2208 hoc
1026 2183 1111 2220 ergo
1127 2185 1193 2220 per
1213 2173 1354 2209 litteras
1371 2176 1477 2222 petit,
1496 2179 1537 2210 ut
1555 2176 1593 2210 in

211 2225 373 2270 gratiam
405 2235 483 2259 cum
514 2224 678 2259 Patrone
695 2224 876 2272 Epicureo
907 2225 1044 2267 redeat,
1073 2226 1176 2272 eique
1195 2225 1312 2261 locum
1330 2227 1512 2266 concedat,
1533 2227 1593 2262 ubi

207 2276 389 2325 Epicurus
408 2275 649 2311 habitaverat.

440 2352 508 2394 M.
532 2352 583 2394 T.
604 2352 658 2394 C.
690 2352 734 2394 S.
759 2352 810 2394 P.
834 2352 892 2394 D.
925 2353 977 2395 C.
1003 2352 1297 2401 MEMMIO.

157 2408 312 2474 ETSI
336 2446 421 2472 non
445 2431 547 2472 satis
570 2430 675 2472 mihi
698 2431 966 2483 constiterat,
989 2447 1087 2473 cum
1115 2432 1314 2488 aliquane
1345 2434 1476 2475 animi
1507 2434 1590 2476 mei

155 2488 367 2540 molestia,
389 2503 443 2530 an
467 2489 610 2545 potius
633 2488 816 2530 libenter
846 2497 888 2530 te
909 2488 1092 2531 Athenis
1116 2491 1282 2532 visurus
1303 2506 1453 2543 essem,
1475 2492 1592 2546 quod

198 2616 239 2650 96
263 2615 428 2655 Wnutez‘o,
455 2618 499 2649 L.
521 2618 584 2658 H.]
632 2617 780 2649 Fuerunt
806 2617 854 2648 le·
895 2621 935 2648 ut
956 2618 1053 2650 Rom.
1085 2620 1178 2654 1469.
1206 2622 1297 2653 1471.
1321 2618 1410 2650 Med.
1455 2619 1591 2652 Addidit

157 2657 225 2698 gati
241 2657 386 2696 Calvisii,
401 2670 460 2700 per
482 2671 562 2700 quos
585 2660 701 2691 absens
724 2662 856 2700 provin·
897 2661 992 2699 digni
1014 2662 1139 2701 primus
1161 2661 1334 2692 Manutius
1363 2663 1452 2693 1540.
1475 2671 1536 2693 nec
1558 2663 1592 2694 id

156 2701 240 2730 ciam
255 2701 441 2732 obtinebat:
465 2702 504 2732 de
519 2713 584 2742 quo
599 2712 708 2744 supra.
726 2703 765 2733 iis
779 2703 856 2734 ade·
897 2702 1005 2733 delere
1033 2704 1185 2733 sustinui.
1213 2704 1311 2733 nimis
1335 2703 1416 2734 dura
1441 2708 1491 2734 est
1520 2704 1592 2736 haec

158 2747 264 2772 merat
279 2743 476 2774 Cornificius
492 2744 638 2776 lictores,
897 2745 1032 2785 ellipsis.
1056 2745 1171 2776 deinde
1186 2754 1297 2784 eosque
1312 2744 1397 2775 edidi
1411 2754 1470 2785 pro
1486 2756 1592 2786 eoque.

195 2787 235 2817 97
260 2784 392 2815 Honore
404 2795 433 2816 e.
448 2787 556 2826 digni]
583 2788 650 2818 Ms.
668 2795 759 2817 meus
784 2796 854 2817 non
897 2796 974 2817 nam
991 2787 1071 2817 Mss.
1088 2797 1192 2824 meus,
1208 2787 1271 2816 Gu.
1293 2790 1318 2817 Ι.
1336 2789 1367 2816 2.
1383 2792 1415 2816 et
1432 2786 1593 2820 editiones

152 2825 252 2857 babet
274 2826 388 2865 diem,-
410 2828 566 2868 abestque
581 2830 685 2861 etiam
708 2827 783 2860 edd.
800 2839 852 2869 pr.
896 2838 947 2868 pr.
963 2829 1086 2861 habent
1100 2834 1157 2860 aut
1171 2838 1283 2869 eosque
1297 2835 1356 2860 aut
1372 2838 1433 2867 ,3⁰⁶⁸-

832 2876 914 2913 Y4
