1903 3218
189 666 220 697 p.
242 658 309 687 141.
324 643 574 699 prehendes.

311 87 390 123 232

705 83 896 123 EPIST.
921 83 1109 123 LIBER
1135 85 1344 130 NQNUS

314 190 355 223 98
368 187 434 229 siu
463 187 515 228 de
535 186 711 230 Aurelia
732 189 907 244 aliquid,
929 197 1004 230 aut
1028 188 1190 231 Lollia:
1222 189 1359 230 honos
1394 187 1638 244 praefandus
1658 197 1739 233 est.

316 247 358 279 99
372 243 428 287 Et
453 245 628 300 quidem
657 246 747 301 jam
780 247 911 287 etiam
939 261 1025 287 non
1057 247 1242 287 obscena
1266 247 1406 295 verba,
1441 259 1516 300 pro
1543 245 1741 288 obscenis

319 310 433 344 sunt.

320 360 420 400 tius.

321 426 422 457 sunt
451 418 631 470 omnia]

494 302 658 354 Batuit,
690 303 845 358 inquit,
873 303 1167 358 impudenter3
1198 304 1338 359 depsit
1359 302 1495 343 multo
1519 303 1743 359 impuden-

482 358 614 415 Atqui
647 370 844 401 neutrum
877 372 940 400 est
976 361 1223 400 obscenum.
1271 363 1328 390 ¹0⁰
1341 359 1589 413 [stultorum
1621 358 1747 414 plena

690 416 854 465 Testes,
885 417 1059 457 verbum
1094 416 1437 457 honestissimum
1478 417 1518 456 in
1549 416 1743 472 judicio:

321 472 406 514 alio
423 472 533 523 loco,
552 488 638 514 non
657 474 796 513 nimis.
821 483 863 512 at
881 472 1065 522 honesti,
1083 472 1188 513 colei
1209 471 1417 515 Lanuvini
1436 490 1444 514 :
1473 476 1483 503 ¹
1503 472 1747 524 Cliternini,

323 544 407 570 non
431 529 616 570 honesti.

678 529 823 575 Quid?
854 530 945 584 ipsa
978 543 1042 569 res
1066 529 1192 570 inodo
1214 528 1407 581 honesta,
1432 530 1558 571 modo
1582 529 1746 585 turpis?

324 587 539 642 suppedit,
572 587 784 639 flagitium
818 595 895 625 est.
920 586 1013 639 jain
1045 585 1124 626 erit
1151 586 1289 627 nudus
1312 588 1354 627 in
1378 586 1543 638 balneo,
1575 601 1660 627 non
1683 599 1749 627 re·

638 642 784 683 Habes
816 643 1003 683 scholam
1041 641 1247 692 Stoicam,
1288 648 1301 682 ὅ
1330 651 1424 692 σοφὸς
1456 647 1751 700 ἳεύθυρῥημονῆσῑι.

279 703 342 730 ᾶ·3
369 700 508 746 Quam
543 699 677 740 multa
708 714 760 739 ex
795 713 878 739 uno
903 699 1032 739 verbo
1065 702 1167 740 tuo?
1196 698 1258 740 Te
1279 699 1478 740 adversus
1506 715 1574 741 me
1605 701 1750 742 omnia

326 756 480 797 audere
502 766 669 812 gratum
694 767 771 796 est.
814 755 908 812 Ego
931 770 1052 797 servo
1075 766 1117 796 et
1136 756 1329 806 servabo,
1353 757 1412 797 sic
1434 757 1547 797 enim
1570 757 1752 808 assuevi,

328 813 519 854 Platonis
545 812 858 854 verecundiam.
899 812 1050 867 Itaque
1072 813 1197 853 tectis
1221 813 1359 853 verbis
1380 828 1430 853 ea
1453 813 1505 853 ad
1527 822 1568 854 te
1587 814 1752 870 scripsi,

324 883 422 925 quae
445 869 724 925 apertissimis
747 879 881 925 agunt
905 870 1056 911 Stoici.
1082 869 1172 911 >Sed
1195 869 1254 910 illi
1275 871 1402 910 etiam
1423 870 1611 925 crepitus
1632 871 1754 911 aiunt

326 940 448 981 aeque
480 926 634 967 liberos
665 941 715 967 ac
751 936 896 968 ructus
931 941 1022 968 esse
1060 936 1270 982 oportere.
1324 925 1586 967 4Honorem
1621 927 1754 982 igitur

329 983 534 1025 Kalendis
560 983 693 1026 Mart.
734 982 799 1024 Tu
825 999 891 1025 me
912 983 1080 1041 diliges,
1101 994 1146 1024 et
1167 984 1343 1025 Valebis.

260 1073 314 1109 23

841 1050 1244 1114 ARGUMENTUM.

327 1137 555 1185 Quamquam
569 1137 718 1184 pedibus
750 1137 913 1174 laborare
944 1138 1086 1174 Paetum
1113 1138 1294 1179 audierat,
1314 1141 1434 1172 tamen
1449 1137 1640 1177 adventum
1655 1149 1760 1174 suum

369 1191 606 1240 praenuntiat,
626 1191 714 1238 quia
731 1201 799 1225 non
820 1191 1019 1226 arbitretur
1037 1191 1148 1225 etiam
1166 1201 1315 1237 coquum
1336 1189 1568 1225 arthriticum
1587 1189 1724 1227 habere.

339 1290 344 1295 .
667 1256 902 1300 CICERO
933 1256 1193 1299 PAPIRIO
1223 1255 1417 1298 PAETO.

330 1312 495 1366 HERI
519 1324 616 1366 veni
648 1324 691 1365 in
723 1324 995 1366 Cumanum:
1028 1339 1121 1366 cras
1142 1325 1195 1365 ad
1227 1333 1267 1365 te
1299 1324 1493 1365 fortasse.
1553 1318 1759 1366 Sedrcum

327 1391 493 1423 certum
526 1382 674 1431 sciam,
705 1382 860 1423 faciam
896 1391 937 1423 te
966 1381 1108 1438 paullo
1139 1391 1239 1422 ante
1268 1381 1508 1422 certiorem.

1571 1379 1663 1422 Etsi
1692 1381 1761 1422 M.

328 1438 554 1494 Ceparius,
590 1453 688 1480 cum
726 1439 832 1480 mihi
870 1439 912 1480 in
951 1439 1057 1479 silva
1090 1438 1326 1479 Gallinaria
1357 1437 1528 1478 obviam
1561 1438 1761 1490 venisset,

327 1496 679 1551 quaesissemque,
710 1496 813 1550 quid
836 1510 998 1552 agereS,
1021 1495 1135 1536 d1xit
1158 1504 1198 1535 te
1230 1495 1273 1535 in
1297 1495 1408 1535 lecto
1430 1508 1537 1544 esse,
1569 1495 1684 1549 quod
1706 1509 1762 1536 ex

326 1552 510 1608 pedibus
533 1551 762 1594 laborares.
822 1552 918 1594 Tuli
943 1552 1109 1594 scilicet
1131 1551 1324 1603 moleste,
1349 1562 1394 1591 ut
1417 1550 1571 1593 debui:
1607 1551 1679 1593 sed
1699 1560 1763 1592 ta-

368 1683 408 1715 9ss
435 1681 485 1711 sin
511 1680 550 1710 de
575 1680 713 1712 Aurelia
737 1682 872 1722 aliquid,
899 1691 932 1713 α.
964 1681 1022 1721 L.]

327 1722 415 1763 Quid
436 1727 485 1754 est
509 1724 662 1762 aliquid?
685 1729 772 1754 certe
788 1725 941 1755 vitiosum
965 1730 1024 1754 est.

324 1769 386 1796 ant
415 1764 604 1802 delendum,
635 1769 693 1795 aut
718 1768 836 1806 aliquis
862 1767 1025 1805 corrigen-

328 1806 419 1837 dum.
457 1807 494 1837 Si
508 1807 546 1837 de
560 1807 699 1838 Aurelia
714 1808 851 1839 dicimus
868 1813 1024 1848 strangu-

329 1850 400 1881 lare
415 1859 458 1880 sc.
483 1854 541 1879 aut
562 1850 681 1889 aliquis
703 1850 781 1880 dicit
803 1851 866 1881 hoc
880 1851 1025 1881 verbum.

328 1891 472 1931 Apparet
489 1900 586 1921 sensu
601 1892 740 1922 obsceno
763 1892 888 1924 dictum
903 1903 971 1923 esse
987 1893 1026 1923 de

329 1933 533 1967 mulieribus.
584 1970 586 1973 Υ

373 1979 414 2009 99
438 1974 487 2006 Et
502 1975 629 2015 quidem
644 1974 723 2015 jam
740 1985 801 2006 non
818 1978 916 2008 etiam
933 1988 962 2008 o.
978 1976 1025 2015 zu]

332 2016 407 2047 Hoc
424 2017 554 2048 nullum
568 2027 699 2048 sensum
716 2018 826 2049 habet.
856 2020 918 2050 Sed
932 2029 1028 2050 nemo

332 2058 386 2090 hic
410 2058 533 2098 aliquid
548 2061 697 2090 monuit.
742 2061 942 2102 Transposni
965 2062 1029 2092 duo

332 2102 450 2139 νει-ὕας
473 2102 537 2131 sic:
562 2103 663 2132 etiam
683 2113 746 2132 non
762 2104 840 2133 obse.
865 2114 942 2136 nam
957 2104 1029 2134 vult

333 2142 438 2174 dicere
453 2144 527 2179 hoc,
545 2143 711 2174 fastidium
726 2146 853 2176 aurium
867 2147 1030 2178 Romana-

333 2195 406 2215 rum
423 2191 554 2216 tantum
570 2187 718 2223 crevisse,
733 2194 771 2217 ut
786 2189 886 2219 etiam
903 2199 960 2229 pro
973 2189 1030 2219 ob·-

332 2228 438 2258 scenis
454 2227 637 2268 repudient,
651 2238 724 2267 quae
738 2229 830 2260 nullo
843 2231 940 2261 modo
952 2232 1029 2262 sint.

334 2270 364 2299 A
380 2268 444 2300 Ms.
462 2278 536 2300 meo
551 2269 641 2300 abest
647 2270 740 2311 jam,
760 2272 814 2302 sed
830 2273 1030 2315 adscriptum

335 2319 437 2342 manu
452 2320 515 2341 sec.

383 2356 440 2384 100
469 2354 642 2383 stultorum
669 2356 769 2393 plena
798 2361 874 2387 sunt
904 2358 1028 2397 omnm]

337 2394 411 2425 Hoc
437 2395 515 2434 quid
534 2395 594 2425 sibi
618 2396 669 2426 hic
693 2397 783 2433 velit,
812 2407 877 2429 non
901 2409 1030 2439 possum

337 2437 483 2467 invenire
498 2449 504 2466 :
544 2447 602 2468 nec
629 2437 796 2476 quisquam
827 2439 922 2478 dixit,
946 2442 1032 2481 quod

337 2478 549 2510 satisfaceret.
578 2479 663 2510 Puto
678 2480 819 2519 aliquem
837 2482 870 2512 in
886 2485 1032 2523 margine

339 2520 543 2561 adscripsisse
558 2522 598 2551 ad
615 2522 814 2554 irridendum
838 2525 920 2555 illud
940 2525 1030 2556 fasti-

338 2562 444 2594 dium:
475 2563 550 2594 inde
577 2564 609 2593 in
638 2569 766 2595 textum
792 2567 925 2598 venisse.
955 2577 1031 2599 nam

339 2604 402 2635 hoc
415 2604 521 2637 dicere
535 2608 570 2636 in
585 2615 632 2642 re,
646 2616 744 2645 quam
758 2607 866 2638 Paetus
881 2609 1032 2640 defende·

339 2651 403 2684 ret,
419 2656 486 2678 non
500 2653 569 2678 erat
586 2648 762 2679 Ciceronis.
796 2650 848 2680 Sic
864 2656 898 2681 et
912 2651 1034 2682 Cante-

341 2688 574 2726 rusjudicabat
589 2701 595 2719 τ
620 2695 678 2720 aut
692 2691 919 2731 corrigendum
935 2701 1031 2733 puta-

339 2730 396 2760 bat
411 2732 560 2769 istorum,
577 2733 600 2762 i.
621 2743 650 2762 e.
672 2733 791 2764 talium
806 2735 1033 2775 exemplorum

339 2777 374 2802 et
386 2773 570 2809 verborum,
582 2783 656 2813 quae
667 2775 708 2805 ad
719 2775 955 2808 obscenitatem
966 2784 1033 2808 tra—

340 2814 476 2846 huntur.
521 2816 583 2848 Sed
608 2816 655 2848 ita
678 2817 769 2849 nulla
792 2818 856 2849 alia
878 2819 1034 2851 deberent

1068 1690 1172 1720 sequi.

1115 1726 1125 1753 1
1161 1723 1345 1763 Cliternini]
1375 1723 1516 1764 Nempe,
1544 1728 1583 1754 ut
1604 1733 1703 1765 supra
1727 1725 1763 1755 in

1069 1765 1134 1795 bini
1147 1778 1154 1794 .-
1170 1767 1246 1805 quia
1257 1766 1437 1797 similitudo
1449 1774 1497 1796 est
1510 1767 1571 1796 huc
1585 1767 1618 1796 in
1631 1766 1765 1798 nomine

1069 1818 1142 1837 cum
1161 1807 1349 1838 Graecorum
1368 1808 1520 1852 κλειτοξίς.

1111 1852 1130 1879 2
1147 1849 1322 1891 εὖθνῤῥῆμων
1336 1851 1400 1893 ἔσῃ]
1426 1851 1541 1882 Putavi
1557 1850 1764 1882 scribendum

1070 1891 1297 1933 εὐθυῤῥημονήσει
1311 1905 1328 1924 e
1350 1894 1415 1924 Ms.
1429 1902 1515 1930 men,
1531 1895 1564 1924 in
1579 1904 1643 1938 quo
1656 1898 1706 1924 est
1721 1894 1766 1924 εὖ-

1069 1935 1275 1977 θυηρῤμονέσει,
1294 1945 1492 1975 quamquam
1507 1946 1527 1966 a
1543 1946 1587 1966 m.
1609 1945 1670 1966 sec.
1693 1946 1768 1976 quae

1072 1987 1178 2016 graeca
1192 1978 1347 2019 explevit,
1369 1978 1424 2008 sed
1445 1983 1558 2008 tamen
1582 1987 1647 2008 non
1669 1979 1767 2010 nimis

1073 2020 1207 2051 recenti.
1253 2020 1436 2059 Vestigium
1459 2026 1508 2050 est
1533 2021 1635 2050 etiam
1657 2020 1692 2051 in
1715 2021 1767 2052 ed.

1077 2064 1168 2095 1471.
1186 2062 1353 2105 ιῖιθυρῆμου.
1370 2063 1469 2093 etiarn
1483 2063 1535 2093 ed.
1549 2062 1623 2093 Asc.
1635 2071 1685 2103 pr.
1698 2073 1768 2094 uno

1072 2105 1169 2134 verbo
1184 2106 1349 2145 exprimit.
1372 2104 1428 2135 sed
1450 2106 1485 2136 in
1504 2104 1554 2135 ed.
1575 2103 1650 2135 Ald.
1678 2107 1768 2138 1502.

1073 2152 1106 2176 et
1120 2147 1306 2183 Cratandri‚
1318 2148 1381 2177 duo
1395 2147 1494 2184 facta,
1504 2156 1575 2187 quae
1587 2147 1685 2177 lectio
1698 2148 1770 2179 vul·

1074 2192 1152 2224 gata
1165 2188 1253 2220 facta
1264 2195 1326 2220 est.
1352 2190 1413 2220 Ed.
1436 2190 1534 2221 Rom.
1557 2189 1655 2220 habet
1672 2191 1771 2233 absup-

1070 2230 1193 2270 ῥημὸνως
1214 2232 1275 2274 ἴσῃ.
1326 2231 1370 2262 Et
1391 2232 1455 2262 fuit
1476 2231 1548 2263 haec
1572 2232 1642 2262 sine
1670 2234 1770 2265 dubio

1073 2275 1239 2305 sententia
1267 2274 1385 2305 Stoicis
1412 2275 1545 2306 usitata.
1587 2274 1640 2304 Sic
1665 2277 1767 2306 etiam

1074 2315 1166 2346 video
1202 2316 1328 2357 placere
1365 2316 1416 2348 Cl.
1447 2317 1556 2358 Tupio
1591 2318 1626 2348 in
1661 2318 1770 2359 Epist.

1074 2358 1158 2389 (trit.
1174 2369 1205 2398 p.
1225 2359 1295 2390 146.
1732 2361 1737 2365 '

1116 2402 1135 2429 3
1158 2401 1272 2441 Quam
1296 2402 1404 2432 multa
1427 2410 1467 2430 ex
1488 2411 1554 2431 uno
1578 2402 1672 2432 verbo
1697 2403 1767 2444 tuo]

1076 2441 1232 2480 Verbum,
1253 2443 1338 2482 quod
1354 2443 1450 2482 vulgo
1468 2452 1532 2473 nou
1548 2444 1627 2474 satis
1642 2448 1771 2476 castum

1075 2484 1267 2524 putabatur,
1284 2487 1316 2516 in
1332 2484 1470 2525 epistola
1491 2490 1697 2526 usurpatum,
1721 2487 1770 2518 10-

1074 2535 1148 2556 cum
1175 2526 1253 2557 feeit
1281 2527 1358 2558 huic
1387 2527 1527 2566 longiori
1555 2528 1772 2569 disputationi

1074 2577 1172 2608 super
1186 2568 1388 2600 obscenitate
1403 2569 1586 2600 verborum.

1116 2613 1137 2640 4
1154 2610 1318 2642 Honorem
1328 2612 1434 2649 igitur
1446 2611 1528 2643 Kal.
1541 2612 1691 2654 Martiis]
1706 2614 1770 2646 int.

1076 2651 1245 2690 habemus,
1265 2653 1319 2692 qui
1346 2663 1404 2693 pro
1427 2655 1619 2686 verecundia
1641 2665 1769 2696 pugna-

1076 2703 1160 2731 πως,
1180 2704 1254 2725 cum
1278 2695 1353 2726 Kal.
1377 2695 1508 2726 Martiae
1523 2697 1589 2728 sint
1611 2699 1770 2730 matronis

1074 2735 1224 2784 solennes
1240 2742 1273 2786 et
1289 2746 1388 2768 sncrae
1406 2742 1540 2779 propter
1561 2739 1690 2782 cultum
1705 2740 1769 2773 'Ju-

1077 2786 1172 2809 noms
1186 2788 1319 2820 reginae.
