1903 3218
330 93 410 128 304
632 87 816 126 EPIST.
843 87 1029 126 LIBER
1054 87 1458 133 DUODECIMUS

292 189 316 226 8
855 192 1258 231 ARGUMENTUM.

349 244 576 282 Renovatum
595 258 619 282 a
636 245 776 294 Lepido
795 245 925 282 bellum
943 257 1016 281 esse
1034 248 1276 294 conqueritur,
1293 251 1327 283 et
1349 245 1510 282 Cassium
1528 246 1577 282 ad
1595 245 1749 281 liberan-

770 298 854 333 dam
871 298 1128 346 rempublicam
1147 299 1326 335 hortatur.

656 363 724 404 M.
746 362 797 404 T.
821 362 872 404 C.
905 363 957 405 C.
982 363 1198 406 CASSIO
1229 365 1273 407 S.
1309 365 1358 406 P.
1385 364 1439 406 D.

335 420 569 474 SCELUS
591 430 732 471 affinis
766 430 844 480 tui,
880 431 1047 487 Lepidi,
1071 445 1366 488 summamque
1397 430 1612 472 levitatem
1637 438 1680 470 et
1702 429 1767 470 in-

333 489 636 537 constantiam,
669 501 723 527 ex
748 487 871 537 actis,
894 501 989 542 quae
1009 488 1062 528 ad
1087 497 1127 528 te
1151 488 1263 528 mitti
1282 500 1399 530 certo
1422 488 1528 534 scio,
1555 499 1767 543 cognosse

335 558 375 589 te
404 546 603 587 arbitror.
664 542 816 598 Itaque
856 557 947 594 nos,
978 543 1179 585 confecto
1213 545 1337 596 bello,
1361 555 1407 587 ut
1437 545 1767 595 arbitrabamur,

335 611 584 646 renovatum
619 599 776 640 bellum
811 600 1025 656 gerimus:
1059 615 1263 656 spemque
1284 617 1458 643 omnem
1483 603 1522 643 in
1553 600 1607 642 D.
1630 599 1767 642 Bruto

333 671 376 702 et
400 659 559 700 Planco
583 656 815 699 habemus:
839 656 871 697 si
898 672 1041 698 verum
1062 658 1234 712 quaeris,
1258 658 1298 698 in
1321 668 1360 699 te
1378 668 1420 699 et
1444 659 1484 699 in
1504 672 1598 700 meo
1617 657 1767 706 Bruto,

333 731 418 759 non
443 715 579 756 solum
603 714 654 754 ad
691 728 876 769 praesens
901 713 1160 771 perfugium,
1193 715 1243 766 si,
1276 716 1390 770 quod
1422 716 1569 766 nolim,
1601 714 1767 756 adversi

334 773 435 830 quid
457 771 676 820 acciderit,
710 770 781 810 sed
812 770 942 811 etiam
977 771 1028 812 ad
1060 771 1433 813 confirmationem
1473 781 1692 827 perpetuae
1718 770 1768 810 li-

333 831 525 872 bertatis.
579 828 667 868 Nos
688 827 757 868 hic
779 827 831 868 de
858 826 1081 869 Dolabella
1102 828 1397 879 audiebamus,
1419 844 1515 884 quae
1542 829 1766 869 vellemus:

333 888 403 928 sed
432 895 572 928 certos
592 893 786 925 auctores
821 899 906 925 non
941 884 1219 927 habebamus.
1279 884 1341 926 Te
1363 886 1536 941 quidem
1561 898 1765 940 magnum

331 944 566 993 hominem,
588 951 632 982 et
654 942 852 997 praesenti
870 941 1054 997 judicio,
1075 953 1117 983 et
1137 942 1289 998 reliqui
1312 943 1515 1000 temporis
1542 952 1766 998 exspecta-

333 1002 449 1042 tione
472 1001 581 1041 scito
603 1013 709 1055 esse.
753 997 854 1040 Hoc
877 999 954 1040 tibi
982 1001 1218 1056 proposito,
1242 1000 1309 1040 fac
1334 1012 1379 1040 ut
1401 1000 1452 1041 ad
1475 1014 1642 1040 summa
1664 1012 1767 1040 con·-

203 1059 496 1102 r·¹8⁷·ten‹]as.
560 1055 680 1096 Nihil
716 1065 781 1096 est
814 1064 995 1108 tantum,
1029 1057 1144 1112 quod
1175 1072 1257 1097 non
1284 1057 1466 1113 populus
1492 1056 1713 1098 Romanus
1743 1070 1767 1095 a

289 1111 319 1130 ³·
335 1125 376 1157 te
401 1118 436 1146 ¹&
448 1113 593 1172 perfici
614 1122 743 1168 atque
763 1113 948 1154 obtineri
971 1113 1294 1170 possejudicet.
1355 1114 1474 1156 Vale.

293 1222 321 1264 9
844 1213 1249 1251 ARGUMENTUM.
1290 1196 1293 1197 ⁷

350 1278 490 1314 Eadem
506 1278 646 1320 scribit,
665 1289 744 1325 quae
761 1278 915 1325 epistola
932 1279 1138 1325 superiore:
1169 1278 1275 1313 addit
1290 1277 1445 1313 multum
1463 1278 1643 1315 interesse,
1667 1274 1753 1312 Cas-

813 1331 904 1365 sium
920 1331 1039 1365 venire
1058 1331 1095 1365 in
1116 1329 1277 1366 Italiam.

661 1397 727 1437 M.
749 1395 800 1438 T.
826 1396 877 1438 C.
911 1396 962 1437 C.
987 1395 1204 1437 CASSIO
1236 1396 1281 1436 S.
1306 1395 1356 1436 P.
1381 1394 1438 1436 D.

334 1453 651 1507 BREVITAS
685 1474 853 1506 tuarum
889 1463 1125 1504 litterarum
1161 1477 1227 1503 me
1252 1477 1424 1518 quoque
1457 1461 1695 1503 breviorem
1726 1462 1771 1502 in

332 1522 560 1565 scribendo
591 1521 715 1563 facit:
763 1530 820 1571 et,
860 1534 957 1561 vere
996 1530 1043 1561 ut
1073 1520 1230 1571 dicam,
1272 1533 1358 1561 non
1390 1520 1493 1560 satis
1521 1517 1770 1568 mooe-unit,

332 1581 435 1637 quid
459 1580 658 1621 scribam.
697 1579 878 1620 Nostras
902 1577 1015 1618 enim
1039 1592 1103 1618 res
1123 1578 1164 1618 in
1188 1577 1296 1618 actis
1319 1576 1494 1632 perferri
1517 1575 1635 1616 adte
1653 1583 1772 1617 certo

332 1639 444 1689 scio;
488 1645 582 1678 tuas
615 1647 758 1677 autem
796 1635 1058 1690 ignoramus.
1116 1634 1357 1689 Tamquam
1391 1633 1504 1674 enim
1540 1633 1684 1674 clausa
1715 1631 1772 1673 sit

331 1695 451 1744 Asia,
474 1695 535 1735 sic
559 1693 665 1734 nihil
686 1692 894 1749 perfertur
916 1692 967 1733 ad
989 1707 1080 1743 1108,
1105 1701 1261 1748 praeter
1283 1704 1472 1732 rumores
1493 1690 1547 1730 de
1565 1703 1772 1746 oppresso

335 1751 575 1801 Dolabella,
597 1751 698 1791 satis
721 1750 814 1790 illos
837 1749 1010 1804 quidem
1040 1758 1302 1800 consumta,
1324 1748 1394 1789 sed
1424 1746 1565 1789 adhuc
1587 1747 1679 1788 sine
1696 1760 1772 1787 nu-

333 1819 465 1851 ctore.
528 1808 636 1857 Nos,
659 1807 905 1848 confectum
942 1806 1096 1847 bellum
1122 1820 1218 1847 cum
1249 1815 1509 1861 putaremuS‚
1542 1812 1718 1859 repente
1746 1810 1771 1843 a

335 1864 500 1923 Lepido
524 1875 598 1905 tuo
615 1865 657 1905 in
682 1878 891 1904 summam
918 1863 1248 1905 sollicitudinem
1273 1862 1446 1903 adducti
1470 1875 1631 1916 sumus.
1681 1859 1769 1900 Ita·

331 1938 415 1979 que
439 1921 644 1978 persuade
667 1921 762 1971 tibi,
777 1921 1011 1961 maximam
1034 1920 1283 1976 reipublicae
1303 1933 1421 1974 spem
1443 1920 1483 1959 in
1506 1928 1548 1959 te
1565 1919 1668 1959 etin
1685 1917 1768 1958 tuis

330 1980 469 2037 copiis
500 1993 605 2020 esse.
666 1978 833 2019 Firmos
864 1978 1042 2019 omnino
1073 1978 1288 2018 exercitus
1320 1976 1553 2017 habemus:
1593 1974 1665 2015 sed
1705 1982 1769 2014 ta-

329 2052 445 2088 men,
469 2045 516 2078 ut
537 2035 697 2087 omnia,
718 2044 764 2076 ut
787 2049 925 2091 spero,
949 2049 1149 2091 prospere
1171 2033 1419 2090 procedant,
1438 2032 1618 2073 multum
1638 2032 1770 2072 inter-

329 2104 394 2136 est
417 2105 459 2135 te
483 2094 641 2134 venire.
703 2092 876 2149 Exigua
897 2093 1012 2134 enim
1035 2106 1130 2148 spes
1152 2101 1217 2132 est
1244 2090 1512 2146 reipublicae.
1546 2103 1642 2130 nam
1675 2087 1769 2129 nul-

327 2152 411 2193 lam
436 2166 521 2192 non
546 2150 653 2192 libet
682 2150 848 2191 dicere:
881 2149 969 2200 sed,
1000 2163 1286 2205 quaecumque
1307 2157 1386 2199 est,
1408 2161 1459 2188 ea
1479 2145 1770 2203 despondetur

328 2224 441 2251 anno
461 2207 707 2250 consulatus
731 2207 808 2248 tui.
869 2206 989 2248 Vale.

269 2304 318 2340 lO
843 2304 1251 2343 ARGUMENTUM.

375 2371 426 2407 Et
445 2370 623 2420 Lepidum
645 2369 778 2405 hostem
790 2368 1001 2416 judicatum
1016 2369 1143 2405 scribit
1153 2383 1166 2409 ,·
1197 2372 1232 2404 et
1249 2368 1394 2404 omnino
1411 2378 1488 2402 rem
1500 2377 1658 2415 poscere,
1677 2370 1718 2403 ut

655 2422 796 2457 Cassius
815 2434 892 2457 cum
912 2423 1069 2456 exercitu
1088 2423 1128 2457 in
1146 2420 1298 2457 Italiam
1315 2420 1449 2455 veniat.

661 2488 727 2530 M.
750 2488 801 2530 T.
826 2488 877 2530 C.
911 2489 963 2530 C.
988 2487 1205 2530 CASSIO
1238 2487 1282 2528 S.
1303 2485 1354 2528 P.
1382 2483 1437 2527 D.

334 2546 630 2608 LEPIDUS,
654 2566 750 2598 tuus
774 2557 928 2607 affinis,
954 2570 1072 2597 meus
1091 2555 1328 2605 familiaris,
1351 2553 1489 2609 pridie
1515 2551 1611 2594 Kal.
1627 2552 1769 2599 Quin-

333 2618 427 2659 tiles
451 2614 674 2657 sententiis
696 2615 898 2655 omnibus
932 2614 1067 2654 hostis
1092 2628 1116 2654 a
1145 2622 1292 2654 senatu
1308 2610 1533 2666 judicatus
1553 2620 1634 2662 est,
1655 2621 1771 2655 cevez

375 2755 412 2784 18
442 2752 560 2792 perfici
585 2754 683 2790 acque
709 2747 858 2788 obtineri]
896 2748 1032 2778 obtineri
1072 2749 1156 2779 ciam
1173 2752 1206 2778 et
1222 2748 1353 2778 similia.
1769 2759 1780 2763 -

332 2796 371 2826 ab
386 2795 495 2833 aliquo
510 2794 642 2830 dicitur,
659 2792 745 2832 quod
761 2792 816 2822 ille
833 2795 958 2827 tuetur,
979 2791 1029 2820 cui
1119 2792 1158 2824 19
1177 2791 1332 2826 occurrit,
1361 2789 1443 2830 quiet
1466 2788 1624 2830 scribam]
1655 2787 1773 2820 Malim

331 2847 363 2868 se
386 2847 495 2877 parem
518 2840 665 2877 praestat,
682 2841 720 2866 ut
732 2835 885 2870 honores,
900 2833 1030 2873 provin·
1074 2833 1168 2872 quod.
1185 2832 1257 2864 vide
1268 2841 1369 2872 supra
1380 2831 1422 2863 ad
1434 2831 1479 2871 X,
1492 2833 1548 2863 90.
1684 2830 1687 2831 ⁷
1770 2844 1772 2847 ’
