1903 3218
280 81 357 116 206
657 81 836 120 EPIST.
864 80 1051 121 LIBER
1078 83 1344 136 OCTavus

280 186 634 238 nuntur.17quae
669 197 767 225 cum
802 198 846 226 tu
877 185 1043 237 feceris,
1073 196 1117 227 et
1148 201 1230 243 ego
1257 197 1297 227 te
1319 186 1534 244 sapienter
1556 186 1706 228 fecisse

272 237 496 294 judicabo,
518 250 562 280 et
585 239 799 282 Caesarem
824 256 907 283 non
932 242 1138 283 offendes.

218 317 267 357 17
793 315 1195 352 ΑΒΟΠὟΙΕΝΤΠΜ.

280 365 452 407 Queritur
467 377 505 401 se
533 365 697 401 Curionis
724 378 844 402 amore
871 372 905 402 et
932 369 1046 415 Appii
1070 369 1152 403 odio
1182 370 1219 404 in
1245 380 1304 404 eas
1330 372 1553 416 pertractum
1576 373 1701 415 partes

327 429 410 460 esse,
431 419 524 453 unde
541 418 656 453 multa
663 429 746 463 jam
762 418 830 453 sibi
848 420 1082 454 incommoda.
1121 419 1238 455 Οωεω
1253 422 1358 462 enim,
1378 422 1414 455 in
1430 420 1560 455 bellum
1578 419 1697 455 Phar-

326 469 479 505 salicum
492 468 690 518 profectus,
711 468 834 504 Romoe
853 469 998 505 Ueliam
1014 474 1204 516 proetorem
1222 472 1442 519 reliquerat:
1463 472 1559 519 quod
1578 475 1698 506 autem

326 533 397 556 non
426 521 520 562 huic,
546 521 608 556 sed
641 520 825 561 Trebonio,
853 532 908 555 res
935 521 1090 556 urbanas
1110 522 1354 564 mandaverat,
1374 523 1432 558 hic
1449 535 1541 570 (egre
1557 521 1699 571 ferens,

326 573 554 608 «emulatione
588 571 710 607 turbas
741 571 853 613 (ledit,
884 572 1011 619 quibus
1043 574 1116 620 ipse
1144 575 1291 619 gravius
1322 577 1519 610 incucurrit
1550 575 1696 610 malum.

327 624 488 660 Excusat
506 625 639 671 itaque,
659 624 755 670 quod
768 635 847 659 eum
867 625 1034 659 Cicerone
1051 636 1119 659 non
1135 622 1320 672 profectus
1329 625 1450 674 fuerit
1466 628 1502 662 in
1522 626 1699 662 Graeciam

325 676 374 711 ad
392 676 614 723 Pompeium.

656 724 898 766 COELIUS
922 725 1244 776 CICERONI,
1267 726 1295 767 S

273 782 459 835 ERGO
482 807 550 833 me
573 792 714 847 potius
737 792 780 832 in
805 792 1019 848 Hispania
1048 793 1177 833 fuisse
1207 802 1311 841 tum,
1342 807 1471 848 quam
1501 794 1697 846 Formiis,

269 865 367 892 cum
402 860 445 890 tu
482 850 697 904 ploi'ectus
731 863 774 889 es
810 849 862 889 ad
898 848 1184 904 Pompeium?
1215 852 1254 883 18
1270 850 1399 896 Quod
1435 851 1615 915 utinam,
1647 862 1694 892 ut

224 913 256 946 b.
269 907 437 963 Appius
474 905 694 969 Claudius,
731 906 770 945 in
814 905 896 946 ista
931 915 1049 961 parte
1083 905 1134 947 C.
1171 905 1319 957 Culio,
1350 905 1474 961 cujus
1505 908 1697 949 amicitia

267 977 336 1004 me
380 962 600 1026 paullatim
644 963 687 1003 in
732 962 841 1002 lianc
875 963 1085 1017 perditam
1127 977 1300 1004 causam
1343 963 1562 1019 imposuit.
1594 978 1694 1005 nam

265 1020 371 1061 mihi
412 1019 549 1060 sentio
590 1020 685 1059 bon
680 1034 746 1059 un
783 1029 969 1060 mentem
1007 1020 1283 1060 wiracundia
1321 1030 1362 1060 et
1401 1034 1545 1061 amore
1577 1020 1694 1061 abla-

265 1089 367 1117 tam.
427 1075 463 1117 Γ1
467 1091 536 1116 um
562 1085 605 1116 tu
631 1090 772 1131 porro,
801 1090 899 1115 cum
934 1075 985 1116 ad
1017 1085 1057 1116 te
1081 1075 1355 1131 proficiscens
1378 1086 1509 1117 noctu
1531 1076 1692 1117 Arimi-

264 1148 366 1174 num
392 1133 614 1183 venissem,
643 1133 746 1173 dum
778 1132 882 1172 mihi
917 1132 1031 1188 pacis
1055 1133 1256 1173 mandata
1284 1133 1358 1173 (las
1382 1134 1434 1174 ad
1458 1132 1690 1184 Caesarem,

263 1199 306 1231 et
330 1190 559 1231 miiiticum
591 1190 729 1230 cixem
762 1188 869 1244 agis,
900 1189 1025 1230 amici
1057 1189 1247 1230 officium
1285 1189 1529 1246 neglexisti,
1550 1204 1689 1244 neque

260 1247 367 1288 mihi
404 1246 672 1288 consuluisti
734 1245 885 1300 Neque
924 1245 1018 1286 haee
1053 1246 1166 1296 dico,
1203 1247 1317 1301 quc-:l
1339 1223 1551 1287 sdiffidam
1587 1246 1690 1288 huic

259 1318 421 1345 causae:
455 1303 542 1353 sed,
572 1303 696 1343 crede
726 1302 848 1352 mihi,
877 1302 1013 1357 perire
1043 1302 1173 1342 satius
1204 1312 1282 1353 cst,
1313 1306 1352 1333 <3⁰
1365 1318 1493 1358 quam
1522 1302 1600 1343 hos
1624 1303 1686 1344 vi·

257 1360 371 1401 dere.
432 1360 599 1406 Quodsi
635 1360 763 1399 timor
796 1368 948 1400 vestrae
982 1358 1245 1399 crudelitatis
1279 1374 1365 1400 non
1399 1369 1522 1409 esset,
1560 1360 1689 1414 ejecti

250 1417 344 1471 jam
369 1417 530 1472 pridem
564 1416 664 1456 hine
693 1428 895 1455 essemus.
958 1414 1070 1455 Nam
1094 1415 1165 1457 hie
1189 1419 1374 1466 1111110,8ι
1395 1425 1549 1471 piaeter
1570 1416 1688 1456 fene-

256 1482 417 1514 ratores
455 1487 629 1527 paucos,
669 1485 748 1512 nee
785 1472 931 1534 homo,
971 1485 1048 1512 nee
1083 1472 1186 1512 mdo
1225 1473 1449 1527 quisquam
1490 1481 1569 1523 est,
1605 1473 1687 1513 nisi

258 1528 563 1585 Pompeianus.
598 1527 844 1582 Equidem
825 1542 917 1581 jam
942 1526 1081 1578 effeci,
1104 1539 1151 1568 ut
1170 1529 1357 1569 maxime
1380 1528 1514 1583 plebS‚
1536 1539 1594 1579 et,
1613 1529 1686 1583 qui

255 1595 381 1627 antea
403 1595 547 1626 noster
570 1584 666 1636 fuit,
695 1584 894 1640 populus,
920 1595 1056 1625 vester
1076 1594 1201 1624 esset.
1263 1584 1352 1625 Cui
1385 1585 1482 1636 hoc,
1515 1585 1687 1649 inquis?

254 1643 388 1683 immo
429 1642 646 1706 82'reliqua
685 1650 905 1697 exspecta.
957 1656 1030 1682 vos
1073 1641 1232 1682 invitos
1275 1641 1444 1682 vincere
1482 1641 1684 1698 co‘egeimo

252 1699 512 1740 831rritavi'
504 1713 545 1739 ln
569 1712 637 1739 me
660 1697 887 1739 Catonem.
919 1712 995 1738 vos
1015 1698 1234 1739 delinitis:
1268 1697 1558 1738 8411et·1dhuc
1576 1698 1684 1740 mihi

251 1755 459 1796 videmini
493 1754 746 1810 intelligere,
778 1769 905 1809 quam
941 1768 1016 1794 nos
1051 1763 1286 1809 pateamus,
1317 1764 1361 1794 et
1391 1769 1519 1809 quam
1551 1755 1682 1796 simus

251 1812 471 1853 imbecilli.
502 1811 646 1866 Atque
668 1811 751 1852 hoe
774 1811 926 1851 nullius
950 1811 1118 1866 plaemii
1140 1825 1214 1866 spe
1237 1810 1416 1852 faciam:
1449 1811 1537 1863 sed,
1559 1811 1676 1867 quod

250 1869 364 1926 apud
395 1882 462 1909 me
493 1867 725 1925 plurimum
756 1868 863 1908 solet
887 1867 1037 1918 valeie,
1068 1867 1225 1908 doloris
1256 1876 1384 1923 atque
1407 1867 1679 1924 indignitatis

290 1985 329 2016 77
343 1991 413 2021 quoe
424 1991 498 2011 cum
511 1979 690 2021 tuseceris]
708 1981 758 2010 Sic
771 1979 854 2010 edidi
868 1990 941 2010 cum
987 1980 1106 2010 Caesari
1134 1984 1240 2017 erant,
1268 1981 1354 2020 quod
1378 1981 1452 2020 ipsis
1475 1985 1617 2017 caverat,
1643 1981 1682 2013 de

249 2024 378 2054 Graevio
406 2033 463 2063 pro
490 2032 560 2063 quoe
588 2032 663 2053 cum
685 2022 868 2061 ceiseceri5‚
892 2023 941 2053 ed.
987 2022 1131 2062 pecuniis
1145 2023 1286 2059 creditis,
1303 2032 1360 2062 per
1374 2023 1607 2053 aestimationes
1623 2024 1680 2054 bo-

251 2069 342 2100 1471.
366 2075 436 2105 quoe
449 2075 522 2096 cum
539 2069 636 2095 erant
654 2074 700 2094 eo·
702 2064 809 2104 ffecta.
854 2064 943 2094 Libri
990 2074 1107 2094 norum
1120 2064 1292 2095 solvendis.
1305 2063 1426 2094 Coelius
1437 2069 1546 2095 autem
1560 2070 1683 2105 praetor

247 2107 301 2138 hic
319 2107 454 2138 mirifice
469 2107 609 2137 variant.
633 2107 673 2137 In
687 2117 760 2147 epp.
777 2106 816 2137 ad
832 2107 941 2137 Att.1.
985 2108 1190 2146 promiserat,
1206 2116 1238 2136 se
1249 2106 1448 2136 debitoribus
1459 2106 1527 2136 fore
1538 2107 1672 2144 auxilio,

247 2160 276 2181 c.
291 2149 411 2185 editur,
424 2149 460 2179 id
469 2147 634 2188 siseceris.
984 2153 1022 2178 ut
1039 2154 1129 2187 patet
1142 2158 1160 2178 e
1176 2150 1315 2184 Caesare,
1333 2148 1370 2178 Β.
1386 2149 1423 2179 C.
1442 2147 1506 2184 111,
1523 2152 1574 2179 20.

288 2194 328 2226 78
345 2190 442 2231 ‚Quod
456 2192 585 2220 utinam
598 2191 657 2220 &c
660 2190 674 2229 ]
696 2189 797 2220 Valde
813 2191 940 2221 variant
1026 2192 1066 2221 82
1079 2191 1232 2229 reliquias
1244 2189 1442 2229 exspectant]
1463 2189 1536 2220 Hoc
1547 2200 1678 2221 sensum

246 2233 300 2264 hic
327 2233 414 2269 libri,
441 2232 632 2271 videturque
658 2231 826 2262 nonnullis
850 2231 940 2262 loeus
985 2240 1050 2261 non
1065 2231 1175 2262 habet.
1199 2232 1282 2262 Dedi
1299 2241 1374 2261 cum
1388 2231 1535 2262 Graevio:
1552 2234 1679 2272 reliqua

246 2274 396 2306 mutilus.
440 2274 569 2304 Servavi
601 2273 675 2310 hoc,
706 2274 814 2304 deleta
842 2273 939 2304 modo
982 2278 1114 2313 expecta
1125 2286 1134 2303 .-
1161 2274 1246 2312 quod
1268 2278 1303 2303 et
1334 2274 1487 2304 Manutio
1515 2274 1677 2314 placebat.

244 2317 513 2356 interpunctione
527 2320 598 2354 post
606 2320 714 2355 parte.
737 2317 856 2346 Sensus
870 2321 937 2346 est:
982 2317 1108 2354 reliqua
1123 2316 1252 2354 quidem
1269 2320 1318 2345 est
1335 2316 1367 2345 in
1384 2315 1448 2345 Gu.

243 2359 373 2389 utinam
396 2358 442 2388 ita
457 2357 491 2387 in
507 2357 651 2396 partibus
668 2358 872 2396 Pompeianis
888 2358 937 2387 fu·
1024 2359 1063 2388 83
1087 2358 1227 2388 Irritavi
1246 2359 1282 2387 in
1308 2367 1359 2388 me
1386 2356 1552 2396 Catonem]
1581 2357 1677 2388 Varie

243 2400 321 2431 isset
335 2399 448 2435 Curio,
462 2403 501 2428 ut
515 2400 549 2428 in
565 2399 602 2428 iis
618 2399 680 2428 fuit
702 2400 825 2439 Appius
839 2411 845 2428 :
871 2408 938 2430 non
980 2396 1034 2429 hic
1049 2399 1138 2429 locus
1153 2399 1291 2438 legitur:
1308 2408 1368 2429 nec
1380 2404 1429 2428 est
1443 2398 1566 2437 aliquid
1580 2399 1676 2435 certi,

242 2451 297 2473 me
312 2441 365 2472 hic
383 2441 611 2477 abalienasset,
631 2450 688 2470 nez
705 2441 760 2471 ‘Me
775 2441 816 2471 ad
831 2442 938 2473 Caesa-
981 2440 1060 2470 adeo
1077 2441 1149 2471 libri
1166 2445 1244 2471 sunt
1259 2440 1378 2476 vitiosi,
1403 2443 1441 2468 ut
1461 2441 1525 2470 Gn.
1546 2439 1599 2478 qui
1616 2440 1675 2471 ha·-

242 2493 311 2515 rem
328 2483 490 2514 traxisset.
982 2481 1036 2512 bet
1062 2484 1235 2513 arnntami
1257 2481 1307 2513 M.
1337 2482 1498 2512 Catonem.
1541 2481 1675 2512 ssaden--

283 2529 324 2560 79
346 2525 428 2555 irac.
443 2530 474 2555 et
487 2533 597 2555 amore
613 2524 775 2562 ablatam]
803 2524 934 2554 lzamn-
980 2523 1111 2563 &ospitis
1126 2524 1164 2553 (l
1180 2525 1268 2553 ‚qv-ct.
1289 2524 1369 2553 (lits,
1390 2526 1413 2551 1.
1434 2523 1593 2561 conjecit:
1608 2523 1676 2554 Mi-

241 2566 295 2598 dia
307 2568 342 2597 in
358 2566 500 2607 Appium
515 2566 763 2605 Pompeianum,
779 2571 812 2595 et
825 2576 936 2596 amore
978 2566 1130 2594 7ἀῘιτὶ1ηἰη
1156 2576 1186 2593 ωε
1218 2576 1220 2578 ·
1214 2576 1262 2596 zc
1284 2566 1435 2595 Catonem
1449 2564 1499 2595 vel
1521 2574 1572 2595 me
1594 2567 1676 2596 alte.

242 2610 277 2640 in
295 2610 473 2641 Curionem
486 2607 720 2643 Caesarianum,
735 2613 774 2637 ut
787 2607 936 2646 Pompei·
977 2616 997 2635 7
1000 2617 1052 2636 ιι7ι
1077 2608 1238 2637 Gitonem.

241 2660 320 2682 anas
336 2654 444 2691 partes
459 2649 687 2689 relinquerem,
702 2655 737 2679 et
752 2649 784 2679 in
799 2650 935 2679 Caesari-
1013 2651 1053 2679 84
1065 2658 1122 2679 uec
1134 2651 1175 2678 lm
1211 2649 1318 2679 adhuc
1329 2647 1402 2687 δια]
1421 2648 1486 2677 hoec
1496 2647 1670 2679 delendum

240 2702 319 2724 anas
333 2697 440 2732 partes
454 2692 548 2722 irem.
978 2691 1104 2729 putavi,
1120 2695 1159 2720 ut
1173 2695 1207 2721 et
1220 2690 1291 2721 aliis
1306 2689 1441 2729 placuit.
1457 2689 1547 2720 abest
1562 2689 1603 2719 ab
1616 2689 1668 2721 ed.

283 2737 324 2766 80
337 2744 436 2774 quam
452 2735 506 2764 hos
519 2733 640 2773 videre]
666 2732 867 2764 Caesarianos
883 2733 933 2763 in·
978 2731 1066 2762 Med.
1090 2732 1180 2771 Post,
1203 2732 1254 2764 ed.
1281 2734 1370 2766 1471.
1394 2740 1460 2772 qua
1481 2741 1536 2762 nos
1554 2735 1669 2772 patea-

239 2776 394 2812 solentes,
409 2775 495 2816 apud
510 2785 591 2814 quos
605 2784 689 2806 sum.
978 2783 1061 2805 nius.

282 2820 319 2850 81
344 2822 466 2858 praeter
476 2816 696 2858 feneratores]
727 2816 792 2858 Qui
814 2815 934 2848 addicti
