1903 3218
295 85 372 118 214
696 82 876 120 EPIST.
904 81 1088 120 LIBER
1116 81 1318 130 NQNUS

298 190 409 230 inter
428 202 529 229 nos:
561 201 653 227 sero
673 185 876 236 fortasse;
908 185 978 226 sed
1002 185 1267 241 superiorum
1289 193 1529 238 temporum
1553 180 1727 224 fortuna

301 244 548 301 reipublicae
590 257 761 284 causam
803 242 1023 283 sustineat.
1086 241 1196 282 Haec
1234 241 1314 297 ipsi
1356 248 1558 294 praestare
1597 239 1727 279 debe-

303 317 412 344 mus.
472 300 616 356 Atque
645 299 809 340 utinam
839 299 993 353 quietis
1027 298 1305 353 temporibus,
1339 306 1466 349 atque
1500 295 1658 348 aliquo,
1691 295 1725 335 si

304 374 388 401 non
415 360 543 408 bono,
565 367 609 398 at
632 356 779 397 saltem
801 366 917 396 certo
941 365 1050 396 statu
1069 355 1271 404 civitatis,
1295 355 1386 394 haee
1409 352 1519 393 inter
1541 365 1617 391 nos
1637 362 1725 391 stu-

303 417 375 457 dia
403 429 601 456 exercere
622 413 859 467 possemus!
922 413 1195 466 Quamquam
1229 421 1318 450 tum
1350 409 1520 465 quidem
1547 407 1609 448 vel
1631 407 1726 448 aliae

304 473 517 528 quaepiam
551 471 751 519 rationes,
772 468 971 508 honestas
1003 469 1126 508 nobis
1157 477 1201 507 et
1226 482 1348 508 curas
1369 476 1412 506 et
1442 465 1634 506 actiones
1655 464 1728 505 da-

305 540 423 571 rent:
456 542 568 568 nune
601 536 743 566 autem
775 524 878 579 quid
912 535 991 572 est,
1022 525 1112 564 sine
1144 523 1210 563 his
1249 537 1324 564 cur
1356 523 1495 563 vivere
1527 521 1729 562 velimus?

306 586 421 627 Mihi
461 599 559 624 vero
590 597 688 624 cum
718 581 784 622 his
815 581 917 636 ipsis
951 581 1047 621 vix:
1080 580 1145 620 his
1167 589 1309 620 autem
1338 580 1553 629 detractis,
1579 592 1630 618 ne
1655 577 1728 617 vix

305 643 492 698 quidem.
553 639 636 680 Sed
681 638 774 679 haec
821 652 979 686 coram,
1023 647 1066 677 et
1106 637 1276 691 saepius,
1339 636 1646 691 Migrationem
1689 643 1733 674 et

305 699 538 740 emtionem
559 696 739 737 feliciter
757 695 925 735 evenire
942 694 1052 743 volo,
1077 703 1282 748 tuumque
1304 693 1346 732 in
1368 706 1417 733 ea
1439 707 1482 733 re
1503 691 1729 734 consilium

306 757 457 814 probo.
517 754 633 795 Cura
655 760 701 792 ut
727 751 881 792 valeas.

268 850 295 892 9
815 839 1216 876 ARGUMENTUM.

307 906 505 943 Dolabella
531 916 650 940 socero
676 915 740 938 suo
767 903 907 944 suadet,
925 907 964 938 ut
992 915 1028 937 se
1054 902 1110 937 vel
1136 914 1214 937 cum
1235 901 1372 937 Caesare
1400 900 1605 947 conjungat,
1624 900 1678 934 vel
1698 901 1734 934 in

368 960 481 994 otium
498 968 534 992 se
553 955 699 1005 referat.
721 955 816 1002 quod
836 955 927 990 idem
948 955 1075 990 Coelius
1092 957 1254 989 suaserat
1274 953 1332 988 lib.
1354 964 1445 987 v11r.
1465 953 1567 1000 epist.
1589 962 1672 986 xvi.

592 1019 961 1064 DOLABELLA
994 1019 1298 1061 CICERONI
1331 1019 1375 1060 S.
1397 1018 1453 1060 D.

309 1080 362 1132 S.
387 1091 440 1131 V.
465 1090 520 1132 G.
544 1089 597 1130 V.
619 1099 663 1130 et
683 1088 823 1130 Tullia
853 1097 998 1129 nostra
1029 1096 1143 1127 recte
1165 1087 1218 1127 V.
1241 1086 1443 1127 Terentia
1469 1085 1606 1125 minus
1631 1083 1736 1125 belle

308 1148 487 1190 habuit:
521 1146 592 1187 sed
624 1156 788 1187 certum
820 1146 908 1186 scio
935 1145 1026 1200 jam
1060 1144 1325 1185 convaluisse
1355 1158 1463 1183 eam.
1525 1141 1740 1182 Praeterea

309 1205 543 1246 rectissime
571 1214 670 1244 sunt
700 1202 814 1258 apud
846 1213 887 1242 te
917 1201 1075 1242 onmia.
1138 1200 1230 1241 Etsi
1254 1200 1368 1241 nullo
1392 1211 1582 1254 tempore
1605 1198 1646 1238 in
1670 1213 1739 1238 su-

311 1263 546 1318 spicionem
580 1261 658 1300 tibi
690 1260 818 1300 debui
843 1259 999 1308 venire,
1022 1259 1061 1288 2⁶
1078 1258 1259 1313 partium
1282 1271 1408 1298 causa
1432 1257 1588 1313 potiuS,
1611 1269 1739 1310 quam

267 1329 297 1359 b.
312 1329 399 1370 tua,
422 1318 500 1360 tibi
524 1318 713 1367 suadere,
737 1326 783 1357 ut
805 1326 846 1357 te
867 1325 941 1357 aut
966 1329 1063 1356 cum
1097 1314 1266 1356 Caesare
1297 1314 1607 1368 nobiscumque
1637 1325 1741 1352 con-

303 1377 525 1432 jungeres,
558 1384 632 1415 aut
669 1383 783 1414 certe
820 1374 863 1414 in
901 1373 1038 1413 otium
1078 1371 1278 1421 referres3
1309 1374 1344 1404 27
1360 1370 1576 1426 praecipue
1613 1383 1741 1418 nunc,

303 1434 397 1488 jam
431 1431 636 1472 inclinata
662 1431 856 1478 victoria,
887 1443 939 1470 ne
969 1443 1142 1484 possum
1171 1429 1342 1482 quidem
1377 1428 1419 1467 in
1453 1427 1580 1468 ullam
1613 1426 1740 1466 aliam

311 1489 499 1530 incidere
520 1488 783 1542 opinionem,
807 1486 885 1528 nisi
910 1486 951 1526 in
974 1499 1083 1535 eam,
1106 1486 1147 1525 in
1171 1499 1256 1540 qua
1281 1484 1444 1525 scilicet
1465 1484 1543 1524 tibi
1567 1483 1743 1523 suadere

312 1547 470 1595 videar,
492 1545 607 1600 quod
642 1544 710 1599 pie
743 1552 882 1584 tacere
919 1557 1004 1582 non
1040 1556 1226 1597 possum.
1285 1540 1351 1581 Tu
1385 1551 1542 1590 autem,
1571 1539 1630 1580 mi
1669 1537 1744 1579 Ci-

311 1617 424 1652 cero,
447 1603 508 1643 sic
539 1600 633 1646 haec
663 1601 863 1656 accipim,
887 1609 948 1650 ut,
973 1599 1061 1639 sive
1093 1599 1390 1654 probabuntur
1422 1597 1515 1646 tibi,
1539 1596 1626 1637 sive
1657 1609 1744 1636 non

313 1659 625 1721 probabuntur,
647 1658 701 1698 ab
723 1657 890 1713 optimo
912 1666 1027 1697 certe
1049 1657 1193 1696 animo
1219 1669 1269 1696 ac
1299 1655 1565 1696 deditissimo
1601 1652 1680 1694 tibi
1703 1660 1748 1692 et

313 1716 506 1772 cogitata
530 1727 572 1755 et
603 1714 761 1770 scripta
789 1728 879 1754 esse
905 1713 1089 1768 judices.
1149 1711 1483 1760 Animadvertis,
1507 1710 1588 1752 Cn.
1615 1709 1745 1750 Pom-

314 1774 458 1830 peium
485 1786 562 1814 nec
594 1771 778 1812 nominis
810 1771 889 1821 sui,
914 1784 992 1811 nec
1017 1784 1153 1810 rerum
1187 1778 1402 1824 gestarum
1434 1767 1585 1823 gloria,
1606 1779 1745 1820 neque

315 1831 445 1871 etiam
470 1843 617 1885 regum
650 1843 698 1869 ac
729 1827 951 1868 nationum
984 1826 1205 1876 clientelis,
1230 1840 1334 1880 quas
1357 1835 1572 1865 ostentare
1595 1824 1746 1864 crebro

317 1887 496 1936 solebat,
529 1899 618 1926 esse
657 1894 828 1935 tutum,
858 1894 901 1924 et
926 1884 1006 1924 hoc
1037 1884 1182 1933 etiam,
1213 1885 1252 1915 28
1266 1882 1379 1937 quod
1412 1881 1561 1922 infimo
1591 1880 1748 1934 cuique

317 1944 518 1999 contigit,
542 1943 600 1983 illi
623 1957 708 1983 non
732 1956 856 1998 posse
884 1942 1149 1996 contingere,
1174 1949 1218 1980 ut
1240 1939 1419 1980 honeste
1441 1938 1630 1994 effugere
1650 1951 1749 1992 pos-

319 2001 388 2052 sit,
413 2000 534 2059 pulso
569 1998 707 2049 Italia,
736 1998 900 2039 amissis
936 1997 1176 2053 Hispaniis,
1198 2007 1326 2053 capto
1361 1996 1553 2037 exercitu
1585 2004 1750 2035 vetera-

320 2073 391 2112 no,
413 2056 783 2098 99circumvallato
814 2069 929 2096 nunc
959 2055 1169 2109 denique:
1201 2057 1242 2084 3⁰
1255 2053 1370 2109 quod
1401 2053 1546 2094 nescio
1571 2066 1624 2092 an
1647 2049 1752 2091 nulli

323 2129 522 2171 umquam
566 2122 712 2154 nostro
751 2111 956 2159 acciderit
987 2111 1249 2168 imperatori.
1311 2110 1620 2160 Quamobrem,
1648 2107 1752 2163 quid

364 2277 405 2307 26
425 2276 574 2315 partium
589 2286 615 2305 c.
626 2275 748 2314 pallus]
769 2273 946 2304 Lambinus
960 2284 1016 2303 vo-

324 2319 412 2350 lebat
428 2317 500 2348 addi
516 2327 579 2354 me,
594 2317 679 2355 quod
695 2317 789 2347 facile
806 2316 858 2346 hic
872 2316 1019 2347 excidere

324 2361 448 2402 potuit.
494 2359 555 2390 Sed
571 2364 679 2399 potest
694 2357 863 2397 commode
877 2358 997 2388 abesse.

369 2405 408 2436 27
426 2402 588 2441 proecipue
603 2399 787 2440 ⁴mumdum
803 2397 878 2430 incl.
894 2399 945 2439 v.]
968 2401 1020 2430 Sic

329 2443 640 2483 interpungendum.
669 2443 858 2482 Suspicatus
874 2451 945 2475 sum
963 2451 1022 2482 pro

321 2486 399 2527 jam
415 2485 588 2525 legendum
606 2490 716 2515 tamen
730 2497 739 2512 :
757 2484 921 2524 proecz'pue
937 2493 1023 2527 nunc

331 2534 442 2559 tamen
460 2527 623 2564 ,inclinata
635 2537 666 2556 v.
679 2539 688 2555 .-
711 2527 761 2556 vcl
784 2531 895 2556 tamen
916 2535 1022 2556 nunc:

332 2580 408 2601 nam
423 2573 457 2611 et
472 2569 521 2600 ed.
539 2568 634 2599 Rom.
650 2567 831 2608 habetjanv
848 2577 946 2597 nunc.

374 2614 414 2642 28
437 2611 520 2651 quod
543 2611 653 2651 infimo
675 2610 801 2649 cuique]
831 2609 1022 2649 Intelligen-

332 2654 409 2684 dum
426 2654 465 2683 de
484 2653 697 2693 Pompeianis
741 2652 802 2682 Sed
822 2651 929 2691 nptius
951 2660 1023 2681 sen-

333 2696 447 2726 tentiae
465 2694 563 2731 foret,
579 2695 604 2724 si
620 2694 742 2734 aliquid
765 2699 861 2730 esset,
877 2693 964 2731 quod
986 2692 1025 2723 de

334 2738 467 2767 ducibus
489 2736 739 2775 intelligeretur.
763 2735 824 2765 nisi
838 2735 909 2774 quis
931 2734 1026 2765 malit

334 2785 366 2809 et
382 2779 443 2809 hoc
458 2779 503 2808 sic
519 2789 643 2819 capere.
689 2778 862 2816 Pompeius
879 2786 1027 2807 summus

334 2824 403 2850 ‹tus-
417 2821 536 2864 passim
552 2820 701 2852 Ciceroni
716 2820 846 2851 dicitur.

1103 2276 1143 2307 29
1166 2273 1414 2303 circumvallato
1433 2281 1464 2301 n.
1481 2271 1529 2311 d.]
1547 2271 1598 2302 De
1612 2271 1753 2302 Brundi—

1061 2317 1132 2345 sina
1148 2324 1188 2345 an
1211 2314 1439 2354 Dyrrhachina
1452 2313 1755 2344 circumvallatione

1062 2357 1336 2396 intelligendum?
1361 2356 1400 2386 de
1426 2356 1486 2386 hac
1513 2355 1643 2391 rectius,
1667 2354 1755 2393 quod

1063 2399 1231 2429 inclinatae
1248 2398 1391 2429 victoria*
1407 2397 1532 2428 mentio
1548 2397 1703 2436 postulat.

1107 2444 1148 2471 30
1170 2441 1254 2480 quod
1275 2441 1377 2470 nescio
1402 2450 1447 2470 cm
1468 2439 1565 2477 nulli]
1595 2439 1646 2468 Sic
1668 2437 1757 2469 haud

1066 2488 1261 2513 cunctanter
1282 2482 1379 2518 edidi,
1396 2491 1453 2521 pro
1469 2481 1543 2516 ulli,
1559 2486 1596 2510 ut
1616 2481 1758 2519 conjecit

1066 2524 1256 2555 Lambinus.
1276 2533 1351 2554 nam
1375 2523 1522 2553 latinitas
1544 2522 1576 2552 id
1600 2522 1757 2562 postulat.

1064 2568 1166 2602 nescio
1191 2577 1236 2596 an
1257 2566 1398 2596 affirmat
1422 2564 1585 2595 modeste:
1610 2565 1695 2603 quod
1718 2564 1760 2594 ab

1066 2608 1097 2638 h.
1115 2609 1135 2639 l.
1152 2614 1201 2639 est
1216 2608 1370 2638 alienum.
1415 2606 1476 2637 Sed
1500 2607 1531 2635 in
1556 2606 1617 2636 hoc
1634 2606 1758 2637 librarii

1066 2651 1231 2681 interdum
1261 2658 1445 2690 peccavere,
1468 2656 1504 2678 ut
1534 2649 1635 2678 nostri
1663 2648 1759 2680 hodie

1069 2692 1217 2722 homines
1228 2701 1328 2722 avera
1337 2691 1503 2721 latinitate
1514 2690 1679 2727 aberrant,
1687 2700 1762 2720 cum

1069 2732 1129 2764 hac
1144 2734 1287 2764 formula
1308 2738 1474 2763 utuntur:
1499 2732 1582 2771 quod
1606 2742 1677 2762 eam
1700 2732 1761 2762 du-

1070 2776 1265 2806 bitationem
1288 2775 1406 2805 habere
1428 2779 1562 2814 putant,
1578 2780 1612 2804 et
1627 2775 1691 2804 vim
1707 2783 1762 2804 ne·

1070 2817 1179 2858 gandi.
1217 2817 1369 2858 Unquam
1385 2817 1418 2848 in
1434 2816 1498 2847 Gu.
1514 2818 1544 2847 2.
1558 2821 1606 2847 est
1622 2826 1641 2848 a
1656 2826 1700 2847 m.
1716 2824 1742 2847 ε.
