1865 3223
437 80 519 119 AD
545 80 586 119 C.
614 80 923 119 MEMMIUM
947 82 1023 119 ET
1048 84 1230 121 ALIOS.
1480 91 1556 124 353

127 195 170 228 te
191 186 234 228 in
256 183 461 240 majorem
493 184 681 234 modum,
705 192 751 224 ut
785 183 866 235 his,
889 184 1088 226 omnibus
1120 186 1161 226 in
1188 187 1326 239 rebus,
1347 199 1553 243 quantum

124 253 200 285 tua
232 242 334 284 fides
368 241 650 304 dignitasque
673 241 871 295 patietur,
908 242 1169 283 commodes.
1231 243 1281 284 Id
1320 245 1354 285 si
1386 244 1552 297 feceris,

123 301 205 341 erit
226 299 330 340 mihi
354 300 724 340 vehementissime
745 308 931 354 gratum.

633 385 1034 425 ARGUMENTUM.
1558 389 1610 425 :33

437 449 593 486 Nasonis
612 448 756 485 libertos
775 455 808 485 et
827 452 973 498 negotia
992 450 1228 487 commendat.

382 513 448 555 M.
470 513 519 555 T.
545 514 596 556 C.
628 514 844 557 ACILIO
879 516 1057 558 PROC.
1091 517 1133 558 S.
1159 516 1208 557 P.
1234 515 1291 557 D.

110 571 226 626 CN.
255 583 440 625 Otacilio
480 583 653 624 Nasone
686 594 780 625 utor
813 584 1154 636 familiarissime,
1190 586 1248 625 ita
1281 599 1464 640 prorsus,
1497 595 1545 627 ut

117 641 228 682 illius
263 640 422 681 ordinis
459 639 574 681 nullo
605 640 868 682 familiarius.
932 641 1041 682 Nam
1077 641 1119 682 et'
1153 642 1418 683 humanitate
1451 642 1542 698 ejus

113 709 157 738 et
191 698 402 752 probitate
437 698 477 737 in
512 698 820 739 consuetudine
854 698 1105 753 quotidiana
1137 712 1396 754 magnopere
1427 700 1540 740 dele-

112 764 219 795 ctor.
283 753 403 794 Mhi!
432 754 524 808 jam
554 768 660 810 opus
693 765 757 795 est
785 766 1033 811 exspectare
1067 765 1122 805 te,
1142 756 1298 811 quibus
1329 770 1424 796 eum
1451 770 1540 797 ver-

113 810 177 851 bis
202 811 278 852 tibi
303 811 613 859 commendem,
636 826 721 866 quo
744 813 803 854 sic
837 823 943 861 utar,
965 821 1013 852 ut
1042 813 1206 868 scripsi.
1270 810 1417 854 Habet
1440 813 1472 853 is
1496 814 1538 854 in

108 868 332 923 provincia
360 878 432 908 tua
464 868 650 924 negotia,
673 883 768 924 quae
804 880 1033 924 procurant
1056 870 1212 920 liberti,
1236 869 1426 921 Hilarus,
1448 869 1538 911 An-

109 926 299 981 tigonuS‚
327 923 654 966 Demostratus:
687 940 794 980 quos
828 926 922 977 tibi,
947 928 1204 982 negotiaque
1233 928 1377 967 omnia
1399 927 1538 967 Naso-

107 983 187 1031 nis,
208 996 292 1022 non
315 997 434 1022 secus
456 982 725 1033 commendo,
748 997 796 1023 ac
824 984 856 1023 si
892 997 985 1023 mea
1016 993 1170 1024 essent.
1232 983 1536 1025 Gratissimum

105 1039 211 1079 mihi
238 1038 400 1089 feceris,
420 1039 450 1080 si
476 1038 742 1090 intellexero,
760 1040 869 1081 hanc
891 1041 1306 1081 commendationem
1330 1055 1533 1097 magnum
1546 1048 1665 1087 p.219.

1547 1100 1577 1120 a.

104 1096 218 1152 apud
242 1109 283 1137 te
306 1097 469 1151 pondus
494 1097 705 1137 habuisse.

615 1186 725 1223 ARG
732 1187 762 1222 U
766 1185 1016 1223 MENTUM.
1547 1182 1601 1218 34

461 1248 638 1297 Lysonem
659 1249 921 1296 Lilyboetanum
940 1249 1174 1285 commendat.

102 1372 356 1436 AVITUM
387 1381 493 1423 mihi
526 1382 760 1438 hospitium
792 1392 857 1423 est
887 1397 984 1423 cum
1015 1383 1199 1438 Lysone,
1225 1383 1406 1438 Lysonis
1428 1384 1532 1437 filio,

99 1438 385 1494 Lilybaetano',
410 1439 615 1494 valdeque
639 1440 692 1479 ab
714 1454 765 1480 eo
789 1439 1015 1481 observor:
1048 1442 1321 1496 cognovique
1351 1440 1532 1497 (lignum

97 1505 140 1536 et
161 1505 281 1551 patre
301 1505 345 1536 et
366 1511 461 1537 avo.
483 1507 547 1537 est
574 1496 685 1536 enim
720 1496 984 1537 nobilissima
1017 1495 1193 1537 familia.
1255 1497 1532 1554 Quapropter

96 1552 353 1594 commendo
377 1553 452 1593 tibi
479 1553 682 1608 majorem
707 1554 747 1593 in
783 1554 957 1594 modum
995 1567 1081 1594 rem
1114 1553 1374 1609 domumque
1411 1557 1529 1610 ejus:

95 1623 339 1665 magnoque
369 1624 497 1665 opere
530 1612 604 1651 abs
639 1621 679 1650 te
710 1620 824 1666 peto,
847 1625 981 1660 cures,
1007 1620 1052 1650 ut
1075 1610 1108 1650 is
1140 1609 1367 1666 intelligat,
1391 1627 1531 1654 meam

95 1669 512 1708 commendationem
546 1667 736 1708 maximo
771 1668 851 1708 sibi
889 1668 1002 1724 apud
1037 1680 1091 1718 te,
1123 1677 1166 1707 et
1198 1667 1464 1722 adjumento,
1486 1678 1532 1710 et

93 1733 345 1765 ornamento
367 1723 512 1765 fuisse.
574 1724 692 1764 Vale.

607 1813 1010 1851 ARGUMENTUM.
1539 1814 1592 1851 35

241 1875 495 1919 Philoxenum,
515 1876 691 1924 hospitem
709 1881 744 1912 et
751 1875 985 1924 familiarem
1001 1888 1115 1916 suum,
1135 1877 1372 1914 commendat.

348 1943 413 1984 M.
437 1943 488 1985 T.
512 1944 563 1985 C.
598 1942 811 1985 ACILIO
846 1943 1026 1984 PROC.
1059 1943 1103 1984 S.
1129 1942 1178 1984 P.
1204 1942 1261 1984 D.

90 1997 151 2050 C.
178 2008 450 2052 AVIANUS
488 2011 768 2060 Philoxenus,
791 2011 991 2065 antiquus
1025 2020 1088 2051 est
1125 2010 1280 2066 hospes
1315 2025 1448 2062 meus,
1481 2021 1524 2066 et

86 2076 242 2122 praeter
290 2067 526 2123 hospitium
572 2067 690 2108 valde
738 2068 868 2108 etiam
918 2067 1162 2110 familiaris:
1206 2082 1333 2122 quem
1376 2067 1522 2110 Caesar

83 2126 234 2166 70meo
268 2125 477 2166 beneflcio
512 2127 554 2165 in
590 2124 940 2166 Novocomenses
963 2125 1122 2165 retulit.
1183 2124 1354 2165 Nomen
1378 2136 1523 2168 autem

83 2179 240 2222 Aviani
265 2191 434 2222 secutus
456 2192 534 2232 est,
556 2182 671 2236 quod
706 2182 881 2222 homine
912 2181 1028 2222 nullo
1053 2181 1145 2236 plus
1167 2191 1231 2222 est
1255 2196 1370 2235 usus,
1390 2197 1521 2238 quam

84 2236 240 2279 Flacco
273 2238 456 2289 Aviano,
490 2253 600 2290 meo,
623 2239 984 2294 quemadmodum
1020 2247 1062 2278 te
1095 2238 1203 2279 scire
1233 2239 1432 2290 arbitror,
1457 2239 1520 2280 fa·

80 2295 384 2337 miliat-issima
445 2296 556 2342 Quae
587 2310 669 2351 ego
697 2296 842 2335 omnia
873 2295 1043 2351 collegi,
1066 2304 1111 2336 ut
1135 2295 1408 2352 intelligeres,
1431 2310 1518 2338 non

80 2351 302 2408 vulgarem
334 2367 425 2393 esse
456 2353 876 2394 commendationem
907 2353 1017 2393 hanc
1040 2366 1192 2396 meam,
1254 2352 1362 2394 Peto
1384 2353 1518 2408 igitur

80 2409 157 2450 abs
180 2420 236 2460 te,
253 2419 300 2450 ut
321 2411 521 2451 omnibus
546 2409 813 2464 rebus,quod
837 2410 926 2450 sine
950 2408 1144 2450 molestia
1162 2418 1235 2450 tua
1257 2409 1395 2450 facere
1417 2424 1515 2465 pos-

81 2465 152 2516 sis,
173 2466 213 2507 ei
242 2467 504 2518 commodes,
529 2468 769 2522 habeasque
790 2467 831 2507 in
863 2480 1038 2507 numero
1067 2474 1263 2507 tuorum:
1297 2466 1514 2522 perficias-

79 2535 178 2575 que,
200 2533 248 2564 ut
269 2524 494 2578 intelligat,
519 2526 592 2565 has
614 2525 775 2565 litteras
800 2538 914 2564 meas
944 2537 1103 2580 magno
1131 2523 1212 2564 sibi
1243 2523 1336 2564 usui
1365 2521 1510 2565 fuisse.

81 2575 176 2619 Erit
197 2579 240 2621 id
262 2581 368 2622 mihi
390 2582 597 2637 majorem
619 2581 662 2621 in
686 2581 861 2622 modum
883 2591 1068 2636 gratum.

117 2726 159 2757 70
181 2733 250 2754 ’neo
264 2724 424 2765 beneficio]
452 2725 512 2757 Est
526 2736 586 2767 pro
601 2736 769 2757 commen·
813 2727 975 2757 cebantur
990 2736 1058 2756 esse
1074 2725 1220 2765 beneficio
1230 2724 1300 2765 ejus
1311 2737 1320 2754 :
1337 2723 1423 2755 unde
1437 2730 1513 2765 post

75 2763 220 2798 datione.
265 2765 328 2796 Sed
350 2768 405 2806 qui
427 2769 482 2807 jus
506 2769 648 2799 civitatis
677 2774 772 2799 erant
815 2769 978 2809 beneficia,
993 2767 1200 2808 beneficiarii.

75 2807 211 2838 alterius
226 2809 511 2841 commendatione
526 2811 707 2849 consecuti,
722 2812 770 2841 di-

137 2862 245 2892 VOL.
267 2863 345 2893 111.
367 2864 410 2893 P.
438 2864 471 2892 1.
761 2867 790 2894 Α
812 2868 837 2894 a
