1903 3218
396 88 476 126 AD
501 88 558 127 M.
575 87 918 126 VARRONEM
945 88 1019 126 ET
1044 88 1325 129 CETEROS.
1505 97 1583 133 219

151 190 393 247 frequentes
414 191 744 234 necessarii-mei
765 208 774 233 ε
796 191 900 247 quin
923 205 1087 242 omneS,
1108 206 1208 232 cum
1233 199 1273 232 te
1296 194 1471 234 summis
1493 195 1583 236 lau-

150 249 276 291 dibus
297 250 348 290 ad
372 248 524 290 caelum
547 247 806 299 extulerunt,
827 248 934 289 mihi
961 248 1169 288 continuo
1193 249 1402 290 maximas
1425 253 1583 305 gratias

151 317 295 361 agant.
357 305 532 362 Negant
563 305 676 345 enim
709 319 752 345 se
781 305 994 355 dubitare,
1015 305 1119 359 quin
1144 314 1205 355 tu,
1228 305 1333 345 meis
1356 309 1583 362 praeceptis

150 375 194 403 et
231 363 419 404 consiliis
461 363 775 417 obtemperans,
818 362 1219 418 praestantissimum
1272 372 1312 402 te
1352 363 1490 404 civem
1541 374 1584 404 et

153 420 408 475 singularem
451 418 666 460 consulem
708 421 913 474 praebeas.
976 419 1146 465 Quibus
1187 432 1285 474 ego,
1323 433 1582 475 quamquam

157 477 371 518 verissime
394 490 564 532 possum
589 477 857 531 respondere,
880 486 936 526 te,
959 491 1054 531 quae
1078 474 1225 526 facias,
1250 486 1323 516 tuo
1347 474 1517 530 judicio
1541 487 1585 518 et

155 543 228 574 tua
249 542 401 589 sponte
423 532 576 582 facere,
599 547 677 574 nec
699 533 950 587 cujusquam
974 547 1099 588 egere
1121 532 1327 584 consilio;
1351 542 1492 574 tamen
1511 549 1585 575 ne-

154 604 236 644 que
259 590 382 646 plane
402 590 624 639 assentior,
648 603 699 630 ne
723 590 970 631 imminuam
998 601 1115 630 tuam
1141 589 1323 640 laudem,
1346 589 1378 630 si
1402 592 1541 631 omnis
1560 606 1586 632 a

154 647 260 687 meis
295 645 484 687 consiliis
521 646 714 701 profecta
746 646 963 688 videatur:
996 661 1134 701 neque
1173 645 1293 687 valde
1332 661 1458 703 nego.
1490 663 1584 689 sum

154 704 267 744 enim
299 703 463 743 avidior
484 705 629 754 etiam,
652 718 779 758 quam
812 704 913 744 satis
944 713 1022 754 est,
1054 704 1218 759 gloriae.
1276 706 1316 736 ‘¹9
1332 702 1410 745 Est
1443 715 1585 746 tamen

155 774 240 800 non
263 759 449 800 alienum
473 760 684 816 dignitate
708 770 794 812 tna,
829 761 941 816 quod
967 762 1046 816 ipsi
1075 761 1408 817 Agamemnoni,
1435 776 1585 817 regum

155 817 260 873 regi,
290 816 372 858 fuit
395 816 637 868 honestum,
660 817 816 858 habere
848 817 1032 873 aliquem
1067 818 1110 858 in
1143 818 1331 858 consiliis
1361 819 1586 874 capiundis

157 873 409 915 Nestorem:
443 874 548 915 mihi
581 888 678 915 vero
700 875 948 930 gloriosum,
973 884 1014 915 te
1028 876 1235 930 juvenem
1266 877 1483 916 consulem
1507 877 1586 917 flo-

156 944 246 972 rere
268 930 478 982 laudibus,
497 932 616 986 quasi
641 931 858 987 alumnum
888 932 1128 987 disciplinae
1157 945 1278 973 meae.
1340 932 1388 973 L.
1411 933 1585 988 quidem

155 986 316 1038 Caesar,
337 1002 435 1028 cum
468 989 519 1029 ad
552 1002 648 1028 eum
673 999 885 1044 aegrotum
921 989 1148 1045 Neapolim
1189 990 1412 1040 venissem,
1436 1005 1586 1045 quam-

156 1058 283 1098 quam
312 1056 402 1085 erat
425 1059 651 1101 oppressus
680 1046 812 1086 totius
835 1047 1026 1102 corporis
1049 1046 1283 1096 doloribus,
1308 1056 1449 1087 tamen
1472 1059 1585 1099 ante,

155 1115 284 1155 quam
306 1116 371 1142 me
394 1101 518 1157 plane
541 1102 754 1151 salutavit,
780 1103 819 1144 O
842 1104 899 1143 mi
925 1102 1093 1153 Cicero,
1116 1103 1270 1157 inquit,
1287 1104 1478 1158 gratulor
1493 1106 1586 1155 tibi,

155 1172 253 1199 cum
278 1168 442 1199 tantum
465 1158 576 1200 vales
598 1160 711 1214 apud
732 1158 1015 1211 Dolabellam,
1035 1170 1242 1215 quantum
1264 1160 1297 1199 si
1320 1175 1402 1216 ego
1421 1164 1461 1191 50
1474 1162 1588 1216 apud

157 1216 311 1256 sororis
335 1215 469 1256 filium
494 1216 689 1265 valerem,
705 1216 798 1270 jam
822 1217 923 1256 salvi
943 1231 1034 1257 esse
1054 1230 1288 1272 possemus.
1349 1217 1587 1260 Dolabellae

156 1286 255 1313 vero
280 1282 353 1313 tuo
375 1283 417 1313 et
439 1272 644 1327 gratulor,
667 1284 709 1312 et
731 1273 890 1327 gratias
914 1287 1021 1328 ago:
1054 1287 1181 1328 quem
1203 1273 1393 1327 quidem,
1424 1286 1522 1329 post
1547 1287 1588 1316 te

156 1329 390 1379 consulem,
411 1328 547 1369 solum
581 1343 806 1384 possumus
830 1343 926 1370 vere
962 1330 1179 1371 consulem
1203 1330 1357 1371 dicere.
1419 1330 1589 1373 Deinde

157 1385 293 1426 multa
314 1386 365 1426 de
398 1385 513 1426 facto
535 1400 586 1426 ac
615 1385 667 1426 de
700 1401 742 1427 re
779 1396 920 1442 gesta:
956 1397 1047 1428 tum
1085 1386 1193 1427 nihil
1223 1388 1587 1444 magnificentius,

156 1442 262 1483 nihil
285 1442 529 1498 praeclarius
551 1452 694 1483 actum
716 1458 933 1498 nmquam,
951 1443 1058 1484 nihil
1081 1443 1328 1500 reipublicae
1348 1446 1587 1487 salutarius.

156 1498 302 1554 Atque
335 1499 430 1541 haec
453 1515 537 1540 una
560 1514 644 1540 vox
667 1501 860 1541 omnium
883 1511 961 1541 est.
1022 1501 1062 1541 A
1082 1511 1123 1541 te
1144 1510 1287 1542 autem
1307 1511 1423 1557 pet0‚
1454 1512 1500 1543 ut
1520 1517 1589 1545 me
1603 1509 1631 1539 b·

156 1555 270 1597 hane
291 1557 411 1611 quasi
435 1556 584 1597 falsam
607 1556 887 1598 hereditatem
911 1558 1062 1599 alienae
1091 1557 1239 1613 gloriae
1269 1559 1381 1599 sinas
1403 1574 1590 1611 cernere,

156 1627 311 1668 meque
332 1614 473 1668 aliqua
496 1628 548 1654 ex
574 1626 692 1669 parte
715 1615 758 1655 in
782 1615 1031 1656 societatem
1059 1624 1227 1655 tuarum
1250 1615 1424 1657 laudum
1447 1618 1591 1659 venire

160 1671 337 1725 patiare.
378 1671 668 1726 Quamquam,
694 1672 751 1712 mi
777 1670 1016 1722 Dolabella,
1038 1671 1132 1713 haec
1154 1673 1268 1713 enim
1285 1673 1458 1727 jocatus
1482 1689 1591 1726 sum,

161 1726 363 1767 libentius
386 1742 534 1768 omnes
557 1742 686 1778 meas,
712 1729 744 1768 si
767 1729 896 1770 modo
920 1739 1018 1769 sunt
1040 1729 1194 1784 aliquae
1211 1744 1334 1780 meae,
1357 1731 1516 1781 laudes,
1539 1732 1592 1773 ad

158 1794 202 1824 te
220 1783 535 1835 transfuderim,
558 1799 686 1840 qnam
716 1785 900 1841 aliquam
936 1796 1099 1841 partem
1121 1787 1392 1828 exhauserim
1415 1803 1469 1829 ex
1492 1789 1593 1830 tuis.

160 1840 275 1882 Nam
298 1856 395 1883 cum
421 1851 461 1882 te
483 1856 649 1897 semper
671 1851 838 1883 tantum
860 1842 1100 1893 dilexerim,
1131 1855 1340 1898 quantum
1369 1855 1413 1885 tu
1436 1846 1593 1898 intelli-

159 1912 260 1954 gere
283 1899 487 1954 potuisti:
522 1910 612 1940 tum
636 1899 701 1940 his
724 1900 808 1940 tuis
832 1899 957 1940 factis
981 1900 1042 1941 sic
1064 1900 1262 1941 incensus
1285 1916 1393 1953 sum,
1419 1912 1465 1943 ut
1486 1903 1594 1945 nihil

161 1970 365 2011 umquam
400 1957 442 1997 in
466 1970 610 1997 amore
631 1956 761 1998 fuerit
782 1958 1014 1998 ardentius,
1077 1957 1199 1998 Nihil
1230 1968 1294 1998 est
1324 1960 1453 2010 enim,
1487 1961 1595 2001 mihi

159 2014 300 2064 crede,
335 2014 492 2054 virtute
525 2014 769 2064 formosius,
801 2014 906 2054 nihil
944 2013 1178 2069 pulchrius,
1212 2015 1318 2055 nihil
1353 2018 1593 2058 amabilius.

159 2069 505 2126 Semperamavi‚
518 2081 564 2111 ut
578 2072 674 2121 scis,
694 2070 761 2111 M.
777 2071 976 2121 Brutum,
994 2081 1168 2127 propter
1183 2072 1275 2127 ejus
1295 2087 1509 2116 summum
1530 2075 1595 2116 in-

161 2127 352 2182 genium,
362 2128 635 2169 suavissimos
645 2142 799 2178 mores,
810 2128 1067 2184 singularem
1081 2129 1340 2184 probitatem
1354 2140 1482 2185 atque
1492 2146 1597 2174 con-

163 2185 379 2225 stantiam.
399 2194 540 2225 tamen
559 2184 672 2226 Idib.
692 2183 865 2226 Martiis
885 2195 1052 2226 tantum
1070 2187 1250 2227 accessit
1262 2187 1314 2228 ad
1331 2202 1536 2240 amorem,
1549 2197 1598 2230 ut

160 2241 353 2292 mirarer,
373 2241 513 2283 locum
546 2241 676 2283 fuisse
697 2243 881 2298 augendi
905 2243 948 2282 in
971 2256 1037 2293 eo,
1063 2243 1176 2297 quod
1204 2244 1309 2285 mihi
1333 2244 1597 2301 jampridem

165 2299 431 2340 cumulatum
452 2299 582 2340 etiam
607 2299 844 2340 videbatur.
878 2299 987 2346 Quis
1006 2309 1110 2350 erat,
1132 2301 1205 2355 qui
1224 2311 1408 2357 putaret,
1424 2303 1478 2344 ad
1498 2318 1597 2345 eum

163 2371 368 2407 amorem,
381 2370 507 2411 quem
521 2357 624 2413 erga
638 2365 679 2396 te
693 2356 919 2407 habebam,
937 2371 1061 2412 posse
1073 2356 1234 2413 aliquid
1251 2359 1480 2402 accedere?
1504 2371 1597 2401 tan-

163 2423 255 2456 turn
289 2413 483 2462 accessit,
521 2424 569 2454 ut
607 2413 713 2454 mihi
748 2428 863 2455 nune
897 2414 1083 2469 denique
1118 2429 1260 2456 amare
1293 2416 1448 2467 videar,
1471 2427 1599 2458 antea

162 2471 377 2513 dilexisse.
439 2470 585 2517 Quare
606 2471 709 2526 quid
731 2481 809 2522 est,
839 2471 954 2526 quod
973 2485 1055 2527 ego
1080 2481 1121 2511 te
1145 2472 1304 2524 horter,
1324 2484 1372 2514 ut
1393 2474 1597 2529 dignitati

164 2538 208 2569 et
225 2529 373 2585 gloriae
397 2527 582 2569 servias?
615 2542 853 2583 proponam
883 2528 962 2569 tibi
987 2528 1124 2569 claros
1157 2529 1286 2580 viros,
1315 2530 1429 2585 quod
1458 2530 1599 2572 facere

167 2585 319 2636 solent,
340 2586 412 2641 qui
437 2584 692 2626 hortantur?
726 2585 941 2626 neminem
973 2585 1114 2626 habeo
1145 2586 1382 2638 clariorem,
1406 2602 1534 2641 quam
1558 2597 1600 2629 te

166 2641 321 2698 ipsum.
344 2653 386 2684 te
408 2642 576 2683 imitere
594 2651 787 2698 oportet:
819 2651 963 2684 tecum
994 2642 1086 2699 ipse
1116 2653 1266 2685 certeS.
1297 2657 1351 2684 ne
1382 2644 1482 2685 licet
1505 2645 1601 2700 qui-

206 2757 249 2790 49
269 2755 320 2786 Et
335 2762 520 2787 tamennon
536 2754 597 2795 a1.]
617 2754 700 2788 Edd.
715 2766 766 2796 pr.
783 2755 858 2788 Est.
946 2758 987 2787 50
1009 2756 1100 2796 apud
1119 2757 1236 2786 sororis
1246 2756 1379 2796 fllium]
1405 2756 1600 2796 Antonium,

167 2796 268 2869 Sictet
285 2799 357 2845 ’Ma
374 2803 497 2836 noster,
520 2798 583 2828 Gu.
608 2801 638 2830 l.
662 2801 693 2829 2.
717 2799 803 2838 quod
827 2804 862 2830 et
905 2798 1087 2830 Dolabellae
1102 2798 1276 2838 collegam.

165 2848 214 2869 res
234 2845 306 2870 itur.
