1903 3218
326 112 403 151 ‘278
660 103 838 143 EPIST.
858 103 1043 142 LIBER
1069 101 1428 143 UNDECIMUS

329 212 373 252 in
406 211 562 267 quibus
594 210 782 250 maxime
816 222 885 250 me
923 217 1016 249 tuto
1049 222 1138 249 esse
1173 207 1424 249 arbitrabar.
1491 204 1555 248 Eo
1591 205 1755 248 factum

328 278 407 320 est,
431 278 477 309 ut
497 268 548 308 ad
573 275 614 307 te
647 267 792 322 Lupus
828 266 918 306 sine
957 265 1061 305 meis
1096 265 1248 305 litteris
1281 265 1450 314 rediret,
1484 277 1582 305 cum
1612 272 1756 304 tamen

330 335 517 367 curasset
541 334 631 365 tuas
653 324 703 364 ad
728 338 795 363 me
818 322 1100 376 perferendas.
1162 321 1346 362 Romam
1369 329 1511 362 autem
1535 320 1630 361 veni
1653 335 1692 360 a.
1713 320 1758 360 d.

202 383 528 437 awo-quintum
562 380 664 421 Idus
706 379 973 428 Decembris,
1006 392 1084 419 nec
1119 378 1250 418 habui
1272 378 1503 433 quidquam
1526 377 1759 433 antiquiuS‚

337 442 371 470 ¹5
384 453 512 494 quam
536 450 582 478 ut
606 437 788 477 Pansam
811 435 954 475 statim
975 435 1272 475 convenirem:
1304 449 1357 476 ex
1381 449 1465 489 quo
1484 448 1534 474 ea
1555 434 1606 474 de
1629 444 1671 474 te
1685 447 1760 474 co-

333 496 479 551 gnovi,
501 509 597 549 quae
619 492 803 532 maxime
826 492 1045 545 optabam.
1088 490 1232 536 Quare
1254 490 1496 532 hortatione
1519 501 1562 531 tu
1586 489 1760 545 quidem

333 567 417 593 non
441 565 556 606 egeS,
581 550 617 579 16
632 550 666 589 si
690 561 741 588 ne
763 548 833 587 illa
854 547 1026 602 quidem
1051 546 1093 586 in
1117 561 1175 596 re,
1198 561 1294 601 quae
1318 562 1342 588 a
1363 557 1405 588 te
1437 556 1558 602 gesta
1577 556 1642 587 est
1665 555 1762 601 post

333 609 555 650 hominum
581 605 829 646 memoriam
854 604 1058 653 maxima,
1079 602 1340 644 hortatorem
1356 604 1618 645 desiderasti.
1651 601 1764 644 Illud

335 675 477 707 tamen
505 664 686 704 breviter
708 660 1037 717 significandum
1061 659 1244 708 videtur,
1273 660 1479 715 populum
1518 660 1765 701 Romanum

335 722 481 762 omnia
501 737 525 761 a
548 731 589 760 te
609 728 1031 773 e>:spectai·e‚·atque
1063 717 1105 756 in
1139 727 1180 756 te
1210 715 1440 770 aliquando
1461 716 1764 773 recuperandae

336 778 544 821 libertatis
567 789 738 816 omnem
762 788 878 829 spem
905 787 1074 829 ponere.
1134 772 1215 824 Tu,
1239 774 1272 814 si
1301 773 1392 813 dies
1424 783 1654 828 noctesque
1677 787 1766 813 me-

335 835 526 883 mineris,
548 832 683 886 (quod
707 842 747 872 te
770 832 908 871 facere
930 839 1047 871 certo
1071 830 1195 880 scio‚)
1226 840 1429 885 quautam
1454 844 1539 870 rem
1563 830 1767 885 gesseris:

336 907 422 933 non
448 891 699 931 obliviscere
723 887 932 943 profecto,
957 896 1129 942 quanta}
1158 887 1237 927 tibi
1268 887 1395 927 etiam
1425 901 1540 927 nunc
1573 887 1770 941 gerendae

338 950 438 989 sint.
501 950 534 980 ¹7
551 946 596 986 Si
632 945 745 986 enim
784 946 863 984 iste
900 944 1163 999 provinciam
1197 955 1347 984 nactus
1381 945 1476 994 erit,
1505 943 1573 984 cui
1596 943 1771 998 quidem

338 1020 420 1060 ego
454 1017 619 1059 semper
636 1004 803 1055 *amicus
833 1001 891 1041 fui
916 1012 1029 1050 ante,
1051 1015 1178 1055 quam
1203 1000 1320 1041 illum
1344 1000 1551 1050 intellexi,
1573 1014 1659 1040 non
1681 1013 1774 1041 mo-

338 1063 394 1103 do
419 1071 578 1117 aperte,
598 1060 670 1100 sed
692 1060 822 1100 etiam
846 1058 1026 1098 libenter
1047 1073 1144 1098 cum
1176 1056 1396 1113 republica
1427 1056 1584 1097 bellum
1613 1071 1774 1112 gerere,

341 1134 459 1175 spem
484 1118 687 1172 reliquam
712 1116 870 1156 nullam
897 1115 1019 1155 video
1042 1114 1202 1155 salutis.
1265 1114 1559 1160 Quamobrem
1589 1122 1630 1154 te
1651 1114 1777 1154 obse·

340 1191 413 1217 cro
437 1175 584 1215 iisdem
614 1174 825 1228 precibus,
854 1173 1008 1226 quibus
1037 1173 1080 1211 S.
1120 1171 1169 1212 P.
1205 1171 1262 1217 Q.
1298 1170 1354 1211 R.
1385 1181 1433 1211 ut
1455 1170 1498 1211 in
1521 1178 1777 1226 perpetuum

341 1231 650 1287 rempublicam
687 1230 909 1270 dominatu
943 1228 1060 1283 regio
1086 1229 1252 1278 liberes,
1283 1236 1328 1268 ut
1352 1227 1576 1283 principiis
1598 1241 1781 1268 consen-

344 1290 455 1330 tiant
476 1289 633 1329 exitus.
693 1287 833 1327 Tuum
870 1295 934 1325 est
967 1286 1049 1326 hoc
1082 1300 1250 1334 munus,
1274 1296 1358 1325 tuae
1384 1294 1551 1340 partes:
1584 1299 1609 1324 a
1630 1292 1672 1325 te
1690 1283 1777 1325 hoc

344 1346 512 1396 civitas,
535 1344 599 1385 vel
623 1358 770 1383 omnes
795 1343 938 1398 potius
961 1352 1108 1397 gentes
1144 1357 1227 1382 non
1247 1351 1501 1396 exspectant
1523 1340 1675 1389 solum,
1705 1340 1779 1382 sed

344 1404 474 1444 etiam
499 1401 729 1457 postulant.
760 1414 1035 1454 quamquam,
1057 1413 1154 1439 cum
1181 1398 1423 1439 hortatione
1452 1412 1536 1438 non
1561 1411 1702 1453 egeas,
1733 1407 1782 1438 ut

346 1473 476 1514 supra
508 1457 674 1512 scripsi,
714 1471 800 1496 non
835 1464 928 1495 utar
967 1469 1017 1495 ea
1049 1455 1243 1510 pluribus
1275 1455 1438 1495 verbis:
1472 1454 1628 1495 faciam
1658 1453 1778 1504 illud,

346 1516 461 1562 quod
485 1528 627 1555 meum
650 1524 728 1563 est,
753 1523 796 1552 ut
821 1511 898 1552 tibi
922 1511 1068 1552 omnia
1090 1525 1184 1551 mea
1206 1510 1363 1560 officia,
1386 1510 1540 1559 studia,
1559 1511 1696 1560 curas,
1709 1525 1783 1551 co-

349 1564 581 1629 ‹girationes
614 1570 828 1625 pollicear,
861 1584 957 1623 quae
991 1569 1040 1608 ad
1079 1579 1193 1608 tuam
1227 1567 1395 1607 laudem
1415 1575 1460 1607 et
1486 1566 1666 1623 gloriam
1688 1581 1783 1622 per-

352 1630 567 1670 tinebunt.
599 1628 892 1673 Quamobrem
913 1625 1039 1666 velim
1057 1625 1136 1666 tibi
1157 1626 1214 1665 ita
1229 1624 1495 1680 persuadeas,
1511 1638 1579 1664 me
1594 1633 1682 1664 tum
1703 1624 1784 1664 rei-

353 1686 539 1743 publicoe
559 1699 700 1733 causa,
723 1698 820 1738 quae
840 1682 943 1723 mihi
968 1683 1056 1722 vita
1078 1696 1170 1722 mea
1190 1691 1255 1721 est
1276 1682 1427 1731 carior,
1452 1689 1542 1721 tum
1565 1680 1680 1735 quod
1702 1679 1783 1721 tibi

354 1745 446 1799 ipse
462 1742 644 1791 faveam,
660 1751 862 1794 tuamque
877 1739 1133 1795 dignitatem
1153 1737 1403 1793 amplificari
1419 1737 1560 1787 velim,
1578 1737 1661 1777 tuis
1675 1737 1788 1791 opti-

357 1800 438 1840 mis
457 1798 661 1848 consiliis,
679 1796 1123 1852 ainplittidirii,gloi·iae
1137 1794 1357 1835 nulloloco
1373 1793 1634 1835 defuturum.
1668 1792 1788 1834 Vale.

321 1872 348 1912 6
873 1868 1274 1906 ARGUMENTUM.

402 1925 720 1961 Cmnmenslarerat
740 1923 876 1959 Brutus
893 1934 995 1958 suam
1017 1922 1245 1969 dignitatem.
1301 1920 1506 1968 Respondet
1527 1920 1662 1961 Cicero,
1681 1919 1750 1955 sibi.

593 1973 794 2023 czrroefore,
815 1973 1013 2022 idquejam
1034 1975 1069 2008 z'n
1088 1977 1215 2008 senatu
1235 1973 1456 2008 declaratum
1475 1984 1558 2007 esse.

313 2040 344 2069 b·
485 2037 553 2080 M.
578 2035 812 2080 CICERO
845 2036 888 2077 S.
915 2035 972 2076 D.
997 2034 1206 2075 BRUTO
1232 2033 1363 2074 IMP.
1388 2033 1517 2075 COS.
1548 2031 1678 2074 DES.

362 2094 571 2149 LUPUS
614 2115 758 2144 noster
797 2118 894 2144 cum
925 2102 1110 2142 Romam
1151 2111 1274 2143 sexto
1297 2102 1366 2142 die
1397 2101 1572 2141 Mutina
1594 2099 1793 2149 venisset,

360 2162 568 2218 postridie
595 2176 662 2202 me
692 2175 817 2201 mane
846 2159 1074 2210 conve11i13
1108 2168 1180 2199 tua
1204 2158 1309 2198 mihi
1333 2158 1534 2198 mandata
1556 2157 1795 2213 diligentis-

361 2221 467 2260 sime
489 2219 706 2274 exposuit,
725 2227 767 2257 et
789 2218 951 2258 litteras
971 2216 1170 2256 reddidit.
1233 2216 1359 2261 Quod
1385 2214 1489 2255 mihi
1515 2225 1630 2254 tuam
1653 2213 1796 2269 digni-

361 2285 493 2316 tatem
517 2275 806 2324 commendas,
825 2274 974 2314 eodem
991 2283 1182 2328 tempore
1196 2273 1398 2313 existimo
1423 2274 1458 2303 18
1476 2280 1517 2311 te
1535 2271 1640 2311 mihi
1659 2284 1798 2311 meam

363 2333 658 2387 [dignitatem]
691 2331 1012 2372 commendare:
1045 2344 1173 2384 quam
1197 2328 1437 2369 mehercule
1456 2343 1541 2368 non
1564 2327 1702 2368 habeo
1721 2334 1796 2366 tua

362 2391 585 2431 cariorem.
647 2389 791 2435 Quare
817 2387 972 2435 mmihi
993 2387 1284 2444 gratissimum
1305 2386 1449 2436 facies,
1475 2385 1508 2425 si
1525 2383 1798 2439 exploratum

409 2505 445 2533 15
467 2511 497 2540 q.
511 2511 544 2531 u.
562 2501 710 2531 Pansam
725 2502 835 2530 statim
851 2499 954 2538 const]
982 2500 1058 2530 Sia·
1101 2500 1178 2530 bum
1195 2500 1391 2537 dignitatem
1412 2498 1480 2527 sine
1502 2495 1599 2526 dubio
1620 2495 1797 2527 delendum

365 2546 425 2574 iim
449 2543 605 2574 abundat.
623 2550 670 2573 est
687 2544 855 2581 enimjtnn
872 2543 906 2572 iu
922 2542 991 2578 illo,
1008 2543 1056 2572 ui-
1101 2547 1168 2571 est:
1203 2542 1348 2571 additum
1378 2551 1395 2570 a
1422 2539 1610 2578 glossatore.
1655 2538 1694 2567 In
1724 2546 1798 2568 meo

367 2588 414 2617 kil
428 2586 525 2616 habui
541 2586 716 2624 antiquam.
1102 2584 1229 2622 quidem
1243 2583 1365 2613 Ms.est
1378 2583 1411 2611 in
1426 2579 1584 2619 margine,
1598 2588 1799 2618 quamquam

417 2629 451 2658 16
473 2628 500 2657 si
528 2637 567 2656 m
590 2628 649 2656 ι’ἰιίι
664 2627 788 2666 quidem
813 2627 846 2655 in
870 2626 918 2665 re]
946 2626 1061 2656 Malim
1104 2630 1138 2656 et
1154 2635 1271 2655 meam.

370 2671 436 2710 qui.
451 2670 485 2698 in
501 2669 591 2698 abest
607 2670 668 2699 Ma.
686 2679 758 2699 meo
771 2674 803 2698 et
819 2668 891 2697 edd.
909 2677 957 2706 pr.
1151 2670 1187 2700 19
1211 2667 1290 2697 milei
1303 2663 1604 2704 gr.fi1‹:ies]fitcies
1616 2664 1710 2700 dixit,
1724 2663 1801 2702 quia

418 2715 451 2744 17
478 2711 514 2741 Si
537 2721 563 2740 e.
582 2712 640 2740 iste
657 2711 731 2750 &e.]
756 2710 918 2740 Antonius
934 2710 1066 2749 provin·
1108 2708 1145 2739 de
1162 2719 1195 2739 re
1211 2707 1432 2738 continuanda
1455 2717 1491 2737 ac·
1517 2712 1673 2746 perpetua
1694 2714 1802 2735 sermo

371 2753 455 2783 ciam
478 2753 617 2782 Galliam
641 2753 751 2793 cisalp.
774 2762 871 2792 quam
894 2752 937 2781 D.
961 2752 1065 2781 Bruto
1107 2756 1167 2786 est,
1181 2750 1296 2780 nonde
1309 2750 1436 2779 actione
1449 2748 1557 2788 aliqua
1568 2753 1803 2790 praetereunte:

372 2796 497 2834 eripere
515 2794 653 2825 volebat.
1109 2793 1141 2823 in
1157 2803 1221 2833 qua
1233 2791 1502 2832 dixisset-seceris.

418 2839 452 2868 18
476 2841 506 2866 tc
529 2838 607 2867 milti
630 2847 735 2868 nicam
751 2835 960 2876 dignitatem]
986 2835 1067 2865 Ver-
