1865 3223
443 89 528 130 AD
554 94 598 131 C.
626 91 936 131 MEMMIUM
968 93 1037 130 ET
1064 93 1250 131 ALIOS.
1465 98 1543 136 369

111 196 245 252 igitur
265 209 362 237 eum
386 196 564 253 recipias
593 195 634 237 in
656 194 799 244 fidem,
828 195 1101 250 habeasque
1092 210 1134 236 in
1155 210 1331 238 numero
1355 207 1540 250 tuorum,

111 262 153 295 te
177 253 448 294 vehementer
468 254 595 294 etiam
617 262 747 306 atque
767 253 823 293 eti
829 268 896 292 am
921 267 1040 308 rogo.
1101 250 1169 292 Eo·
1141 265 1212 307 g0,
1234 269 1330 308 quae
1354 264 1396 295 te
1419 255 1539 306 velle,

109 323 291 365 quaeque
312 312 362 351 ad
397 321 436 351 te
460 310 666 366 pertinere
692 309 946 360 arbitrabor,
968 287 1115 350 omnia
1143 308 1332 351 studiose
1352 310 1536 368 diligen-

110 375 258 422 terque
279 368 453 409 curabo.

620 421 1023 460 ARGUMENTUM.
1547 424 1603 464 70

413 484 522 521 Balbi
545 484 711 521 libertum
729 485 973 522 Menandrum
992 484 1229 522 commendat.

208 552 274 594 M.
296 552 346 594 T.
370 551 421 593 C.
456 551 506 593 P.
530 551 836 603 SERVILIO,
870 550 1191 603 COLLEGAE,
1225 552 1269 593 S.
1296 550 1346 593 P.
1372 551 1430 593 D.

105 608 271 670 QUIA
295 635 376 661 non
400 630 464 660 est
486 621 669 664 obscura
693 629 772 661 tua
794 620 836 660 in
869 633 935 660 me
958 619 1263 670 benivolentia,
1288 619 1380 661 8sic
1401 620 1466 671 fit,
1487 630 1536 662 ut

100 677 223 717 multi
248 691 320 732 per
355 691 421 717 me
452 678 529 718 tibi
555 677 685 717 velint
719 676 1026 718 commendari.
1089 675 1183 732 Ego
1217 686 1359 717 autem
1391 677 1534 719 tribuo

97 747 416 789 nonnumquam
443 734 519 774 9in
545 735 720 789 vulgus:
754 733 824 774 sed
850 733 1098 788 plerumque
1122 734 1368 775 necessariis
1385 734 1428 774 in
1449 728 1532 776 hoc

97 799 305 854 tempore.
368 790 480 831 Nam
500 804 599 831 cum
616 768 670 831 T.
691 789 772 831 Am
782 791 850 846 pio
877 790 1013 832 Balbo
1035 790 1141 831 mihi
1165 805 1330 831 summa
1349 790 1531 832 familia·

98 847 200 888 ritas
226 848 576 902 necessitudoque
608 857 686 888 est.
749 807 852 902 Ejus
885 847 1101 897 libertum,
1126 846 1176 888 T.
1200 847 1407 903 Ampium
1431 847 1530 888 Me-

96 904 320 955 nandrum,
344 903 559 945 hominem
585 904 696 960 frugi
720 915 764 944 et
792 905 1047 954 modestum,
1069 913 1111 944 et
1134 914 1314 959 patrono
1335 916 1379 946 et
1402 905 1528 946 nobis

96 961 369 1001 vehementer
388 962 631 1017 probatum,
656 961 733 1002 tibi
761 961 1016 1002 commendo
1040 960 1244 1015 majorem
1270 962 1309 1002 in
1335 962 1525 1003 modum.

94 1017 380 1058 Vehementer
403 1018 506 1059 mihi
540 1028 709 1074 gratum
742 1017 906 1069 feceris,
941 1019 989 1069 si,
1022 1019 1364 1074 quibuscumque
1400 1020 1569 1062 rebusb.

95 1074 186 1116 sine
209 1084 281 1115 tua
305 1074 498 1116 molestia
522 1075 694 1131 poteris,
716 1075 754 1115 ei
776 1075 1075 1116 commodaris
1137 1074 1267 1121 Quod
1300 1081 1348 1117 ut
1377 1075 1524 1128 facias,

93 1139 135 1172 te
158 1131 431 1175 vehementer
452 1132 580 1172 etiam
604 1142 732 1187 atque
747 1132 877 1172 etiam
899 1147 1019 1188 rogo.
1079 1131 1199 1173 Vale.

604 1219 1008 1258 ARGUMENTUM
1535 1223 1559 1264 7
1571 1225 1586 1259 1

374 1283 608 1320 Commendat
630 1283 669 1319 Τ.
689 1285 882 1330 Agusium,
899 1290 1052 1318 veterem
1071 1284 1239 1320 amicum.

229 1349 298 1391 M.
320 1349 371 1391 T.
395 1349 446 1391 C.
481 1349 530 1390 P.
555 1347 864 1400 SERVILIO,
897 1348 1221 1401 COLLEGAE,
1253 1349 1298 1391 S.
1323 1350 1380 1392 D.

88 1404 353 1459 MULTOS
394 1418 471 1459 tibi
501 1418 798 1459 commendem
833 1431 1005 1458 necesse
1035 1427 1114 1468 est,
1140 1418 1361 1472 loquando
1383 1419 1522 1460 omni-

85 1473 166 1515 bus
187 1484 290 1515 nota
313 1486 458 1516 nostra
479 1475 747 1516 necessitudo
777 1483 854 1524 est,
879 1483 1035 1530 tuaque
1058 1488 1162 1531 erga
1183 1488 1251 1515 me
1274 1475 1522 1517 benivolen-

86 1531 162 1571 tia.
223 1532 305 1573 Sed
340 1541 482 1572 tamen
505 1532 583 1572 etsi
607 1531 800 1572 omnium
822 1545 963 1582 causa,
986 1546 1092 1587 quos
1116 1531 1388 1584 commendo,
1412 1532 1520 1575 velle

83 1587 246 1630 debeo:
293 1598 435 1629 tamen
474 1603 572 1630 cum
602 1589 801 1629 omuibus
837 1602 922 1629 nou
959 1589 1107 1629 eadem
1139 1588 1246 1629 mihi
1279 1603 1408 1630 causa
1438 1599 1518 1632 est.

83 1642 135 1685 T.
157 1644 361 1702 Agusius,
380 1656 423 1686 et
452 1659 595 1686 comes
626 1659 742 1686 meus
766 1644 847 1685 fuit
881 1644 952 1685 illo
983 1645 1221 1687 miserrimo
1245 1654 1452 1702 tempore,
1474 1656 1519 1688 et

81 1715 275 1742 omnium
317 1703 531 1766 itinerum,
574 1702 915 1757 navigationum,
968 1702 1178 1752 laborum,
1228 1703 1517 1759 periculorum

78 1772 272 1800 meorum
295 1760 459 1801 socius:
494 1774 631 1815 neque
663 1759 747 1799 hoc
781 1769 973 1814 tempore
995 1759 1258 1800 discessisset
1281 1775 1305 1800 a
1326 1775 1408 1811 me,
1430 1761 1514 1802 nisi

76 1829 160 1870 ego
192 1817 230 1856 ei
264 1817 563 1880 permisissem.
625 1816 769 1863 Quare
812 1830 872 1856 Sic
910 1816 989 1857 tibi
1026 1831 1122 1857 eum
1157 1817 1429 1880 commendo,
1462 1826 1512 1858 ut

75 1886 207 1912 unum
238 1872 291 1913 de
314 1874 417 1914 meis
450 1873 696 1915 domesticis
728 1882 771 1913 et
794 1873 981 1913 maxime
1003 1873 1264 1914 necessariis.
1326 1874 1510 1932 Pergra-

76 1938 167 1969 tum
200 1929 306 1970 mihi
344 1931 508 1981 feceris,
545 1931 577 1970 si
612 1944 710 1971 eum
743 1931 802 1970 ita
835 1930 1044 1981 tractaris,
1068 1939 1115 1970 ut
1146 1930 1374 1987 intelligat,
1395 1931 1508 1974 hane

70 1987 489 2028 commendationem
511 1988 592 2028 sibi
618 1990 647 2017 ¹¹
667 2001 826 2043 magno
845 2001 919 2027 usu
944 1962 1072 2042 atqiie
1090 1964 1341 2041 adjumento
1358 1988 1505 2030 fuisse.

584 2075 987 2113 ARGUMENTUM.
1514 2091 1569 2132 72

329 2139 501 2175 Caereuzae
518 2140 665 2186 negotia
682 2143 717 2175 et
731 2144 983 2187 procuratores
1001 2139 1263 2238 commendat.q

212 2202 281 2244 M.
302 2203 356 2247 Τ.
380 2204 431 2246 C.
467 2205 516 2246 P.
540 2203 847 2256 SERVILIO,
881 2203 1202 2257 COLLEGAE,
1235 2204 1361 2247 ..D

72 2257 440 2322 CAERELLIAE,
461 2273 708 2314 necessariae
733 2286 854 2323 meae,
876 2286 981 2336 rem,
1002 2272 1193 2323 nomina,
1215 2273 1504 2329 possessiones

66 2328 280 2369 Asiaticas
302 2330 600 2370 commendavi
626 2329 702 2370 tibi
728 2343 912 2384 praesens
936 2330 978 2370 in
1001 2329 1137 2370 hortis
1159 2330 1258 2380 tuis,
1276 2344 1405 2385 quam
1426 2345 1502 2386 po-

66 2385 129 2426 tui
151 2385 503 2440 diligentissime:
537 2397 668 2441 tuque
703 2386 825 2437 mihi,
858 2401 934 2442 pro
959 2396 1031 2427 tua
1049 2387 1374 2438 consuetudine,
1403 2402 1501 2442 pro-

67 2455 150 2496 que
172 2443 256 2482 tuis
280 2442 321 2482 in
347 2457 412 2483 me
434 2445 647 2499 perpetuis
681 2444 967 2498 maximisque
998 2443 1169 2495 officiis,
1203 2444 1347 2484 omnia
1368 2454 1410 2483 te
1437 2443 1500 2484 fa·

65 2506 250 2548 ctutum,
273 2499 565 2541 liberalissime
587 2500 801 2556 recepisti.
843 2499 1098 2541 Meminisse
1121 2510 1163 2542 te
1180 2500 1225 2541 1d
1247 2514 1386 2556 spero.
1408 2499 1498 2540 scio

108 2612 127 2641 8
150 2611 196 2640 sic
208 2611 272 2651 fit]
299 2612 355 2644 Sic
381 2613 497 2644 melius
519 2614 656 2644 abesset.
680 2623 758 2644 nam
846 2615 884 2644 10
905 2613 1034 2654 quando
1057 2612 1219 2652 omnibus]
1245 2612 1298 2643 Sic
1320 2611 1394 2642 libri
1410 2616 1498 2643 vete‘-

62 2651 142 2683 alibi
180 2652 214 2682 in
244 2662 463 2695 consequente
503 2655 586 2687 nude
622 2657 759 2697 ponitur
801 2664 864 2686 res.
883 2657 1079 2686 recentiores
1093 2665 1179 2691 cum,
1198 2659 1236 2684 ut
1248 2662 1348 2693 saepe.

54 2693 117 2735 fit
130 2698 179 2724 ut·
846 2700 880 2729 ll
905 2707 1027 2737 magno
1041 2696 1118 2736 usu]
1142 2697 1244 2727 Recte
1260 2696 1305 2725 sic
1320 2696 1494 2726 Gruterus

105 2740 125 2770 9
147 2737 183 2766 in
206 2738 340 2777 vulgus]
364 2737 442 2770 Non
463 2739 516 2770 hic
543 2740 583 2771 ad
609 2746 759 2771 contem·
799 2739 870 2778 alii,
885 2745 925 2771 ut
948 2745 982 2771 et
1006 2739 1070 2769 Gu.
1097 2741 1126 2769 1.
1152 2741 1183 2768 2.
1203 2738 1297 2768 usui.-
1321 2737 1404 2768 illud
1426 2747 1495 2768 me-

60 2780 135 2807 tum
163 2787 375 2817 personarum
397 2780 537 2813 dicitur·
561 2782 758 2824 promiscue,
799 2782 877 2820 lius,
897 2782 1010 2820 iudice
1033 2782 1103 2820 ipso
1126 2779 1304 2811 Cicerone·
1327 2784 1366 2810 ut
1395 2789 1495 2821 supra

58 2820 130 2850 sine
146 2818 277 2850 delectu
293 2830 426 2861 magno.
792 2825 866 2864 ,iam
883 2824 1082 2857 monuimuss·

122 2874 231 2904 vox..
252 2876 330 2908 111.
352 2877 394 2906 P.
414 2877 448 2906 1.
735 2864 815 2906 nb
