1903 3218
275 110 350 145 202
632 103 812 143 EPIST.
842 102 1031 142 LIBER
1057 103 1325 142 OCTAVUS

275 224 384 251 sum.
405 208 518 265 quod
532 207 747 263 judicium
770 222 884 249 nunc
906 208 947 249 in
968 210 1304 263 exspectatione,
1323 210 1362 239 50
1377 207 1486 248 inest
1505 206 1634 248 etiam
1652 208 1695 250 in

277 268 390 308 bona
420 280 508 323 spe,
542 275 639 321 post
673 265 775 305 Sex.
812 264 1009 306 Peducaei
1046 265 1373 306 absolutionem.
1435 263 1503 304 De
1533 277 1699 305 summa

276 323 496 380 republica
517 337 630 378 saepe
652 322 728 362 tibi
753 322 916 376 scripsi,
940 324 975 352 51
991 335 1059 362 me
1081 335 1235 362 annum
1264 335 1409 377 pacem
1432 335 1518 361 non
1534 320 1697 361 videre:

275 390 319 421 et
346 394 431 437 quo
465 381 639 436 propius
673 393 723 418 ea
753 378 989 427 contentio,
1017 392 1144 432 quam
1168 378 1257 418 fieri
1282 391 1451 418 necesse
1475 386 1553 427 est,
1577 390 1698 418 acce-

275 438 354 488 dit,
392 451 442 477 eo
483 436 634 477 clarius
667 435 709 475 id
743 437 782 465 52
797 434 1030 489 periculum
1059 445 1249 489 apparet.
1311 434 1585 489 Propositum
1615 433 1697 473 hoc

275 503 354 545 est,
375 494 427 535 de
458 507 558 548 quo,
581 491 653 547 qui
677 505 814 531 rerum
846 490 1083 545 potiuntur,
1106 500 1205 530 sunt
1226 491 1494 532 dimicaturi:
1529 492 1567 520 53
1582 489 1697 545 quod

277 550 360 592 Cn.
393 549 624 605 Pompeius
661 547 887 588 constituit
920 561 1004 587 non
1040 546 1128 601 pati
1165 545 1216 587 C.
1241 546 1454 588 Caesarem
1477 546 1695 588 consulem

275 607 397 648 aliter
417 606 521 656 fieri,
544 605 624 646 nisi
647 604 883 645 exercitum
919 613 962 643 et
985 603 1225 658 provincias
1250 604 1496 645 tradiderit:
1532 602 1695 645 Caesari

274 673 417 705 autem
441 676 685 719 persuasum
709 669 787 711 est,
811 674 854 700 se
878 660 1038 700 salvum
1062 673 1151 699 esse
1174 674 1257 699 non
1282 674 1418 714 posse,
1442 661 1473 700 si
1497 661 1551 701 ab
1574 673 1698 700 exer-

253 721 361 762 ·citu
385 720 617 761 recesserit.
678 720 716 747 5⁴
731 717 830 758 Fert
863 716 975 756 illam
1008 726 1147 756 tamen
1171 716 1478 767 conditionem,
1497 726 1544 757 ut
1566 717 1695 757 ambo

272 778 485 819 exercitus
518 775 701 815 tradant.
764 773 834 813 Sic
869 772 926 812 illi
949 787 1114 813 amores
1135 782 1178 813 et
1200 772 1412 813 invidiosa
1431 774 1696 828 conjunctio,

273 849 359 875 non
378 834 428 874 ad
452 831 664 873 occultam
687 830 846 870 recedit
867 829 1239 880 obtrectationem,
1259 828 1331 869 sed
1353 829 1403 869 ad
1428 829 1582 869 bellum
1605 832 1697 870 55se

272 890 483 945 erumpit3
514 902 665 943 neque,
698 900 885 927 mearum
912 900 1049 926 rerum
1072 886 1112 916 56
1128 886 1242 940 quod
1264 885 1488 926 consilium
1513 886 1696 940 capiam,

273 948 452 1003 reperio.
476 949 514 979 57
529 944 643 1001 quod
663 959 747 984 non
770 943 936 994 dubito,
959 943 1062 998 quin
1086 950 1127 983 te
1146 957 1316 998 quoque
1335 942 1426 982 haec
1445 941 1696 983 deliberatio

275 1005 328 1044 sit
352 1003 663 1060 perturbatura.
701 1001 813 1041 Nam
836 999 942 1040 mihi
965 1014 1063 1040 cum
1087 999 1333 1040 hominibus
1352 999 1417 1039 his
1436 1009 1478 1039 et
1501 999 1639 1054 gratia
1654 1007 1698 1039 et

274 1060 542 1102 necessitudo
564 1068 653 1110 est3
685 1066 775 1098 tum
795 1071 967 1098 causam
990 1056 1119 1107 illam,
1142 1071 1227 1097 non
1252 1056 1444 1096 homines
1466 1057 1552 1096 odi.
1586 1055 1697 1097 Illud

273 1129 314 1159 te
332 1132 417 1158 non
440 1117 623 1172 arbitror
646 1114 807 1170 fugere,
830 1114 932 1168 quin
958 1113 1150 1154 homines
1185 1113 1227 1154 in
1266 1113 1528 1153 dissensione
1551 1113 1699 1153 dome-

273 1176 380 1216 stica
410 1174 608 1223 debeant,
646 1175 685 1203 58
699 1171 902 1226 quamdiu
945 1170 1129 1211 civiliter
1172 1170 1282 1223 [sine
1318 1170 1465 1222 armis]
1497 1178 1698 1219 certetur,

270 1232 558 1274 honestiorem
584 1229 702 1284 sequi
729 1238 915 1283 partem:
951 1228 1021 1267 ubi
1046 1227 1097 1267 ad
1123 1227 1278 1267 bellum
1303 1236 1345 1267 et
1367 1236 1506 1268 castra
1522 1235 1696 1267 ventum

272 1290 340 1340 sit,
364 1289 621 1338 firmiorem3
653 1295 695 1325 et
720 1286 759 1326 id
790 1284 937 1325 melius
972 1295 1171 1334 statuere,
1194 1284 1308 1339 quod
1346 1285 1477 1324 tutius
1512 1283 1581 1323 sit.
1644 1282 1696 1324 In

270 1346 351 1387 hac
373 1345 586 1386 discordia
608 1343 747 1391 video,
784 1341 865 1382 Cu.
898 1340 1170 1395 Pompeium,
1202 1350 1411 1391 senatum,
1445 1340 1603 1394 quique
1633 1353 1697 1379 res

262 1403 478 1458 judicant,
529 1414 670 1441 secum
708 1399 954 1439 habiturum
973 1415 981 1439 :
1025 1398 1077 1438 ad
1113 1397 1328 1438 Caesarem
1363 1411 1525 1446 omneS‚
1566 1399 1607 1429 59
1623 1396 1696 1451 qui

268 1475 363 1501 cum
401 1459 555 1499 timore
587 1466 660 1497 aut
699 1455 810 1496 mala
843 1468 916 1510 spe
953 1455 1114 1504 vivant,
1148 1468 1416 1495 accessuros:
1461 1452 1700 1493 exercitum

266 1515 573 1558 conferendum
597 1527 681 1553 non
701 1526 807 1552 esse.
869 1510 1060 1552 Omnino
1084 1511 1184 1551 satis
1207 1510 1333 1566 spatii
1357 1511 1411 1550 sit
1432 1510 1484 1551 ad
1502 1508 1698 1550 conside-

306 1648 346 1676 50
367 1646 450 1674 inest
473 1644 573 1673 etiam
590 1643 624 1671 in
641 1642 721 1671 bona
739 1640 806 1681 spe]
841 1640 958 1669 Putem
1001 1639 1099 1670 kenb.
1120 1639 1160 1670 ad
1174 1639 1291 1670 Silium
1307 1638 1384 1675 vll,
1401 1640 1474 1669 355.
1502 1636 1564 1668 Sed
1585 1640 1700 1668 tamen

264 1687 457 1727 legendum:
490 1695 520 1725 q.
549 1683 582 1724 j.
613 1694 645 1714 n.
678 1684 713 1712 in
741 1683 961 1722 carpet-cacione
1004 1681 1116 1712 malim
1131 1683 1292 1721 erumpit:
1315 1691 1392 1711 nam
1408 1680 1530 1710 bellum
1552 1678 1700 1710 nondum

264 1734 320 1765 est,
336 1729 436 1759 etiam
451 1728 486 1756 in
503 1728 581 1757 bonu
596 1735 657 1765 spe.
702 1725 867 1754 Graevius:
892 1722 960 1764 q.j.
1003 1729 1092 1754 erat:
1117 1729 1150 1754 et
1171 1729 1247 1753 ante
1268 1727 1316 1753 est
1337 1723 1467 1752 recedit.
1513 1721 1565 1751 Sic
1579 1726 1613 1751 et
1627 1720 1699 1751 aliis

264 1782 296 1802 n.
321 1775 445 1811 proeter
473 1769 724 1809 expectationem
752 1771 798 1796 est
815 1765 893 1806 jam
927 1768 961 1794 in
1005 1765 1139 1805 placuit.
1166 1766 1267 1795 immo
1289 1766 1334 1794 sic
1357 1764 1428 1795 edd.
1456 1762 1545 1794 Med.
1572 1762 1647 1794 Ald.
1668 1772 1699 1793 a.

264 1815 346 1845 bona
359 1822 423 1852 spe.
469 1813 575 1842 Causa
591 1810 685 1839 bonae
700 1809 780 1848 spei,
797 1808 882 1846 quod
899 1808 957 1836 Pe·
1007 1810 1095 1838 1502.
1113 1807 1148 1837 P.
1162 1807 1254 1838 Man.
1271 1811 1305 1837 et
1320 1807 1384 1837 Ms.
1400 1806 1464 1836 Gu.

263 1856 394 1886 ducaeus
410 1853 577 1884 absolutus
592 1856 683 1882 erat:
701 1857 774 1890 post
792 1860 886 1887 quem
904 1849 958 1878 ab·
1045 1849 1084 1879 56
1105 1850 1189 1889 quod
1211 1850 1379 1879 consilium
1392 1846 1536 1888 capiam]
1565 1847 1698 1879 Coi-rexi

263 1898 408 1928 solutum
432 1895 471 1925 de
487 1895 639 1926 omnibus
661 1893 721 1923 reis
735 1893 817 1922 bene
831 1901 959 1932 sperare

262 1941 386 1971 liceret.

306 1985 341 2013 51
382 1991 432 2010 me
457 1988 583 2010 annum
603 1986 721 2018 pacem
748 1986 811 2006 non
835 1975 956 2015 addere]

263 2024 315 2054 Sic
337 2032 450 2054 omncs
478 2021 549 2051 cdd.
580 2030 630 2059 pr.
674 2018 736 2049 Sed
759 2019 790 2048 id
806 2019 958 2048 vitiosum

262 2073 323 2096 est.
342 2075 396 2102 an,
413 2073 538 2094 annum
555 2065 646 2091 ultra
669 2070 782 2100 pacem
797 2071 829 2090 η.
847 2070 877 2090 1¹.
924 2059 960 2089 Id

263 2108 343 2139 mihi
369 2107 485 2137 melius
509 2104 638 2134 videtur
663 2113 762 2142 quam
790 2102 958 2133 Manutia-

263 2160 363 2180 num:
389 2159 438 2179 me
454 2150 680 2184 etiamnump.
706 2155 739 2174 n.
766 2155 796 2175 v.
823 2144 908 2183 quod
925 2144 957 2173 in

262 2201 375 2221 omnes
393 2195 466 2230 post
489 2188 560 2219 edd.
586 2189 675 2218 venit
698 2196 799 2226 usque
819 2188 859 2216 ad
875 2186 958 2215 Gru-

259 2238 381 2264 terum.

305 2278 344 2306 52
373 2275 476 2314 peric.
501 2276 649 2312 apparet.
678 2271 780 2311 Prop.
810 2272 867 2299 hoc
893 2270 952 2309 esf]

263 2318 345 2348 Edd.
374 2327 422 2357 pr.
439 2320 472 2345 et
500 2316 561 2344 Ms.
591 2314 654 2343 Gu.
680 2314 725 2343 sic
749 2313 958 2351 distinguunt

263 2360 350 2390 haec:
368 2359 470 2398 peric.
488 2361 623 2397 apparet
635 2357 848 2395 propositmn.
888 2354 960 2384 Hoc

263 2406 321 2439 est,
349 2402 387 2431 de
411 2410 472 2440 quo
499 2400 556 2429 &c.
586 2397 659 2427 iude
686 2404 765 2437 puto
781 2404 895 2427 natum
911 2406 959 2426 se-

263 2452 365 2484 quens
380 2443 473 2482 quod.

307 2488 345 2517 53
368 2485 452 2524 quod
483 2482 538 2514 Cn.
567 2480 757 2521 Pompeius]
786 2479 871 2519 quod
894 2489 960 2510 me-

263 2528 325 2559 lius
338 2527 475 2561 abesset,
491 2531 636 2565 putoque
651 2523 837 2554 delendum.
854 2532 884 2552 v.
901 2530 959 2551 no-

263 2576 333 2601 tam
349 2569 561 2608 superiorem.

309 2614 347 2643 54
371 2612 449 2642 Fert
463 2611 556 2640 illam
572 2607 696 2647 tamen]
723 2605 859 2636 melius:
886 2606 962 2636 Fert

259 2654 318 2684 ille
342 2658 464 2689 tamen,
489 2661 534 2682 sc.
565 2652 695 2682 Caesar:
719 2649 759 2680 ad
781 2657 877 2687 quern
901 2648 962 2678 hoc

260 2696 414 2736 pertinet.

304 2740 343 2767 55
364 2747 396 2767 se
420 2735 540 2775 erupit]
567 2735 618 2764 Sic
643 2737 678 2764 et
701 2731 769 2768 alii,
786 2742 845 2762 nec
862 2732 958 2762 modo

261 2782 381 2820 poeta‘,
398 2785 433 2808 ut
450 2778 522 2809 Liv.
538 2777 592 2814 36,
607 2779 638 2810 7.
656 2786 685 2806 v.
702 2774 797 2815 plura
811 2785 861 2814 ap.
875 2774 959 2804 Dra-

1002 1892 1172 1921 consilium
1208 1901 1267 1931 pro
1294 1891 1428 1926 consilii,
1453 1900 1492 1919 ex
1519 1889 1569 1919 ed.
1607 1891 1700 1922 1471.

1003 1942 1079 1963 nam
1094 1934 1177 1973 quod
1187 1934 1323 1970 consilii,
1344 1938 1383 1962 ut
1397 1938 1446 1963 est
1462 1933 1495 1961 in
1511 1931 1620 1971 vulgg.
1635 1931 1700 1961 diei

1003 1984 1069 2004 nou
1099 1980 1219 2015 potest.
1265 1975 1328 2005 Ms.
1354 1975 1418 2005 Gu.
1441 1973 1492 2004 ed.
1519 1973 1606 2003 Med.
1622 1972 1702 2013 quid

1003 2018 1136 2053 consilii,
1159 2017 1215 2047 sed
1234 2017 1262 2047 ei
1289 2026 1357 2047 non
1383 2020 1498 2056 aptum
1522 2020 1571 2046 est
1586 2024 1701 2045 rerum

1004 2069 1163 2089 mearum.

1043 2104 1081 2134 57
1104 2102 1186 2141 quad
1209 2111 1271 2131 non
1293 2100 1415 2140 dubito]
1442 2101 1543 2131 Recte
1566 2099 1661 2140 quod,
1677 2098 1699 2129 i.

1000 2154 1028 2173 e.
1044 2153 1107 2181 qua
1125 2145 1157 2173 in
1176 2153 1220 2180 re,
1241 2144 1275 2173 in
1292 2153 1368 2181 quo,
1382 2149 1421 2172 ut
1443 2142 1532 2173 alibi.
1558 2151 1591 2172 v.
1608 2141 1700 2172 Clav-

1002 2185 1063 2215 Sed
1079 2192 1156 2215 ante
1170 2186 1254 2225 quod
1266 2186 1361 2216 debet
1375 2194 1442 2215 esse
1458 2188 1619 2225 punctum
1632 2194 1639 2212 ι
1661 2187 1701 2213 ut

999 2236 1057 2257 nos
1073 2228 1269 2267 scripsimus.

1043 2272 1081 2300 53
1104 2270 1261 2308 quamdiu
1276 2270 1414 2299 civiliter
1427 2269 1496 2299 sine
1511 2268 1615 2298 armis
1629 2276 1699 2297 cer·

1000 2311 1111 2350 netur]
1136 2313 1204 2341 sine
1218 2313 1321 2341 armis
1337 2310 1423 2342 haud
1438 2309 1533 2340 dubie
1549 2314 1598 2340 est
1613 2308 1700 2348 glos-

1002 2364 1037 2384 sa
1059 2353 1147 2383 verbi
1171 2354 1319 2384 civiliter.
1368 2353 1524 2384 Cernetur
1537 2357 1587 2380 est
1606 2361 1626 2380 a
1639 2350 1696 2380 Vi-

1002 2396 1117 2431 ctorio,
1137 2396 1195 2434 (sic
1209 2402 1243 2426 et
1253 2395 1330 2434 Gu.)
1348 2405 1405 2435 pro
1416 2398 1524 2424 vetere
1536 2396 1679 2422 certetur
1689 2403 1698 2420 :

1003 2448 1068 2477 qua
1096 2437 1229 2468 verbum
1259 2436 1411 2467 cernendi
1438 2435 1519 2466 bene
1533 2446 1539 2463 ε
1565 2433 1619 2464 sed
1637 2443 1700 2472 qua

1004 2481 1144 2510 formam
1175 2479 1300 2509 vitiose.
1344 2477 1493 2508 Debebat
1519 2475 1606 2506 enim
1632 2484 1700 2505 esse

1003 2525 1171 2552 cernatur.
1239 2521 1356 2559 Itaque
1382 2523 1525 2550 certetur
1566 2517 1700 2552 servavi,

1004 2564 1090 2604 quod
1104 2572 1217 2593 omnes
1233 2562 1287 2592 alii
1303 2562 1377 2592 libri
1394 2561 1527 2591 habent.

1047 2609 1087 2639 59
1109 2605 1164 2645 qui
1178 2614 1253 2634 cum
1267 2605 1382 2634 timore
1395 2607 1454 2633 aut
1470 2603 1559 2632 mala
1579 2610 1633 2640 spe
1649 2600 1696 2640 ru]

1006 2650 1104 2678 timor
1122 2647 1162 2677 ad
1173 2646 1296 2685 judicia
1313 2645 1456 2685 pertinet
1470 2650 1503 2674 et
1519 2643 1698 2674 accusatio-

1000 2699 1056 2720 nes
1069 2698 1138 2729 spes
1151 2690 1241 2719 mala
1256 2688 1296 2718 ad
1313 2697 1380 2718 rem
1393 2685 1600 2723 familiarem,
1610 2690 1642 2714 et
1658 2694 1700 2714 aes

1001 2732 1156 2762 alienum.
