1903 3218
440 95 516 133 AD
541 95 593 134 D.
612 93 868 133 BRUTUM
895 93 970 131 ET
996 95 1280 136 CETEROS.
1503 106 1578 142 291

386 197 455 240 Μ.
479 182 607 241 rue.
640 197 698 239 D.
721 195 932 240 BRUTO
965 195 1100 238 [MP.
1132 199 1177 240 s.
1204 200 1253 241 P.
1278 201 1336 243 D.

147 255 293 309 CUM
316 266 462 325 Appio
486 266 683 321 ClaudiO,
717 264 768 306 C.
795 265 843 306 F.
876 265 1043 306 summa
1071 266 1174 307 mihi
1209 270 1478 312 necessitudo
1499 283 1576 323 est,

145 324 290 365 multis
312 325 405 378 ejus
427 324 599 372 officiis,
630 332 673 363 et
705 322 810 363 meis
846 323 1004 363 mutuis
1027 325 1278 366 constituta.
1345 327 1448 368 Peto
1481 344 1506 369 a
1536 340 1577 370 te

144 382 351 436 majorem
372 382 414 422 in
439 381 628 429 modum,
652 379 715 421 vel
740 379 1021 421 humanitatis
1040 390 1141 430 tuae,
1167 382 1229 423 vel
1249 397 1343 423 mea
1363 399 1506 436 causa,
1530 398 1577 427 ut

141 451 240 479 eum
283 439 539 480 auctoritate
583 447 671 486 tua,
706 451 804 491 quae
845 437 1076 492 plurimum
1112 438 1237 490 valet,
1274 452 1575 484 conservatum

144 495 261 536 velis.
308 494 509 544 Volo,te‚
531 508 628 535 cum
654 494 912 535 fortissimus
939 494 1002 534 vir
1024 495 1226 550 cognitus
1247 497 1320 547 sis,
1341 499 1471 539 etiam
1490 499 1574 540 cle-

141 552 451 592 mentissimum
475 551 728 592 existimari.
792 549 959 606 Magno
991 551 1070 592 tibi
1103 553 1184 593 erit
1205 565 1475 606 ornamento,
1498 571 1574 596 no-

140 607 393 650 bilissimum
417 608 730 650 adolescentem
755 608 966 648 beneficio
992 617 1065 649 tuo
1084 623 1175 650 esse
1195 611 1372 652 salvum.
1435 612 1573 668 Cujus

137 666 310 719 quidem
334 680 462 706 eausa
481 664 562 707 hoc
584 665 730 706 melior
751 665 880 705 debet
898 679 1003 715 esse,
1025 666 1139 720 quod
1166 667 1325 720 pietate
1343 669 1570 722 adductus,

136 733 313 778 propter
344 723 473 777 patris
507 722 839 771 restitutionem,
869 722 909 766 62
923 736 966 762 se
988 736 1086 762 cum
1109 722 1303 765 Antonio
1326 726 1571 780 conjunxit.

139 777 285 824 Quare
306 780 387 820 etsi
411 780 551 820 minus
577 793 717 824 veram
740 793 912 820 causam
938 779 1132 830 habebis,
1161 790 1304 823 tamen
1328 783 1394 823 vel
1416 785 1571 839 proba-

135 835 265 876 bilem
287 836 474 891 aliquam
501 836 659 891 poteris
680 836 898 877 inducere.
962 836 1105 877 Nutus
1137 846 1234 878 tuus
1267 850 1408 894 potest
1432 840 1571 882 homi-

133 905 249 943 nem,
271 907 439 934 summo
464 893 557 934 loco
586 904 749 944 natum,
782 907 949 933 summo
981 894 1172 949 ingenio,
1208 910 1374 937 summa
1397 898 1570 951 virtute,

133 949 496 991 officiosissimum
521 960 743 1006 praeterea,
765 959 809 990 et
832 951 1140 1006 gratissimum,
1164 952 1422 995 incolumem
1449 956 1493 996 in
1509 956 1571 996 ci-

133 1006 266 1048 vitate
289 1008 484 1048 retinere.
546 1008 676 1055 Quod
709 1017 754 1048 ut
785 1007 932 1058 facias,
966 1008 1027 1048 ita
1056 1023 1081 1048 a
1111 1018 1152 1049 te
1189 1020 1302 1064 peto,
1335 1021 1381 1052 ut
1404 1013 1569 1068 majore

131 1064 291 1115 studio,
316 1065 507 1120 magisve
528 1079 583 1106 ex
607 1065 752 1105 animo
776 1075 920 1120 petere
942 1079 1028 1105 non
1054 1067 1229 1120 possim.

348 1202 349 1207 1
648 1153 1052 1191 ARGUMENTUM.
1581 1164 1636 1203 93

163 1215 314 1263 Utubene
331 1218 375 1253 cle
391 1229 466 1266 rep.
489 1222 621 1265 speret,
640 1215 809 1253 hortatur
829 1216 1044 1256 Ciceronem,
1066 1216 1166 1263 cujus
1185 1218 1329 1255 litteras
1348 1226 1542 1269 exspectat.

445 1283 502 1324 D.
535 1282 776 1325 BRUTUS
810 1282 878 1323 Μ.
901 1282 952 1324 Τ.
977 1283 1029 1325 C.
1061 1284 1106 1324 S.
1131 1284 1181 1325 P.
1207 1285 1265 1327 D.
1406 1281 1409 1284 ¹
1580 1302 1613 1333 b.

133 1337 271 1392 NOS
293 1351 364 1392 hic
387 1351 574 1392 valemus
598 1360 736 1392 recte:
769 1358 826 1401 et,
854 1365 940 1406 quo
962 1345 1114 1392 melius
1138 1353 1370 1407 valeamus,
1392 1371 1569 1412 operam

124 1407 341 1449 dabimus.
404 1408 591 1464 Lepidus
643 1409 870 1449 commode
921 1408 974 1449 de
1016 1410 1141 1449 nobis
1183 1411 1342 1452 sentire
1385 1414 1568 1457 videtur.

129 1464 263 1507 Omni
295 1466 449 1506 timore
479 1465 693 1520 deposito,
725 1466 932 1506 debemus
964 1465 1097 1506 libere
1129 1468 1379 1522 reipublicae
1412 1486 1568 1513 consu-

128 1521 228 1564 lere.
275 1522 459 1569 Quodsi
503 1522 652 1563 omnia
692 1532 835 1563 essent
874 1522 1026 1573 aliena,
1068 1533 1211 1566 tamen
1257 1527 1394 1566 tribus
1436 1530 1566 1570 tantis

128 1580 408 1630 exercitibus,
440 1580 624 1635 propriis
659 1579 925 1635 reipublicae,
949 1579 1205 1630 valentibus,
1238 1597 1443 1638 magnum
1474 1586 1565 1626 ani-

127 1651 246 1677 mum
277 1637 434 1678 habere
465 1636 666 1685 debebas,
698 1651 825 1691 quem
858 1646 900 1676 et
935 1651 1103 1692 semper
1135 1638 1345 1690 habuisti,
1377 1651 1420 1681 et
1450 1657 1565 1684 nunc

127 1693 300 1734 fortuna
321 1693 553 1748 adjuvante
575 1708 733 1747 augere
758 1704 894 1749 potes.
939 1694 1051 1739 Quae
1077 1694 1154 1735 tibi
1181 1698 1472 1751 superioribus
1495 1700 1564 1740 lit-

126 1751 226 1791 teris
249 1765 343 1791 mea
366 1765 493 1791 manu
518 1751 682 1805 scripsi,
707 1751 892 1792 terrendi
925 1750 985 1790 tui
1011 1765 1139 1791 causa
1162 1752 1357 1794 homiues
1380 1755 1563 1811 loquun-

123 1815 207 1849 tur.
269 1808 315 1848 Si
356 1806 524 1848 frenum
565 1808 861 1858 momorderis,
899 1821 1082 1862 peream,
1116 1809 1147 1848 si
1183 1820 1224 1850 te
1255 1826 1419 1863 omnes,
1456 1823 1563 1868 quot

124 1874 237 1915 sunt,
260 1874 488 1906 conantem
513 1864 630 1919 loqui
652 1865 692 1894 63
706 1864 815 1905 ferre
840 1875 1057 1920 poterunt.
1121 1864 1232 1917 Ego,
1259 1869 1336 1909 tibi
1362 1878 1409 1909 ut
1429 1881 1556 1912 antea

123 1921 290 1978 scripsi,
325 1921 568 1963 dum-mihi
599 1937 624 1962 a
654 1931 694 1961 te
724 1921 878 1963 litterae
906 1916 1318 1972 veniant,.in'1talia
1342 1929 1556 1969 morabor.

124 1993 201 2021 nx
227 1978 325 2020 Kal.
347 1978 452 2021 Jun.
476 1977 707 2035 Eporedia.

630 2068 1038 2106 ARGUMENTUM.
1572 2087 1627 2123 24

119 2131 325 2180 Respondet
341 2134 519 2181 superiori
537 2132 708 2180 epistolae,
730 2144 802 2179 qua
821 2133 983 2167 timorem
999 2132 1068 2167 sibi
1083 2125 1285 2181 exemptimz
1300 2136 1400 2173 dicit.
1427 2138 1558 2183 Addit,

388 2186 478 2232 quid
495 2185 673 2232 agendum
692 2185 725 2219 ei
742 2185 813 2219 sit:
844 2189 880 2219 et
898 2185 941 2219 de
954 2186 1110 2232 pecunia
1130 2186 1285 2223 decreta.
1461 2183 1465 2185 ’

441 2249 675 2292 CICERO
710 2249 767 2291 D.
791 2248 1001 2292 BRUTO
1034 2251 1078 2291 S.
1105 2250 1155 2292 P.
1181 2251 1239 2293 D.

122 2306 360 2360 NARRO
383 2319 459 2360 tibi
478 2336 487 2360 :
520 2327 646 2359 antea
663 2318 959 2368 subirascebar
980 2320 1178 2361 brevitati
1204 2330 1370 2363 tuarum
1393 2323 1556 2366 littera-

116 2389 227 2416 rum.
263 2390 376 2419 nunc
412 2376 516 2417 mihi
554 2375 712 2430 loquax
752 2389 844 2416 esse
882 2376 1045 2416 videor.
1091 2388 1133 2417 te
1165 2377 1299 2433 igitur
1338 2380 1554 2422 imitabor.

118 2433 263 2480 Quam
296 2433 447 2483 multa,
480 2448 608 2489 quam
646 2433 821 2487 paucis?
869 2431 931 2474 Te
963 2443 1079 2474 recte
1111 2436 1263 2486 valere,
1295 2451 1556 2493 operamque

115 2490 231 2540 dare,
251 2499 298 2531 ut.
316 2490 511 2545 quotidie
529 2490 706 2531 melius:
733 2489 946 2546 Lepidum
964 2492 1193 2532 commode
1212 2494 1393 2535 sentire:
1419 2496 1555 2536 tribus

115 2547 378 2588 exercitibus
420 2548 590 2603 quidvis
632 2561 711 2587 nos
757 2561 958 2603 oportere
996 2549 1229 2590 confidere.
1292 2550 1336 2590 Si
1378 2552 1554 2593 timidus

116 2600 444 2646 essesut-‘tamen
465 2606 548 2646 ista
565 2603 749 2660 epistola
767 2605 874 2645 mihi
894 2617 1068 2646 omnem
1087 2616 1253 2647 metum
1271 2607 1554 2651 abstersisses.

155 2716 197 2746 62
219 2725 271 2746 me
290 2727 365 2748 eum
385 2717 429 2748 A.
451 2717 636 2758 conjunxit]
662 2719 715 2749 Sic
738 2717 813 2748 libri
898 2718 938 2749 63
954 2716 1055 2757 serre
1074 2719 1244 2758 poterunt]
1282 2720 1334 2749 Sic
1361 2721 1424 2751 Ms.
1452 2732 1557 2760 meuS,

110 2766 173 2789 scr.
190 2763 225 2789 et
246 2759 316 2789 edd.
333 2765 414 2790 vett.
445 2760 508 2791 Sed
523 2766 611 2790 recte
625 2767 811 2791 correctum
855 2760 919 2791 Gu.
955 2764 981 2790 1.
1005 2768 1040 2791 et
1066 2760 1138 2791 edd.
1168 2770 1218 2800 pr.
1246 2761 1335 2791 Male
1361 2765 1558 2796 recentiores

110 2805 160 2830 est
182 2802 216 2831 in
240 2801 472 2840 posterioribus
495 2812 540 2838 se,
563 2811 597 2832 re
620 2802 812 2842 postulante
847 2803 1007 2841 poterint.
1029 2802 1147 2832 saltem
1161 2802 1293 2833 deberet
1302 2813 1370 2834 esse
1376 2808 1558 2845 potuerint,

109 2841 298 2874 clarissime.
316 2843 433 2882 ltaque
444 2853 521 2874 cum
531 2844 660 2875 Graevio
672 2845 810 2874 correxi.
854 2851 892 2875 ut
907 2849 957 2874 est
973 2855 1026 2885 ap.
1042 2844 1196 2875 Plautum
1210 2855 1217 2874 :
1236 2846 1359 2887 peribo,
1372 2848 1557 2887 si—-fec-ero.

789 2893 871 2926 ΠΩ
