<?xml version="1.0" encoding="UTF-8"?>
<!DOCTYPE html PUBLIC "-//W3C//DTD XHTML 1.0 Transitional//EN"
    "http://www.w3.org/TR/xhtml1/DTD/xhtml1-transitional.dtd">
<html xmlns="http://www.w3.org/1999/xhtml" xml:lang="en" lang="en">
 <head>
  <title>
</title>
<meta http-equiv="Content-Type" content="text/html;charset=utf-8" />
  <meta name='ocr-system' content='tesseract 3.04.00' />
  <meta name='ocr-capabilities' content='ocr_page ocr_carea ocr_par ocr_line ocrx_word'/>
</head>
<body>
  <div class='ocr_page' id='page_1' title='image "./p1operaomnia03ciceuoft_0298.png"; bbox 0 0 1903 3218; ppageno 0'>
   <div class='ocr_carea' id='block_1_1' title="bbox 299 97 1399 249">
    <p class='ocr_par' dir='ltr' id='par_1_1' title="bbox 299 97 1399 249">
     <span class='ocr_line' id='line_1_1' title="bbox 299 97 1399 142; baseline 0.004 -6"><span class='ocrx_word' id='word_1_1' title='bbox 299 98 377 137; x_wconf 76' lang='lat'>284</span> <span class='ocrx_word' id='word_1_2' title='bbox 623 97 802 138; x_wconf 86' lang='lat' dir='ltr'>EPIST.</span> <span class='ocrx_word' id='word_1_3' title='bbox 828 98 1014 140; x_wconf 86' lang='lat' dir='ltr'><strong>LIBER</strong></span> <span class='ocrx_word' id='word_1_4' title='bbox 1039 100 1399 142; x_wconf 86' lang='lat' dir='ltr'><strong>UNDECIMUS</strong></span> 
     </span>
     <span class='ocr_line' id='line_1_2' title="bbox 641 202 1385 249; baseline 0.004 -4"><span class='ocrx_word' id='word_1_5' title='bbox 641 202 699 245; x_wconf 91' lang='lat' dir='ltr'>D.</span> <span class='ocrx_word' id='word_1_6' title='bbox 733 204 974 248; x_wconf 85' lang='lat' dir='ltr'>BRUTUS</span> <span class='ocrx_word' id='word_1_7' title='bbox 1007 204 1076 247; x_wconf 89' lang='lat' dir='ltr'>M.</span> <span class='ocrx_word' id='word_1_8' title='bbox 1097 204 1149 248; x_wconf 88' lang='grc' dir='ltr'>Τ.</span> <span class='ocrx_word' id='word_1_9' title='bbox 1173 204 1226 248; x_wconf 90' lang='lat' dir='ltr'>C.</span> <span class='ocrx_word' id='word_1_10' title='bbox 1258 206 1302 248; x_wconf 88' lang='lat' dir='ltr'>S.</span> <span class='ocrx_word' id='word_1_11' title='bbox 1327 204 1385 249; x_wconf 90' lang='lat' dir='ltr'>D.</span> 
     </span>
    </p>
   </div>
   <div class='ocr_carea' id='block_1_2' title="bbox 162 256 1728 2549">
    <p class='ocr_par' dir='ltr' id='par_1_2' title="bbox 162 256 1728 2549">
     <span class='ocr_line' id='line_1_3' title="bbox 297 256 1728 329; baseline 0.003 -17"><span class='ocrx_word' id='word_1_12' title='bbox 297 256 434 314; x_wconf 87' lang='lat' dir='ltr'>JAM</span> <span class='ocrx_word' id='word_1_13' title='bbox 459 284 544 311; x_wconf 88' lang='lat' dir='ltr'>non</span> <span class='ocrx_word' id='word_1_14' title='bbox 567 285 650 327; x_wconf 87' lang='lat' dir='ltr'>ago</span> <span class='ocrx_word' id='word_1_15' title='bbox 673 272 752 313; x_wconf 85' lang='lat' dir='ltr'>tibi</span> <span class='ocrx_word' id='word_1_16' title='bbox 776 273 948 328; x_wconf 79' lang='lat' dir='ltr'>gratias.</span> <span class='ocrx_word' id='word_1_17' title='bbox 1011 272 1094 315; x_wconf 88' lang='lat' dir='ltr'>Cui</span> <span class='ocrx_word' id='word_1_18' title='bbox 1127 274 1241 315; x_wconf 88' lang='lat' dir='ltr'>enim</span> <span class='ocrx_word' id='word_1_19' title='bbox 1273 288 1316 315; x_wconf 90' lang='lat' dir='ltr'>re</span> <span class='ocrx_word' id='word_1_20' title='bbox 1338 274 1411 315; x_wconf 77' lang='lat' dir='ltr'>vix</span> <span class='ocrx_word' id='word_1_21' title='bbox 1444 271 1599 316; x_wconf 80' lang='lat' dir='ltr'>referre</span> <span class='ocrx_word' id='word_1_22' title='bbox 1630 287 1728 329; x_wconf 82' lang='lat' dir='ltr'>pos·</span> 
     </span>
     <span class='ocr_line' id='line_1_4' title="bbox 300 327 1726 385; baseline 0.003 -17"><span class='ocrx_word' id='word_1_23' title='bbox 300 342 408 377; x_wconf 86' lang='lat' dir='ltr'>sum,</span> <span class='ocrx_word' id='word_1_24' title='bbox 443 327 542 368; x_wconf 85' lang='lat' dir='ltr'>huic</span> <span class='ocrx_word' id='word_1_25' title='bbox 575 329 712 369; x_wconf 87' lang='lat' dir='ltr'>verbis</span> <span class='ocrx_word' id='word_1_26' title='bbox 740 344 823 370; x_wconf 85' lang='lat' dir='ltr'>non</span> <span class='ocrx_word' id='word_1_27' title='bbox 860 331 1021 385; x_wconf 86' lang='lat' dir='ltr'>patitur</span> <span class='ocrx_word' id='word_1_28' title='bbox 1055 344 1117 370; x_wconf 90' lang='lat' dir='ltr'>res</span> <span class='ocrx_word' id='word_1_29' title='bbox 1151 331 1361 373; x_wconf 84' lang='lat' dir='ltr'>satisfieri.</span> <span class='ocrx_word' id='word_1_30' title='bbox 1420 329 1656 373; x_wconf 79' lang='lat' dir='ltr'>Attendere</span> <span class='ocrx_word' id='word_1_31' title='bbox 1684 339 1726 372; x_wconf 84' lang='lat' dir='ltr'>te</span> 
     </span>
     <span class='ocr_line' id='line_1_5' title="bbox 298 384 1725 444; baseline 0.004 -20"><span class='ocrx_word' id='word_1_32' title='bbox 298 384 411 435; x_wconf 78' lang='lat' dir='ltr'>volo,</span> <span class='ocrx_word' id='word_1_33' title='bbox 432 400 530 439; x_wconf 77' lang='lat' dir='ltr'>quae</span> <span class='ocrx_word' id='word_1_34' title='bbox 553 385 595 426; x_wconf 90' lang='lat' dir='ltr'>in</span> <span class='ocrx_word' id='word_1_35' title='bbox 620 386 817 426; x_wconf 77' lang='lat' dir='ltr'>manibus</span> <span class='ocrx_word' id='word_1_36' title='bbox 841 396 954 427; x_wconf 89' lang='lat' dir='ltr'>sunt.</span> <span class='ocrx_word' id='word_1_37' title='bbox 1015 386 1115 434; x_wconf 86' lang='lat' dir='ltr'>Qua</span> <span class='ocrx_word' id='word_1_38' title='bbox 1141 388 1256 430; x_wconf 88' lang='lat' dir='ltr'>enirn</span> <span class='ocrx_word' id='word_1_39' title='bbox 1280 387 1505 444; x_wconf 85' lang='lat' dir='ltr'>prudentia</span> <span class='ocrx_word' id='word_1_40' title='bbox 1526 401 1586 438; x_wconf 83' lang='lat' dir='ltr'>eS,</span> <span class='ocrx_word' id='word_1_41' title='bbox 1618 386 1725 430; x_wconf 88' lang='lat' dir='ltr'>nihil</span> 
     </span>
     <span class='ocr_line' id='line_1_6' title="bbox 297 441 1724 500; baseline 0.001 -18"><span class='ocrx_word' id='word_1_42' title='bbox 297 450 339 482; x_wconf 82' lang='lat' dir='ltr'>te</span> <span class='ocrx_word' id='word_1_43' title='bbox 363 441 514 497; x_wconf 78' lang='lat' dir='ltr'>fugiet,</span> <span class='ocrx_word' id='word_1_44' title='bbox 538 445 571 483; x_wconf 89' lang='lat' dir='ltr'>si</span> <span class='ocrx_word' id='word_1_45' title='bbox 607 457 722 483; x_wconf 87' lang='lat' dir='ltr'>meas</span> <span class='ocrx_word' id='word_1_46' title='bbox 749 442 912 483; x_wconf 84' lang='lat' dir='ltr'>litteras</span> <span class='ocrx_word' id='word_1_47' title='bbox 933 442 1162 499; x_wconf 83' lang='lat' dir='ltr'>diligenter</span> <span class='ocrx_word' id='word_1_48' title='bbox 1183 442 1350 499; x_wconf 86' lang='lat' dir='ltr'>legeris.</span> <span class='ocrx_word' id='word_1_49' title='bbox 1412 444 1540 500; x_wconf 83' lang='lat' dir='ltr'>Sequi</span> <span class='ocrx_word' id='word_1_50' title='bbox 1575 442 1724 485; x_wconf 89' lang='lat' dir='ltr'>confe-</span> 
     </span>
     <span class='ocr_line' id='line_1_7' title="bbox 297 498 1723 557; baseline 0.003 -19"><span class='ocrx_word' id='word_1_51' title='bbox 297 499 394 540; x_wconf 83' lang='lat' dir='ltr'>stim</span> <span class='ocrx_word' id='word_1_52' title='bbox 418 498 655 540; x_wconf 84' lang='lat' dir='ltr'>Antonium</span> <span class='ocrx_word' id='word_1_53' title='bbox 681 498 746 540; x_wconf 88' lang='lat' dir='ltr'>his</span> <span class='ocrx_word' id='word_1_54' title='bbox 774 499 826 539; x_wconf 92' lang='lat' dir='ltr'>de</span> <span class='ocrx_word' id='word_1_55' title='bbox 848 499 1001 548; x_wconf 85' lang='lat' dir='ltr'>causis,</span> <span class='ocrx_word' id='word_1_56' title='bbox 1026 499 1194 550; x_wconf 89' lang='lat' dir='ltr'>Cicero,</span> <span class='ocrx_word' id='word_1_57' title='bbox 1217 514 1301 542; x_wconf 91' lang='lat' dir='ltr'>non</span> <span class='ocrx_word' id='word_1_58' title='bbox 1326 501 1462 557; x_wconf 91' lang='lat' dir='ltr'>potui.</span> <span class='ocrx_word' id='word_1_59' title='bbox 1493 514 1609 542; x_wconf 87' lang='lat' dir='ltr'>eram</span> <span class='ocrx_word' id='word_1_60' title='bbox 1632 500 1723 542; x_wconf 86' lang='lat' dir='ltr'>sine</span> 
     </span>
     <span class='ocr_line' id='line_1_8' title="bbox 296 554 1721 613; baseline 0.003 -17"><span class='ocrx_word' id='word_1_61' title='bbox 296 556 530 611; x_wconf 83' lang='lat' dir='ltr'>equitibus,</span> <span class='ocrx_word' id='word_1_62' title='bbox 572 555 661 597; x_wconf 88' lang='lat' dir='ltr'>sine</span> <span class='ocrx_word' id='word_1_63' title='bbox 697 555 934 609; x_wconf 83' lang='lat' dir='ltr'>jumentis:</span> <span class='ocrx_word' id='word_1_64' title='bbox 987 554 1180 597; x_wconf 86' lang='lat' dir='ltr'>Hirtium</span> <span class='ocrx_word' id='word_1_65' title='bbox 1228 558 1401 613; x_wconf 88' lang='lat' dir='ltr'>periisse</span> <span class='ocrx_word' id='word_1_66' title='bbox 1450 557 1721 600; x_wconf 85' lang='lat' dir='ltr'>nesciebam:</span> 
     </span>
     <span class='ocr_line' id='line_1_9' title="bbox 297 611 1720 668; baseline 0.001 -14"><span class='ocrx_word' id='word_1_67' title='bbox 297 611 456 654; x_wconf 79' lang='lat' dir='ltr'>Caesari</span> <span class='ocrx_word' id='word_1_68' title='bbox 493 626 578 652; x_wconf 89' lang='lat' dir='ltr'>non</span> <span class='ocrx_word' id='word_1_69' title='bbox 608 612 834 653; x_wconf 80' lang='lat' dir='ltr'>credebam</span> <span class='ocrx_word' id='word_1_70' title='bbox 867 613 1001 668; x_wconf 87' lang='lat' dir='ltr'>prius,</span> <span class='ocrx_word' id='word_1_71' title='bbox 1023 626 1150 668; x_wconf 89' lang='lat' dir='ltr'>quam</span> <span class='ocrx_word' id='word_1_72' title='bbox 1179 614 1489 664; x_wconf 85' lang='lat' dir='ltr'>convenissem,</span> <span class='ocrx_word' id='word_1_73' title='bbox 1515 624 1559 656; x_wconf 90' lang='lat' dir='ltr'>et</span> <span class='ocrx_word' id='word_1_74' title='bbox 1587 613 1720 656; x_wconf 89' lang='lat' dir='ltr'>collo-</span> 
     </span>
     <span class='ocr_line' id='line_1_10' title="bbox 295 668 1722 713; baseline 0.001 -3"><span class='ocrx_word' id='word_1_75' title='bbox 295 678 420 710; x_wconf 86' lang='lat' dir='ltr'>cutus</span> <span class='ocrx_word' id='word_1_76' title='bbox 442 683 593 710; x_wconf 85' lang='lat' dir='ltr'>essem.</span> <span class='ocrx_word' id='word_1_77' title='bbox 656 668 743 711; x_wconf 84' lang='lat' dir='ltr'>Hic</span> <span class='ocrx_word' id='word_1_78' title='bbox 765 669 856 709; x_wconf 90' lang='lat' dir='ltr'>dies</span> <span class='ocrx_word' id='word_1_79' title='bbox 877 671 957 711; x_wconf 82' lang='lat' dir='ltr'>hoc</span> <span class='ocrx_word' id='word_1_80' title='bbox 981 669 1109 710; x_wconf 89' lang='lat' dir='ltr'>modo</span> <span class='ocrx_word' id='word_1_81' title='bbox 1132 670 1253 711; x_wconf 87' lang='lat' dir='ltr'>abiit.</span> <span class='ocrx_word' id='word_1_82' title='bbox 1307 669 1484 713; x_wconf 81' lang='lat' dir='ltr'>Postero</span> <span class='ocrx_word' id='word_1_83' title='bbox 1506 672 1575 713; x_wconf 84' lang='lat' dir='ltr'>die</span> <span class='ocrx_word' id='word_1_84' title='bbox 1596 680 1722 712; x_wconf 86' lang='lat' dir='ltr'>mane</span> 
     </span>
     <span class='ocr_line' id='line_1_11' title="bbox 294 725 1719 779; baseline 0.001 -13"><span class='ocrx_word' id='word_1_85' title='bbox 294 740 321 766; x_wconf 81' lang='lat' dir='ltr'>a</span> <span class='ocrx_word' id='word_1_86' title='bbox 343 725 483 768; x_wconf 78' lang='lat' dir='ltr'>Pansa</span> <span class='ocrx_word' id='word_1_87' title='bbox 505 740 595 767; x_wconf 88' lang='lat' dir='ltr'>sum</span> <span class='ocrx_word' id='word_1_88' title='bbox 619 725 845 766; x_wconf 76' lang='lat' dir='ltr'>arcessitus</span> <span class='ocrx_word' id='word_1_89' title='bbox 870 725 1127 767; x_wconf 81' lang='lat' dir='ltr'>Bononiam.</span> <span class='ocrx_word' id='word_1_90' title='bbox 1188 725 1299 767; x_wconf 88' lang='lat' dir='ltr'>Cum</span> <span class='ocrx_word' id='word_1_91' title='bbox 1329 727 1372 767; x_wconf 92' lang='lat' dir='ltr'>in</span> <span class='ocrx_word' id='word_1_92' title='bbox 1396 727 1547 769; x_wconf 86' lang='lat' dir='ltr'>itinere</span> <span class='ocrx_word' id='word_1_93' title='bbox 1567 741 1719 779; x_wconf 87' lang='lat' dir='ltr'>essem,</span> 
     </span>
     <span class='ocr_line' id='line_1_12' title="bbox 293 781 1718 831; baseline 0.001 -7"><span class='ocrx_word' id='word_1_94' title='bbox 293 783 536 824; x_wconf 85' lang='lat' dir='ltr'>nuntiatum</span> <span class='ocrx_word' id='word_1_95' title='bbox 563 781 666 823; x_wconf 87' lang='lat' dir='ltr'>mihi</span> <span class='ocrx_word' id='word_1_96' title='bbox 689 792 769 831; x_wconf 82' lang='lat' dir='ltr'>est,</span> <span class='ocrx_word' id='word_1_97' title='bbox 791 796 887 824; x_wconf 91' lang='lat' dir='ltr'>eum</span> <span class='ocrx_word' id='word_1_98' title='bbox 912 791 1126 824; x_wconf 83' lang='lat' dir='ltr'>mortuum</span> <span class='ocrx_word' id='word_1_99' title='bbox 1150 796 1255 824; x_wconf 87' lang='lat' dir='ltr'>esse.</span> <span class='ocrx_word' id='word_1_100' title='bbox 1317 781 1496 825; x_wconf 90' lang='lat' dir='ltr'>Recurri</span> <span class='ocrx_word' id='word_1_101' title='bbox 1527 784 1577 825; x_wconf 87' lang='lat' dir='ltr'>ad</span> <span class='ocrx_word' id='word_1_102' title='bbox 1604 798 1718 826; x_wconf 81' lang='lat' dir='ltr'>meas</span> 
     </span>
     <span class='ocr_line' id='line_1_13' title="bbox 293 839 1718 896; baseline 0.001 -16"><span class='ocrx_word' id='word_1_103' title='bbox 293 839 499 896; x_wconf 80' lang='lat' dir='ltr'>copiolas.</span> <span class='ocrx_word' id='word_1_104' title='bbox 523 839 583 879; x_wconf 87' lang='lat' dir='ltr'>sic</span> <span class='ocrx_word' id='word_1_105' title='bbox 604 839 719 880; x_wconf 81' lang='lat' dir='ltr'>enim</span> <span class='ocrx_word' id='word_1_106' title='bbox 734 853 831 881; x_wconf 89' lang='lat' dir='ltr'>vere</span> <span class='ocrx_word' id='word_1_107' title='bbox 853 853 922 880; x_wconf 89' lang='lat' dir='ltr'>eas</span> <span class='ocrx_word' id='word_1_108' title='bbox 944 839 1159 896; x_wconf 84' lang='lat' dir='ltr'>appellare</span> <span class='ocrx_word' id='word_1_109' title='bbox 1181 854 1369 896; x_wconf 87' lang='lat' dir='ltr'>possum.</span> <span class='ocrx_word' id='word_1_110' title='bbox 1392 850 1491 881; x_wconf 88' lang='lat' dir='ltr'>sunt</span> <span class='ocrx_word' id='word_1_111' title='bbox 1512 849 1718 882; x_wconf 82' lang='lat' dir='ltr'>extenua-</span> 
     </span>
     <span class='ocr_line' id='line_1_14' title="bbox 162 895 1720 953; baseline 0.001 -14"><span class='ocrx_word' id='word_1_112' title='bbox 162 897 489 945; x_wconf 78' lang='lat' dir='ltr'>P·17⁴·tissimae,</span> <span class='ocrx_word' id='word_1_113' title='bbox 508 906 552 936; x_wconf 89' lang='lat' dir='ltr'>et</span> <span class='ocrx_word' id='word_1_114' title='bbox 576 896 722 951; x_wconf 86' lang='lat' dir='ltr'>inopia</span> <span class='ocrx_word' id='word_1_115' title='bbox 742 896 935 937; x_wconf 87' lang='lat' dir='ltr'>omnium</span> <span class='ocrx_word' id='word_1_116' title='bbox 959 910 1096 938; x_wconf 86' lang='lat' dir='ltr'>rerum</span> <span class='ocrx_word' id='word_1_117' title='bbox 1121 897 1301 953; x_wconf 86' lang='lat' dir='ltr'>pessime</span> <span class='ocrx_word' id='word_1_118' title='bbox 1318 905 1524 953; x_wconf 86' lang='lat' dir='ltr'>acceptae.</span> <span class='ocrx_word' id='word_1_119' title='bbox 1578 895 1720 940; x_wconf 89' lang='lat' dir='ltr'>Biduo</span> 
     </span>
     <span class='ocr_line' id='line_1_15' title="bbox 248 950 1720 1010; baseline 0.001 -15"><span class='ocrx_word' id='word_1_120' title='bbox 248 950 279 972; x_wconf 55' lang='grc' dir='ltr'>ἃ·</span> <span class='ocrx_word' id='word_1_121' title='bbox 292 967 361 995; x_wconf 89' lang='lat' dir='ltr'>me</span> <span class='ocrx_word' id='word_1_122' title='bbox 394 952 613 995; x_wconf 88' lang='lat' dir='ltr'>Antonius</span> <span class='ocrx_word' id='word_1_123' title='bbox 645 953 888 1004; x_wconf 79' lang='lat' dir='ltr'>antecessit,</span> <span class='ocrx_word' id='word_1_124' title='bbox 925 955 965 983; x_wconf 80' lang='lat'>40</span> <span class='ocrx_word' id='word_1_125' title='bbox 981 953 1135 995; x_wconf 86' lang='lat' dir='ltr'>itinera</span> <span class='ocrx_word' id='word_1_126' title='bbox 1166 953 1302 995; x_wconf 87' lang='lat' dir='ltr'>multo</span> <span class='ocrx_word' id='word_1_127' title='bbox 1339 953 1502 1008; x_wconf 78' lang='lat' dir='ltr'>majora</span> <span class='ocrx_word' id='word_1_128' title='bbox 1533 952 1720 1010; x_wconf 83' lang='lat' dir='ltr'>fugiens,</span> 
     </span>
     <span class='ocr_line' id='line_1_16' title="bbox 289 1009 1719 1068; baseline 0.003 -18"><span class='ocrx_word' id='word_1_129' title='bbox 289 1024 417 1064; x_wconf 90' lang='lat' dir='ltr'>quam</span> <span class='ocrx_word' id='word_1_130' title='bbox 453 1024 534 1065; x_wconf 86' lang='lat' dir='ltr'>ego</span> <span class='ocrx_word' id='word_1_131' title='bbox 569 1023 762 1065; x_wconf 82' lang='lat' dir='ltr'>sequens.</span> <span class='ocrx_word' id='word_1_132' title='bbox 825 1009 901 1053; x_wconf 89' lang='lat' dir='ltr'>Ille</span> <span class='ocrx_word' id='word_1_133' title='bbox 928 1010 1043 1052; x_wconf 87' lang='lat' dir='ltr'>enim</span> <span class='ocrx_word' id='word_1_134' title='bbox 1076 1011 1126 1052; x_wconf 91' lang='lat' dir='ltr'>iit</span> <span class='ocrx_word' id='word_1_135' title='bbox 1158 1011 1329 1067; x_wconf 85' lang='lat' dir='ltr'>passim,</span> <span class='ocrx_word' id='word_1_136' title='bbox 1359 1025 1442 1068; x_wconf 85' lang='lat' dir='ltr'>ego</span> <span class='ocrx_word' id='word_1_137' title='bbox 1472 1010 1719 1054; x_wconf 85' lang='lat' dir='ltr'>ordinatim.</span> 
     </span>
     <span class='ocr_line' id='line_1_17' title="bbox 291 1066 1720 1125; baseline 0.001 -17"><span class='ocrx_word' id='word_1_138' title='bbox 291 1067 578 1122; x_wconf 81' lang='lat' dir='ltr'>Quacumque</span> <span class='ocrx_word' id='word_1_139' title='bbox 601 1067 665 1118; x_wconf 89' lang='lat' dir='ltr'>iit,</span> <span class='ocrx_word' id='word_1_140' title='bbox 686 1067 903 1123; x_wconf 87' lang='lat' dir='ltr'>ergastula</span> <span class='ocrx_word' id='word_1_141' title='bbox 920 1066 1062 1117; x_wconf 87' lang='lat' dir='ltr'>solvit,</span> <span class='ocrx_word' id='word_1_142' title='bbox 1083 1067 1280 1109; x_wconf 85' lang='lat' dir='ltr'>homines</span> <span class='ocrx_word' id='word_1_143' title='bbox 1298 1067 1492 1125; x_wconf 85' lang='lat' dir='ltr'>arripuit.</span> <span class='ocrx_word' id='word_1_144' title='bbox 1522 1068 1720 1109; x_wconf 84' lang='lat' dir='ltr'>constitit</span> 
     </span>
     <span class='ocr_line' id='line_1_18' title="bbox 288 1123 1718 1180; baseline 0 -15"><span class='ocrx_word' id='word_1_145' title='bbox 288 1138 500 1180; x_wconf 86' lang='lat' dir='ltr'>nusquam</span> <span class='ocrx_word' id='word_1_146' title='bbox 533 1124 662 1180; x_wconf 81' lang='lat' dir='ltr'>prius,</span> <span class='ocrx_word' id='word_1_147' title='bbox 694 1139 823 1180; x_wconf 87' lang='lat' dir='ltr'>quam</span> <span class='ocrx_word' id='word_1_148' title='bbox 854 1124 907 1165; x_wconf 88' lang='lat' dir='ltr'>ad</span> <span class='ocrx_word' id='word_1_149' title='bbox 936 1124 1055 1165; x_wconf 88' lang='lat' dir='ltr'>Vada</span> <span class='ocrx_word' id='word_1_150' title='bbox 1084 1124 1215 1167; x_wconf 84' lang='lat' dir='ltr'>venit.</span> <span class='ocrx_word' id='word_1_151' title='bbox 1276 1124 1417 1172; x_wconf 85' lang='lat' dir='ltr'>Quem</span> <span class='ocrx_word' id='word_1_152' title='bbox 1448 1123 1590 1166; x_wconf 87' lang='lat' dir='ltr'>locum</span> <span class='ocrx_word' id='word_1_153' title='bbox 1622 1123 1718 1165; x_wconf 89' lang='lat' dir='ltr'>volo</span> 
     </span>
     <span class='ocr_line' id='line_1_19' title="bbox 291 1180 1717 1239; baseline 0.001 -17"><span class='ocrx_word' id='word_1_154' title='bbox 291 1182 369 1222; x_wconf 88' lang='lat' dir='ltr'>tibi</span> <span class='ocrx_word' id='word_1_155' title='bbox 392 1195 483 1222; x_wconf 86' lang='lat' dir='ltr'>esse</span> <span class='ocrx_word' id='word_1_156' title='bbox 505 1190 669 1222; x_wconf 91' lang='lat' dir='ltr'>notum.</span> <span class='ocrx_word' id='word_1_157' title='bbox 729 1181 854 1224; x_wconf 84' lang='lat' dir='ltr'>Jacet</span> <span class='ocrx_word' id='word_1_158' title='bbox 877 1182 988 1224; x_wconf 87' lang='lat' dir='ltr'>inter</span> <span class='ocrx_word' id='word_1_159' title='bbox 1008 1180 1285 1239; x_wconf 87' lang='lat' dir='ltr'>Apenninum</span> <span class='ocrx_word' id='word_1_160' title='bbox 1304 1190 1348 1223; x_wconf 87' lang='lat' dir='ltr'>et</span> <span class='ocrx_word' id='word_1_161' title='bbox 1370 1180 1516 1237; x_wconf 84' lang='lat' dir='ltr'>Alpes,</span> <span class='ocrx_word' id='word_1_162' title='bbox 1535 1181 1717 1237; x_wconf 87' lang='lat' dir='ltr'>impedi-</span> 
     </span>
     <span class='ocr_line' id='line_1_20' title="bbox 290 1237 1717 1295; baseline -0.001 -16"><span class='ocrx_word' id='word_1_163' title='bbox 290 1238 478 1280; x_wconf 86' lang='lat' dir='ltr'>tissimus</span> <span class='ocrx_word' id='word_1_164' title='bbox 500 1238 552 1279; x_wconf 89' lang='lat' dir='ltr'>ad</span> <span class='ocrx_word' id='word_1_165' title='bbox 576 1238 655 1278; x_wconf 86' lang='lat' dir='ltr'>iter</span> <span class='ocrx_word' id='word_1_166' title='bbox 678 1237 936 1280; x_wconf 79' lang='lat' dir='ltr'>faciendum.</span> <span class='ocrx_word' id='word_1_167' title='bbox 977 1238 1088 1280; x_wconf 89' lang='lat' dir='ltr'>Cum</span> <span class='ocrx_word' id='word_1_168' title='bbox 1112 1240 1304 1281; x_wconf 85' lang='lat' dir='ltr'>abessem</span> <span class='ocrx_word' id='word_1_169' title='bbox 1324 1239 1378 1280; x_wconf 87' lang='lat' dir='ltr'>ab</span> <span class='ocrx_word' id='word_1_170' title='bbox 1397 1252 1448 1280; x_wconf 90' lang='lat' dir='ltr'>eo</span> <span class='ocrx_word' id='word_1_171' title='bbox 1465 1237 1599 1280; x_wconf 85' lang='lat' dir='ltr'>millia</span> <span class='ocrx_word' id='word_1_172' title='bbox 1621 1252 1717 1295; x_wconf 86' lang='lat' dir='ltr'>pas-</span> 
     </span>
     <span class='ocr_line' id='line_1_21' title="bbox 289 1295 1716 1352; baseline 0.001 -16"><span class='ocrx_word' id='word_1_173' title='bbox 289 1310 412 1337; x_wconf 88' lang='lat' dir='ltr'>suum</span> <span class='ocrx_word' id='word_1_174' title='bbox 445 1296 637 1351; x_wconf 85' lang='lat' dir='ltr'>triginta,</span> <span class='ocrx_word' id='word_1_175' title='bbox 669 1305 712 1334; x_wconf 92' lang='lat' dir='ltr'>et</span> <span class='ocrx_word' id='word_1_176' title='bbox 745 1310 788 1336; x_wconf 84' lang='lat' dir='ltr'>se</span> <span class='ocrx_word' id='word_1_177' title='bbox 820 1295 914 1350; x_wconf 86' lang='lat' dir='ltr'>jam</span> <span class='ocrx_word' id='word_1_178' title='bbox 949 1295 1175 1337; x_wconf 82' lang='lat' dir='ltr'>Ventidius</span> <span class='ocrx_word' id='word_1_179' title='bbox 1207 1296 1531 1352; x_wconf 84' lang='lat' dir='ltr'>conjunxisset;</span> <span class='ocrx_word' id='word_1_180' title='bbox 1561 1295 1716 1337; x_wconf 81' lang='lat' dir='ltr'>concio</span> 
     </span>
     <span class='ocr_line' id='line_1_22' title="bbox 287 1351 1717 1409; baseline -0.001 -15"><span class='ocrx_word' id='word_1_181' title='bbox 287 1352 380 1408; x_wconf 88' lang='lat' dir='ltr'>ejus</span> <span class='ocrx_word' id='word_1_182' title='bbox 402 1353 454 1393; x_wconf 91' lang='lat' dir='ltr'>ad</span> <span class='ocrx_word' id='word_1_183' title='bbox 479 1366 544 1392; x_wconf 79' lang='lat' dir='ltr'>nie</span> <span class='ocrx_word' id='word_1_184' title='bbox 565 1362 629 1392; x_wconf 90' lang='lat' dir='ltr'>est</span> <span class='ocrx_word' id='word_1_185' title='bbox 652 1352 803 1394; x_wconf 82' lang='lat' dir='ltr'>allata:</span> <span class='ocrx_word' id='word_1_186' title='bbox 835 1353 877 1393; x_wconf 88' lang='lat' dir='ltr'>in</span> <span class='ocrx_word' id='word_1_187' title='bbox 910 1366 995 1407; x_wconf 89' lang='lat' dir='ltr'>qua</span> <span class='ocrx_word' id='word_1_188' title='bbox 1028 1363 1169 1408; x_wconf 88' lang='lat' dir='ltr'>petere</span> <span class='ocrx_word' id='word_1_189' title='bbox 1196 1353 1335 1409; x_wconf 88' lang='lat' dir='ltr'>coepit</span> <span class='ocrx_word' id='word_1_190' title='bbox 1362 1367 1386 1393; x_wconf 88' lang='lat' dir='ltr'>a</span> <span class='ocrx_word' id='word_1_191' title='bbox 1413 1351 1636 1403; x_wconf 77' lang='lat' dir='ltr'>militibus,</span> <span class='ocrx_word' id='word_1_192' title='bbox 1669 1362 1717 1393; x_wconf 82' lang='lat' dir='ltr'>ut</span> 
     </span>
     <span class='ocr_line' id='line_1_23' title="bbox 288 1408 1713 1466; baseline -0.001 -15"><span class='ocrx_word' id='word_1_193' title='bbox 288 1424 332 1451; x_wconf 89' lang='lat' dir='ltr'>se</span> <span class='ocrx_word' id='word_1_194' title='bbox 355 1420 469 1451; x_wconf 84' lang='lat' dir='ltr'>trans</span> <span class='ocrx_word' id='word_1_195' title='bbox 492 1408 624 1464; x_wconf 84' lang='lat' dir='ltr'>Alpes</span> <span class='ocrx_word' id='word_1_196' title='bbox 647 1418 942 1463; x_wconf 81' lang='lat' dir='ltr'>sequerentur:</span> <span class='ocrx_word' id='word_1_197' title='bbox 975 1409 1056 1451; x_wconf 89' lang='lat' dir='ltr'>sibi</span> <span class='ocrx_word' id='word_1_198' title='bbox 1079 1424 1177 1450; x_wconf 88' lang='lat' dir='ltr'>cum</span> <span class='ocrx_word' id='word_1_199' title='bbox 1198 1409 1264 1451; x_wconf 91' lang='lat' dir='ltr'>M.</span> <span class='ocrx_word' id='word_1_200' title='bbox 1287 1409 1450 1466; x_wconf 91' lang='lat' dir='ltr'>Lepido</span> <span class='ocrx_word' id='word_1_201' title='bbox 1468 1409 1713 1451; x_wconf 83' lang='lat' dir='ltr'>convenire.</span> 
     </span>
     <span class='ocr_line' id='line_1_24' title="bbox 288 1465 1713 1520; baseline -0.002 -12"><span class='ocrx_word' id='word_1_202' title='bbox 288 1467 606 1508; x_wconf 84' lang='lat' dir='ltr'>Succlamatum</span> <span class='ocrx_word' id='word_1_203' title='bbox 639 1475 717 1516; x_wconf 85' lang='lat' dir='ltr'>est,</span> <span class='ocrx_word' id='word_1_204' title='bbox 750 1478 793 1506; x_wconf 90' lang='lat' dir='ltr'>et</span> <span class='ocrx_word' id='word_1_205' title='bbox 836 1465 1080 1520; x_wconf 79' lang='lat' dir='ltr'>frequenter</span> <span class='ocrx_word' id='word_1_206' title='bbox 1120 1481 1146 1506; x_wconf 90' lang='lat' dir='ltr'>a</span> <span class='ocrx_word' id='word_1_207' title='bbox 1182 1466 1390 1507; x_wconf 87' lang='lat' dir='ltr'>militibus</span> <span class='ocrx_word' id='word_1_208' title='bbox 1430 1466 1713 1516; x_wconf 86' lang='lat' dir='ltr'>Ventidianis,</span> 
     </span>
     <span class='ocr_line' id='line_1_25' title="bbox 286 1521 1712 1578; baseline 0 -14"><span class='ocrx_word' id='word_1_209' title='bbox 286 1528 403 1576; x_wconf 89' lang='lat' dir='ltr'>(nam</span> <span class='ocrx_word' id='word_1_210' title='bbox 427 1538 526 1563; x_wconf 90' lang='lat' dir='ltr'>suos</span> <span class='ocrx_word' id='word_1_211' title='bbox 550 1522 670 1563; x_wconf 87' lang='lat' dir='ltr'>valde</span> <span class='ocrx_word' id='word_1_212' title='bbox 691 1536 818 1577; x_wconf 87' lang='lat' dir='ltr'>quam</span> <span class='ocrx_word' id='word_1_213' title='bbox 845 1537 1002 1578; x_wconf 81' lang='lat' dir='ltr'>paucos</span> <span class='ocrx_word' id='word_1_214' title='bbox 1025 1522 1187 1573; x_wconf 88' lang='lat' dir='ltr'>habet,)</span> <span class='ocrx_word' id='word_1_215' title='bbox 1211 1523 1291 1563; x_wconf 88' lang='lat' dir='ltr'>sibi</span> <span class='ocrx_word' id='word_1_216' title='bbox 1309 1531 1382 1563; x_wconf 87' lang='lat' dir='ltr'>aut</span> <span class='ocrx_word' id='word_1_217' title='bbox 1405 1522 1446 1563; x_wconf 90' lang='lat' dir='ltr'>in</span> <span class='ocrx_word' id='word_1_218' title='bbox 1470 1521 1597 1563; x_wconf 85' lang='lat' dir='ltr'>ltalia</span> <span class='ocrx_word' id='word_1_219' title='bbox 1619 1534 1712 1577; x_wconf 87' lang='lat' dir='ltr'>per-</span> 
     </span>
     <span class='ocr_line' id='line_1_26' title="bbox 284 1578 1713 1636; baseline -0.001 -15"><span class='ocrx_word' id='word_1_220' title='bbox 284 1580 473 1621; x_wconf 91' lang='lat' dir='ltr'>eundum</span> <span class='ocrx_word' id='word_1_221' title='bbox 505 1593 610 1630; x_wconf 84' lang='lat' dir='ltr'>esse,</span> <span class='ocrx_word' id='word_1_222' title='bbox 639 1587 714 1619; x_wconf 83' lang='lat' dir='ltr'>aut</span> <span class='ocrx_word' id='word_1_223' title='bbox 738 1579 1019 1621; x_wconf 88' lang='lat' dir='ltr'>vincendum:</span> <span class='ocrx_word' id='word_1_224' title='bbox 1048 1588 1092 1621; x_wconf 86' lang='lat' dir='ltr'>et</span> <span class='ocrx_word' id='word_1_225' title='bbox 1120 1592 1241 1620; x_wconf 85' lang='lat' dir='ltr'>orare</span> <span class='ocrx_word' id='word_1_226' title='bbox 1274 1588 1515 1636; x_wconf 73' lang='lat' dir='ltr'>coeperunt,</span> <span class='ocrx_word' id='word_1_227' title='bbox 1544 1587 1590 1619; x_wconf 86' lang='lat' dir='ltr'>ut</span> <span class='ocrx_word' id='word_1_228' title='bbox 1615 1578 1713 1620; x_wconf 78' lang='lat' dir='ltr'>Pol-</span> 
     </span>
     <span class='ocr_line' id='line_1_27' title="bbox 282 1635 1710 1692; baseline -0.002 -13"><span class='ocrx_word' id='word_1_229' title='bbox 282 1638 458 1680; x_wconf 83' lang='lat' dir='ltr'>lentiam</span> <span class='ocrx_word' id='word_1_230' title='bbox 481 1636 615 1676; x_wconf 81' lang='lat' dir='ltr'>41iter</span> <span class='ocrx_word' id='word_1_231' title='bbox 638 1635 841 1677; x_wconf 85' lang='lat' dir='ltr'>facerent.</span> <span class='ocrx_word' id='word_1_232' title='bbox 902 1635 1013 1677; x_wconf 90' lang='lat' dir='ltr'>Cum</span> <span class='ocrx_word' id='word_1_233' title='bbox 1038 1637 1244 1678; x_wconf 89' lang='lat' dir='ltr'>sustinere</span> <span class='ocrx_word' id='word_1_234' title='bbox 1273 1649 1345 1678; x_wconf 89' lang='lat' dir='ltr'>eos</span> <span class='ocrx_word' id='word_1_235' title='bbox 1372 1650 1458 1677; x_wconf 90' lang='lat' dir='ltr'>non</span> <span class='ocrx_word' id='word_1_236' title='bbox 1482 1644 1640 1692; x_wconf 91' lang='lat' dir='ltr'>posset,</span> <span class='ocrx_word' id='word_1_237' title='bbox 1667 1636 1710 1677; x_wconf 87' lang='lat' dir='ltr'>in</span> 
     </span>
     <span class='ocr_line' id='line_1_28' title="bbox 284 1692 1709 1751; baseline -0.002 -15"><span class='ocrx_word' id='word_1_238' title='bbox 284 1703 503 1751; x_wconf 87' lang='lat' dir='ltr'>posterum</span> <span class='ocrx_word' id='word_1_239' title='bbox 526 1693 638 1734; x_wconf 90' lang='lat' dir='ltr'>diem</span> <span class='ocrx_word' id='word_1_240' title='bbox 664 1693 743 1733; x_wconf 85' lang='lat' dir='ltr'>iter</span> <span class='ocrx_word' id='word_1_241' title='bbox 766 1708 887 1735; x_wconf 88' lang='lat' dir='ltr'>suum</span> <span class='ocrx_word' id='word_1_242' title='bbox 912 1694 1109 1735; x_wconf 88' lang='lat' dir='ltr'>contulit.</span> <span class='ocrx_word' id='word_1_243' title='bbox 1173 1693 1270 1735; x_wconf 85' lang='lat' dir='ltr'>Hac</span> <span class='ocrx_word' id='word_1_244' title='bbox 1293 1708 1335 1734; x_wconf 89' lang='lat' dir='ltr'>re</span> <span class='ocrx_word' id='word_1_245' title='bbox 1362 1693 1467 1734; x_wconf 89' lang='lat' dir='ltr'>mihi</span> <span class='ocrx_word' id='word_1_246' title='bbox 1498 1692 1709 1743; x_wconf 78' lang='lat' dir='ltr'>nuntiata,</span> 
     </span>
     <span class='ocr_line' id='line_1_29' title="bbox 285 1749 1711 1806; baseline -0.001 -14"><span class='ocrx_word' id='word_1_247' title='bbox 285 1751 429 1792; x_wconf 84' lang='lat' dir='ltr'>statim</span> <span class='ocrx_word' id='word_1_248' title='bbox 452 1750 642 1805; x_wconf 86' lang='lat' dir='ltr'>quinque</span> <span class='ocrx_word' id='word_1_249' title='bbox 659 1749 858 1792; x_wconf 86' lang='lat' dir='ltr'>cohortes</span> <span class='ocrx_word' id='word_1_250' title='bbox 881 1750 1133 1791; x_wconf 84' lang='lat' dir='ltr'>Pollentiam</span> <span class='ocrx_word' id='word_1_251' title='bbox 1159 1750 1359 1806; x_wconf 66' lang='lat' dir='ltr'>praemisi,</span> <span class='ocrx_word' id='word_1_252' title='bbox 1384 1763 1609 1804; x_wconf 88' lang='lat' dir='ltr'>meumque</span> <span class='ocrx_word' id='word_1_253' title='bbox 1630 1750 1711 1790; x_wconf 85' lang='lat' dir='ltr'>iter</span> 
     </span>
     <span class='ocr_line' id='line_1_30' title="bbox 284 1806 1709 1863; baseline -0.003 -13"><span class='ocrx_word' id='word_1_254' title='bbox 284 1822 336 1850; x_wconf 87' lang='lat' dir='ltr'>eo</span> <span class='ocrx_word' id='word_1_255' title='bbox 366 1807 544 1849; x_wconf 89' lang='lat' dir='ltr'>contuli.</span> <span class='ocrx_word' id='word_1_256' title='bbox 578 1807 682 1847; x_wconf 85' lang='lat' dir='ltr'>hora</span> <span class='ocrx_word' id='word_1_257' title='bbox 709 1817 808 1849; x_wconf 86' lang='lat' dir='ltr'>ante</span> <span class='ocrx_word' id='word_1_258' title='bbox 842 1808 1086 1863; x_wconf 73' lang='lat' dir='ltr'>praesidium</span> <span class='ocrx_word' id='word_1_259' title='bbox 1118 1821 1258 1848; x_wconf 87' lang='lat' dir='ltr'>meum</span> <span class='ocrx_word' id='word_1_260' title='bbox 1293 1806 1547 1849; x_wconf 88' lang='lat' dir='ltr'>Pollentiam</span> <span class='ocrx_word' id='word_1_261' title='bbox 1578 1807 1709 1855; x_wconf 91' lang='lat' dir='ltr'>venit,</span> 
     </span>
     <span class='ocr_line' id='line_1_31' title="bbox 284 1863 1707 1920; baseline -0.001 -14"><span class='ocrx_word' id='word_1_262' title='bbox 284 1880 413 1920; x_wconf 86' lang='lat' dir='ltr'>quam</span> <span class='ocrx_word' id='word_1_263' title='bbox 444 1864 679 1905; x_wconf 87' lang='lat' dir='ltr'>Trebellius</span> <span class='ocrx_word' id='word_1_264' title='bbox 712 1879 808 1905; x_wconf 80' lang='lat' dir='ltr'>cuni</span> <span class='ocrx_word' id='word_1_265' title='bbox 840 1865 1071 1919; x_wconf 84' lang='lat' dir='ltr'>equitibus.</span> <span class='ocrx_word' id='word_1_266' title='bbox 1104 1878 1204 1905; x_wconf 81' lang='lat' dir='ltr'>sane</span> <span class='ocrx_word' id='word_1_267' title='bbox 1231 1879 1358 1920; x_wconf 87' lang='lat' dir='ltr'>quam</span> <span class='ocrx_word' id='word_1_268' title='bbox 1393 1878 1485 1904; x_wconf 89' lang='lat' dir='ltr'>sum</span> <span class='ocrx_word' id='word_1_269' title='bbox 1519 1863 1707 1918; x_wconf 82' lang='lat' dir='ltr'>gavisus.</span> 
     </span>
     <span class='ocr_line' id='line_1_32' title="bbox 284 1921 1707 1977; baseline -0.001 -15"><span class='ocrx_word' id='word_1_270' title='bbox 284 1922 328 1962; x_wconf 89' lang='lat' dir='ltr'>in</span> <span class='ocrx_word' id='word_1_271' title='bbox 352 1923 433 1963; x_wconf 89' lang='lat' dir='ltr'>hoc</span> <span class='ocrx_word' id='word_1_272' title='bbox 454 1922 568 1962; x_wconf 90' lang='lat' dir='ltr'>enim</span> <span class='ocrx_word' id='word_1_273' title='bbox 592 1921 813 1962; x_wconf 87' lang='lat' dir='ltr'>victoriam</span> <span class='ocrx_word' id='word_1_274' title='bbox 841 1931 944 1977; x_wconf 89' lang='lat' dir='ltr'>puto</span> <span class='ocrx_word' id='word_1_275' title='bbox 967 1923 1213 1963; x_wconf 83' lang='lat' dir='ltr'>consistere.</span> <span class='ocrx_word' id='word_1_276' title='bbox 1275 1921 1325 1962; x_wconf 89' lang='lat' dir='ltr'>In</span> <span class='ocrx_word' id='word_1_277' title='bbox 1348 1934 1466 1976; x_wconf 88' lang='lat' dir='ltr'>spem</span> <span class='ocrx_word' id='word_1_278' title='bbox 1491 1929 1707 1969; x_wconf 89' lang='lat' dir='ltr'>venerant,</span> 
     </span>
     <span class='ocr_line' id='line_1_33' title="bbox 283 1977 1707 2034; baseline -0.002 -14"><span class='ocrx_word' id='word_1_279' title='bbox 283 1980 397 2034; x_wconf 88' lang='lat' dir='ltr'>quod</span> <span class='ocrx_word' id='word_1_280' title='bbox 423 1992 558 2033; x_wconf 91' lang='lat' dir='ltr'>neque</span> <span class='ocrx_word' id='word_1_281' title='bbox 580 1977 726 2019; x_wconf 85' lang='lat' dir='ltr'>Planci</span> <span class='ocrx_word' id='word_1_282' title='bbox 745 1988 929 2033; x_wconf 84' lang='lat' dir='ltr'>quatuor</span> <span class='ocrx_word' id='word_1_283' title='bbox 945 1978 1134 2033; x_wconf 84' lang='lat' dir='ltr'>legiones</span> <span class='ocrx_word' id='word_1_284' title='bbox 1153 1978 1353 2019; x_wconf 89' lang='lat' dir='ltr'>omnibus</span> <span class='ocrx_word' id='word_1_285' title='bbox 1372 1977 1458 2018; x_wconf 87' lang='lat' dir='ltr'>suis</span> <span class='ocrx_word' id='word_1_286' title='bbox 1472 1977 1609 2032; x_wconf 88' lang='lat' dir='ltr'>copiis</span> <span class='ocrx_word' id='word_1_287' title='bbox 1635 1991 1707 2032; x_wconf 87' lang='lat' dir='ltr'>pa-</span> 
     </span>
     <span class='ocr_line' id='line_1_34' title="bbox 282 2034 1706 2090; baseline -0.001 -13"><span class='ocrx_word' id='word_1_288' title='bbox 282 2050 348 2077; x_wconf 87' lang='lat' dir='ltr'>res</span> <span class='ocrx_word' id='word_1_289' title='bbox 370 2036 703 2085; x_wconf 82' lang='lat' dir='ltr'>arbitrabantur,</span> <span class='ocrx_word' id='word_1_290' title='bbox 733 2050 869 2090; x_wconf 81' lang='lat' dir='ltr'>neque</span> <span class='ocrx_word' id='word_1_291' title='bbox 897 2050 952 2077; x_wconf 80' lang='lat' dir='ltr'>ex</span> <span class='ocrx_word' id='word_1_292' title='bbox 986 2035 1111 2076; x_wconf 86' lang='lat' dir='ltr'>ltalia</span> <span class='ocrx_word' id='word_1_293' title='bbox 1139 2044 1225 2076; x_wconf 88' lang='lat' dir='ltr'>tarn</span> <span class='ocrx_word' id='word_1_294' title='bbox 1252 2035 1446 2076; x_wconf 85' lang='lat' dir='ltr'>celeriter</span> <span class='ocrx_word' id='word_1_295' title='bbox 1467 2034 1706 2075; x_wconf 85' lang='lat' dir='ltr'>exercitum</span> 
     </span>
     <span class='ocr_line' id='line_1_35' title="bbox 283 2092 1706 2149; baseline -0.001 -15"><span class='ocrx_word' id='word_1_296' title='bbox 283 2094 423 2149; x_wconf 81' lang='lat' dir='ltr'>trajici</span> <span class='ocrx_word' id='word_1_297' title='bbox 450 2107 573 2149; x_wconf 85' lang='lat' dir='ltr'>posse</span> <span class='ocrx_word' id='word_1_298' title='bbox 605 2092 850 2134; x_wconf 83' lang='lat' dir='ltr'>credebant.</span> <span class='ocrx_word' id='word_1_299' title='bbox 881 2107 988 2147; x_wconf 85' lang='lat' dir='ltr'>quos</span> <span class='ocrx_word' id='word_1_300' title='bbox 1017 2093 1095 2148; x_wconf 90' lang='lat' dir='ltr'>ipsi</span> <span class='ocrx_word' id='word_1_301' title='bbox 1119 2092 1258 2133; x_wconf 85' lang='lat' dir='ltr'>adhuc</span> <span class='ocrx_word' id='word_1_302' title='bbox 1280 2094 1321 2122; x_wconf 72' lang='lat'>42</span> <span class='ocrx_word' id='word_1_303' title='bbox 1334 2092 1436 2132; x_wconf 84' lang='lat' dir='ltr'>satis</span> <span class='ocrx_word' id='word_1_304' title='bbox 1457 2101 1706 2147; x_wconf 86' lang='lat' dir='ltr'>arroganter</span> 
     </span>
     <span class='ocr_line' id='line_1_36' title="bbox 279 2149 1704 2206; baseline -0.004 -13"><span class='ocrx_word' id='word_1_305' title='bbox 279 2149 553 2206; x_wconf 73' lang='lat' dir='ltr'>AllobrogeS,</span> <span class='ocrx_word' id='word_1_306' title='bbox 582 2150 883 2205; x_wconf 85' lang='lat' dir='ltr'>equitatusque</span> <span class='ocrx_word' id='word_1_307' title='bbox 916 2151 1070 2201; x_wconf 87' lang='lat' dir='ltr'>omnis,</span> <span class='ocrx_word' id='word_1_308' title='bbox 1102 2151 1172 2203; x_wconf 91' lang='lat' dir='ltr'>qui</span> <span class='ocrx_word' id='word_1_309' title='bbox 1205 2164 1255 2190; x_wconf 90' lang='lat' dir='ltr'>eo</span> <span class='ocrx_word' id='word_1_310' title='bbox 1288 2149 1530 2204; x_wconf 84' lang='lat' dir='ltr'>praemissus</span> <span class='ocrx_word' id='word_1_311' title='bbox 1559 2158 1650 2190; x_wconf 83' lang='lat' dir='ltr'>erat</span> <span class='ocrx_word' id='word_1_312' title='bbox 1679 2162 1704 2189; x_wconf 87' lang='lat' dir='ltr'>a</span> 
     </span>
     <span class='ocr_line' id='line_1_37' title="bbox 280 2204 1703 2263; baseline -0.001 -14"><span class='ocrx_word' id='word_1_313' title='bbox 280 2208 421 2258; x_wconf 79' lang='lat' dir='ltr'>nobis,</span> <span class='ocrx_word' id='word_1_314' title='bbox 462 2207 756 2260; x_wconf 78' lang='lat' dir='ltr'>sustinebant3</span> <span class='ocrx_word' id='word_1_315' title='bbox 804 2216 1035 2263; x_wconf 85' lang='lat' dir='ltr'>nostroque</span> <span class='ocrx_word' id='word_1_316' title='bbox 1074 2207 1260 2248; x_wconf 84' lang='lat' dir='ltr'>adventu</span> <span class='ocrx_word' id='word_1_317' title='bbox 1300 2206 1497 2248; x_wconf 82' lang='lat' dir='ltr'>sustineri</span> <span class='ocrx_word' id='word_1_318' title='bbox 1537 2204 1703 2247; x_wconf 85' lang='lat' dir='ltr'>facilius</span> 
     </span>
     <span class='ocr_line' id='line_1_38' title="bbox 279 2261 1703 2320; baseline -0.001 -14"><span class='ocrx_word' id='word_1_319' title='bbox 279 2278 407 2320; x_wconf 85' lang='lat' dir='ltr'>posse</span> <span class='ocrx_word' id='word_1_320' title='bbox 439 2264 710 2306; x_wconf 60' lang='lat' dir='ltr'>confidimus</span> <span class='ocrx_word' id='word_1_321' title='bbox 771 2263 948 2315; x_wconf 85' lang='lat' dir='ltr'>Tamen,</span> <span class='ocrx_word' id='word_1_322' title='bbox 981 2265 1014 2305; x_wconf 89' lang='lat' dir='ltr'>si</span> <span class='ocrx_word' id='word_1_323' title='bbox 1049 2279 1135 2319; x_wconf 92' lang='lat' dir='ltr'>quo</span> <span class='ocrx_word' id='word_1_324' title='bbox 1168 2264 1297 2305; x_wconf 87' lang='lat' dir='ltr'>etiam</span> <span class='ocrx_word' id='word_1_325' title='bbox 1330 2277 1431 2304; x_wconf 83' lang='lat' dir='ltr'>casu</span> <span class='ocrx_word' id='word_1_326' title='bbox 1468 2261 1627 2304; x_wconf 83' lang='lat' dir='ltr'>Isaram</span> <span class='ocrx_word' id='word_1_327' title='bbox 1660 2275 1703 2304; x_wconf 81' lang='lat' dir='ltr'>se</span> 
     </span>
     <span class='ocr_line' id='line_1_39' title="bbox 280 2319 1703 2378; baseline -0.001 -16"><span class='ocrx_word' id='word_1_328' title='bbox 280 2322 542 2377; x_wconf 83' lang='lat' dir='ltr'>trajecerint,</span> <span class='ocrx_word' id='word_1_329' title='bbox 556 2335 608 2361; x_wconf 88' lang='lat' dir='ltr'>ne</span> <span class='ocrx_word' id='word_1_330' title='bbox 621 2321 734 2376; x_wconf 90' lang='lat' dir='ltr'>quod</span> <span class='ocrx_word' id='word_1_331' title='bbox 749 2321 1051 2363; x_wconf 85' lang='lat' dir='ltr'>detrimentum</span> <span class='ocrx_word' id='word_1_332' title='bbox 1066 2320 1314 2378; x_wconf 87' lang='lat' dir='ltr'>reipublicae</span> <span class='ocrx_word' id='word_1_333' title='bbox 1329 2319 1572 2375; x_wconf 83' lang='lat' dir='ltr'>injungant,</span> <span class='ocrx_word' id='word_1_334' title='bbox 1588 2333 1703 2361; x_wconf 87' lang='lat' dir='ltr'>sum·</span> 
     </span>
     <span class='ocr_line' id='line_1_40' title="bbox 278 2376 1701 2435; baseline -0.002 -15"><span class='ocrx_word' id='word_1_335' title='bbox 278 2393 350 2420; x_wconf 87' lang='lat' dir='ltr'>ma</span> <span class='ocrx_word' id='word_1_336' title='bbox 371 2394 396 2420; x_wconf 85' lang='lat' dir='ltr'>a</span> <span class='ocrx_word' id='word_1_337' title='bbox 417 2378 541 2420; x_wconf 84' lang='lat' dir='ltr'>nobis</span> <span class='ocrx_word' id='word_1_338' title='bbox 561 2378 734 2419; x_wconf 86' lang='lat' dir='ltr'>dabitur</span> <span class='ocrx_word' id='word_1_339' title='bbox 754 2393 898 2434; x_wconf 84' lang='lat' dir='ltr'>opera.</span> <span class='ocrx_word' id='word_1_340' title='bbox 929 2378 1019 2419; x_wconf 85' lang='lat' dir='ltr'>Vos</span> <span class='ocrx_word' id='word_1_341' title='bbox 1035 2392 1238 2435; x_wconf 87' lang='lat' dir='ltr'>magnum</span> <span class='ocrx_word' id='word_1_342' title='bbox 1260 2376 1450 2418; x_wconf 88' lang='lat' dir='ltr'>animum</span> <span class='ocrx_word' id='word_1_343' title='bbox 1472 2377 1701 2431; x_wconf 87' lang='lat' dir='ltr'>optimam-</span> 
     </span>
     <span class='ocr_line' id='line_1_41' title="bbox 231 2434 1700 2492; baseline -0.001 -18"><span class='ocrx_word' id='word_1_344' title='bbox 231 2440 361 2491; x_wconf 78' lang='lat' dir='ltr'>b-que</span> <span class='ocrx_word' id='word_1_345' title='bbox 383 2449 500 2492; x_wconf 87' lang='lat' dir='ltr'>spem</span> <span class='ocrx_word' id='word_1_346' title='bbox 524 2434 575 2477; x_wconf 93' lang='lat' dir='ltr'>de</span> <span class='ocrx_word' id='word_1_347' title='bbox 598 2448 763 2476; x_wconf 89' lang='lat' dir='ltr'>summa</span> <span class='ocrx_word' id='word_1_348' title='bbox 784 2435 1004 2490; x_wconf 85' lang='lat' dir='ltr'>republica</span> <span class='ocrx_word' id='word_1_349' title='bbox 1021 2435 1175 2477; x_wconf 87' lang='lat' dir='ltr'>habere</span> <span class='ocrx_word' id='word_1_350' title='bbox 1193 2435 1402 2483; x_wconf 81' lang='lat' dir='ltr'>volumus,</span> <span class='ocrx_word' id='word_1_351' title='bbox 1424 2447 1520 2474; x_wconf 87' lang='lat' dir='ltr'>curn</span> <span class='ocrx_word' id='word_1_352' title='bbox 1543 2443 1587 2474; x_wconf 86' lang='lat' dir='ltr'>et</span> <span class='ocrx_word' id='word_1_353' title='bbox 1607 2447 1700 2484; x_wconf 90' lang='lat' dir='ltr'>nos,</span> 
     </span>
     <span class='ocr_line' id='line_1_42' title="bbox 275 2489 1702 2549; baseline -0.003 -13"><span class='ocrx_word' id='word_1_354' title='bbox 275 2502 319 2536; x_wconf 89' lang='lat' dir='ltr'>et</span> <span class='ocrx_word' id='word_1_355' title='bbox 328 2493 543 2536; x_wconf 85' lang='lat' dir='ltr'>exercitus</span> <span class='ocrx_word' id='word_1_356' title='bbox 556 2502 739 2543; x_wconf 88' lang='lat' dir='ltr'>nostros,</span> <span class='ocrx_word' id='word_1_357' title='bbox 752 2492 955 2549; x_wconf 86' lang='lat' dir='ltr'>singulari</span> <span class='ocrx_word' id='word_1_358' title='bbox 973 2489 1544 2546; x_wconf 80' lang='lat' dir='ltr'>concordiaconjunctos,ad</span> <span class='ocrx_word' id='word_1_359' title='bbox 1556 2490 1702 2532; x_wconf 73' lang='lat' dir='ltr'>omnia</span> 
     </span>
    </p>
   </div>
   <div class='ocr_carea' id='block_1_3' title="bbox 272 2630 1701 2713">
    <p class='ocr_par' dir='ltr' id='par_1_3' title="bbox 272 2630 1701 2713">
     <span class='ocr_line' id='line_1_43' title="bbox 312 2630 1276 2673; baseline -0.007 -4"><span class='ocrx_word' id='word_1_360' title='bbox 312 2640 355 2669; x_wconf 74' lang='lat'>40</span> <span class='ocrx_word' id='word_1_361' title='bbox 380 2636 501 2667; x_wconf 79' lang='lat' dir='ltr'>itinera</span> <span class='ocrx_word' id='word_1_362' title='bbox 526 2643 571 2665; x_wconf 83' lang='lat' dir='ltr'>m.</span> <span class='ocrx_word' id='word_1_363' title='bbox 599 2643 642 2664; x_wconf 83' lang='lat' dir='ltr'>m.</span> <span class='ocrx_word' id='word_1_364' title='bbox 654 2630 811 2673; x_wconf 76' lang='lat' dir='ltr'>fugiens]</span> <span class='ocrx_word' id='word_1_365' title='bbox 836 2631 926 2663; x_wconf 66' lang='lat' dir='ltr'>Fecit</span> <span class='ocrx_word' id='word_1_366' title='bbox 948 2642 967 2663; x_wconf 86' lang='lat' dir='ltr'>e</span> <span class='ocrx_word' id='word_1_367' title='bbox 1009 2632 1179 2664; x_wconf 79' lang='lat' dir='ltr'>cinnitatis</span> <span class='ocrx_word' id='word_1_368' title='bbox 1193 2641 1276 2672; x_wconf 82' lang='lat' dir='ltr'>pars.</span> 
     </span>
     <span class='ocr_line' id='line_1_44' title="bbox 272 2673 1701 2713; baseline -0.004 -2"><span class='ocrx_word' id='word_1_369' title='bbox 272 2679 353 2711; x_wconf 77' lang='lat' dir='ltr'>uss.</span> <span class='ocrx_word' id='word_1_370' title='bbox 370 2678 497 2709; x_wconf 76' lang='lat' dir='ltr'>duobus</span> <span class='ocrx_word' id='word_1_371' title='bbox 516 2676 641 2708; x_wconf 85' lang='lat' dir='ltr'>addidit</span> <span class='ocrx_word' id='word_1_372' title='bbox 655 2675 812 2706; x_wconf 81' lang='lat' dir='ltr'>Graev&#39;ius.</span> <span class='ocrx_word' id='word_1_373' title='bbox 859 2674 918 2704; x_wconf 87' lang='lat' dir='ltr'>Est</span> <span class='ocrx_word' id='word_1_374' title='bbox 933 2678 966 2704; x_wconf 84' lang='lat' dir='ltr'>et</span> <span class='ocrx_word' id='word_1_375' title='bbox 1050 2677 1085 2706; x_wconf 82' lang='lat'>41</span> <span class='ocrx_word' id='word_1_376' title='bbox 1103 2676 1166 2705; x_wconf 74' lang='lat' dir='ltr'>iter</span> <span class='ocrx_word' id='word_1_377' title='bbox 1193 2673 1339 2713; x_wconf 73' lang='lat' dir='ltr'>acerem]</span> <span class='ocrx_word' id='word_1_378' title='bbox 1355 2674 1376 2704; x_wconf 83' lang='lat' dir='ltr'>i.</span> <span class='ocrx_word' id='word_1_379' title='bbox 1388 2673 1493 2705; x_wconf 78' lang='lat' dir='ltr'>faeere</span> <span class='ocrx_word' id='word_1_380' title='bbox 1505 2674 1564 2704; x_wconf 73' lang='lat' dir='ltr'>tibi</span> <span class='ocrx_word' id='word_1_381' title='bbox 1575 2674 1701 2705; x_wconf 79' lang='lat' dir='ltr'>liceret.</span> 
     </span>
    </p>
   </div>
   <div class='ocr_carea' id='block_1_4' title="bbox 270 2714 1701 2839">
    <p class='ocr_par' dir='ltr' id='par_1_4' title="bbox 270 2714 1701 2839">
     <span class='ocr_line' id='line_1_45' title="bbox 271 2714 1602 2755; baseline -0.005 -3"><span class='ocrx_word' id='word_1_382' title='bbox 271 2722 307 2752; x_wconf 80' lang='lat' dir='ltr'>in</span> <span class='ocrx_word' id='word_1_383' title='bbox 330 2722 393 2753; x_wconf 92' lang='lat' dir='ltr'>Gu.</span> <span class='ocrx_word' id='word_1_384' title='bbox 421 2723 452 2751; x_wconf 74' lang='lat'>2.</span> <span class='ocrx_word' id='word_1_385' title='bbox 478 2729 554 2750; x_wconf 85' lang='lat' dir='ltr'>nam</span> <span class='ocrx_word' id='word_1_386' title='bbox 576 2718 711 2748; x_wconf 83' lang='lat' dir='ltr'>vei-bum</span> <span class='ocrx_word' id='word_1_387' title='bbox 733 2716 799 2747; x_wconf 86' lang='lat' dir='ltr'>tale</span> <span class='ocrx_word' id='word_1_388' title='bbox 821 2725 967 2747; x_wconf 79' lang='lat' dir='ltr'>necessa·</span> <span class='ocrx_word' id='word_1_389' title='bbox 1009 2716 1089 2747; x_wconf 75' lang='lat' dir='ltr'>alias</span> <span class='ocrx_word' id='word_1_390' title='bbox 1103 2716 1163 2746; x_wconf 83' lang='lat' dir='ltr'>faci</span> <span class='ocrx_word' id='word_1_391' title='bbox 1179 2727 1196 2747; x_wconf 88' lang='lat' dir='ltr'>e</span> <span class='ocrx_word' id='word_1_392' title='bbox 1210 2721 1280 2747; x_wconf 80' lang='lat' dir='ltr'>erat</span> <span class='ocrx_word' id='word_1_393' title='bbox 1294 2714 1602 2755; x_wconf 54' lang='lat' dir='ltr'>corriget-efacere&amp;</span> 
     </span>
     <span class='ocr_line' id='line_1_46' title="bbox 270 2757 1696 2800; baseline -0.005 -6"><span class='ocrx_word' id='word_1_394' title='bbox 270 2764 357 2794; x_wconf 82' lang='lat' dir='ltr'>rium</span> <span class='ocrx_word' id='word_1_395' title='bbox 377 2763 516 2800; x_wconf 82' lang='lat' dir='ltr'>videtur,</span> <span class='ocrx_word' id='word_1_396' title='bbox 540 2767 578 2791; x_wconf 82' lang='lat' dir='ltr'>ut</span> <span class='ocrx_word' id='word_1_397' title='bbox 599 2760 655 2792; x_wconf 88' lang='lat' dir='ltr'>alii</span> <span class='ocrx_word' id='word_1_398' title='bbox 675 2761 745 2799; x_wconf 87' lang='lat' dir='ltr'>jam</span> <span class='ocrx_word' id='word_1_399' title='bbox 764 2759 965 2799; x_wconf 82' lang='lat' dir='ltr'>judicarant.</span> <span class='ocrx_word' id='word_1_400' title='bbox 1049 2760 1092 2789; x_wconf 71' lang='lat'>4⁴2</span> <span class='ocrx_word' id='word_1_401' title='bbox 1121 2759 1202 2788; x_wconf 78' lang='lat' dir='ltr'>satis</span> <span class='ocrx_word' id='word_1_402' title='bbox 1234 2757 1696 2798; x_wconf 69' lang='lat' dir='ltr'>arroganter-sustinebant]</span> 
     </span>
     <span class='ocr_line' id='line_1_47' title="bbox 270 2799 1701 2839; baseline -0.005 -2"><span class='ocrx_word' id='word_1_403' title='bbox 270 2806 333 2837; x_wconf 88' lang='lat' dir='ltr'>Sed</span> <span class='ocrx_word' id='word_1_404' title='bbox 347 2810 459 2836; x_wconf 77' lang='lat' dir='ltr'>tamen</span> <span class='ocrx_word' id='word_1_405' title='bbox 476 2814 541 2834; x_wconf 92' lang='lat' dir='ltr'>non</span> <span class='ocrx_word' id='word_1_406' title='bbox 565 2811 661 2834; x_wconf 81' lang='lat' dir='ltr'>ausus</span> <span class='ocrx_word' id='word_1_407' title='bbox 681 2811 754 2833; x_wconf 81' lang='lat' dir='ltr'>sum</span> <span class='ocrx_word' id='word_1_408' title='bbox 777 2801 809 2831; x_wconf 90' lang='lat' dir='ltr'>id</span> <span class='ocrx_word' id='word_1_409' title='bbox 831 2801 965 2831; x_wconf 83' lang='lat' dir='ltr'>imitari.</span> <span class='ocrx_word' id='word_1_410' title='bbox 1009 2804 1206 2839; x_wconf 71' lang='lat' dir='ltr'>arroganter</span> <span class='ocrx_word' id='word_1_411' title='bbox 1217 2804 1265 2831; x_wconf 81' lang='lat' dir='ltr'>est</span> <span class='ocrx_word' id='word_1_412' title='bbox 1277 2799 1431 2832; x_wconf 80' lang='lat' dir='ltr'>audacter</span> <span class='ocrx_word' id='word_1_413' title='bbox 1442 2805 1477 2833; x_wconf 80' lang='lat' dir='ltr'>et</span> <span class='ocrx_word' id='word_1_414' title='bbox 1486 2800 1628 2832; x_wconf 79' lang='lat' dir='ltr'>fortiter:</span> <span class='ocrx_word' id='word_1_415' title='bbox 1645 2799 1701 2831; x_wconf 68' lang='lat' dir='ltr'>ud</span> 
     </span>
    </p>
   </div>
   <div class='ocr_carea' id='block_1_5' title="bbox 270 2842 1357 2887">
    <p class='ocr_par' dir='ltr' id='par_1_5' title="bbox 270 2842 1357 2887">
     <span class='ocr_line' id='line_1_48' title="bbox 270 2842 1357 2887; baseline -0.005 -8"><span class='ocrx_word' id='word_1_416' title='bbox 270 2848 380 2879; x_wconf 82' lang='lat' dir='ltr'>nescio</span> <span class='ocrx_word' id='word_1_417' title='bbox 395 2847 475 2887; x_wconf 87' lang='lat' dir='ltr'>quid</span> <span class='ocrx_word' id='word_1_418' title='bbox 486 2846 559 2879; x_wconf 80' lang='lat' dir='ltr'>duri</span> <span class='ocrx_word' id='word_1_419' title='bbox 573 2847 671 2882; x_wconf 81' lang='lat' dir='ltr'>inest,</span> <span class='ocrx_word' id='word_1_420' title='bbox 682 2844 878 2884; x_wconf 81' lang='lat' dir='ltr'>tolliturque</span> <span class='ocrx_word' id='word_1_421' title='bbox 890 2853 967 2874; x_wconf 78' lang='lat' dir='ltr'>oon-</span> <span class='ocrx_word' id='word_1_422' title='bbox 1009 2847 1059 2874; x_wconf 79' lang='lat' dir='ltr'>est</span> <span class='ocrx_word' id='word_1_423' title='bbox 1073 2847 1187 2875; x_wconf 81' lang='lat' dir='ltr'>tamen</span> <span class='ocrx_word' id='word_1_424' title='bbox 1201 2842 1357 2875; x_wconf 74' lang='lat' dir='ltr'>insolens.</span> 
     </span>
    </p>
   </div>
  </div>
 </body>
</html>
