1817 3196
336 95 415 133 AD
441 92 560 132 SER.
587 91 928 135 SULPICIUM,
956 91 1029 129 ET
1058 90 1338 131 CETEROS.
1497 99 1546 135 93

121 199 266 240 omnia
287 199 464 255 optime,
494 205 552 248 et,
580 211 677 252 quae
709 195 920 246 accident,
951 194 1282 250 qualiacumque
1312 203 1451 246 erunt,
1483 211 1548 238 sa-

154 256 288 297 ienter
324 255 446 296 feres.
507 254 589 295 Sed
628 253 723 294 haec
761 263 805 293 tu
846 253 1010 301 melius,
1044 251 1108 291 vel
1140 253 1305 306 optime
1336 252 1545 294 omnium.

121 268 233 366 Ego,
263 326 359 367 quae
391 311 602 367 pertinere
634 309 685 350 ad
710 319 751 350 te
772 309 1026 365 intelligam,
1060 308 1371 349 studiosissime
1403 310 1548 349 omnia

121 368 533 424 diligentissimeque
554 368 737 419 curab03
770 377 1029 420 tuorumque
1053 366 1298 405 tristissimo
1322 379 1417 405 meo
1442 375 1546 406 tem·
1560 375 1590 404 Ρ·
1608 369 1659 400 52.

122 438 226 479 pore
247 425 495 467 meritorum
517 438 620 480 erga
642 438 710 464 me
732 423 982 465 memoriam
1004 423 1283 463 conservabo.
1344 421 1462 462 Vale.
1560 418 1592 439 ³·

634 511 1036 550 ARGUMENTUM.
1568 518 1617 555 14

121 574 295 612 Plancius
322 576 374 612 bis
405 575 579 616 Ciceroni,
609 581 643 612 et
663 578 706 612 de
728 580 941 624 recuperata
956 587 1022 623 per
1043 575 1216 610 Caesarem
1235 576 1425 622 dignitate,
1455 579 1488 610 et
1509 576 1554 611 de

169 629 307 675 nuptiis
338 640 416 664 eum
447 630 599 676 virgine,
636 630 784 664 dimissa
822 628 990 663 Terentia
1024 628 1138 667 initis,
1174 628 1382 674 gratulatus
1405 625 1550 675 fuerat.

177 677 346 727 Utrisque
365 681 497 716 litteris
517 693 590 716 uua
609 681 761 729 epistola
786 680 974 727 respondet
997 678 1141 714 Cicero:
1168 679 1361 726 prioribus,
1392 691 1463 714 non
1480 691 1553 715 esse

164 733 362 778 pristinam
390 733 620 780 dignitatem,
653 744 762 780 quam
791 735 998 779 receperat:
1029 731 1165 770 alteris,
1197 743 1275 779 qua>
1304 742 1411 766 causa
1429 730 1553 780 fuerit

169 784 254 819 novi
273 784 415 820 consilii
432 785 589 821 ineundi.
651 784 807 820 Tandem
825 783 966 819 solatur
986 783 1180 818 Plancium
1199 784 1430 823 exsulantem,
1452 785 1554 831 eique

169 834 276 877 nihil,
294 842 426 883 praeter
445 848 664 872 communem
682 837 941 876 calamitatem,
963 836 1162 871 timendum
1181 846 1253 871 esse
1271 835 1470 886 confirmat,
1497 837 1555 871 cui

169 897 237 922 sua
255 888 407 936 denique
424 888 544 936 officia
557 889 763 937 pollicetur.

432 955 500 996 M.
523 954 573 996 T.
599 954 650 997 C.
675 955 719 996 S.
746 954 802 996 D.
828 954 928 997 CN.
954 953 1245 997 PLANCIO.

126 1006 324 1063 BINAS
358 1037 383 1063 a
414 1032 456 1064 te
486 1023 634 1079 accepi
667 1023 845 1074 litteras,
878 1022 1083 1078 Corcyrae
1115 1023 1261 1065 datas:
1293 1036 1472 1078 quarum
1497 1021 1558 1063 al·

125 1079 225 1118 teris
248 1079 353 1120 mihi
377 1080 663 1136 gratulabare,
692 1081 807 1135 quod
831 1080 1036 1131 audisses,
1063 1095 1132 1121 me
1162 1094 1300 1121 meam
1331 1080 1557 1135 pristinam

123 1133 381 1190 dignitatem
404 1137 623 1189 obtinere3
654 1137 797 1178 alteris
819 1137 992 1178 dicebas
1015 1146 1056 1178 te
1081 1137 1200 1188 velle,
1230 1152 1327 1192 quae
1357 1138 1556 1193 egissem,

123 1191 234 1233 bene
255 1202 298 1233 et
320 1193 503 1235 feliciter
523 1195 709 1235 evenire.
772 1193 867 1249 Ego
889 1202 1049 1244 autem,
1080 1194 1113 1233 si
1142 1194 1330 1249 dignitas
1352 1204 1418 1234 est
1449 1195 1558 1234 bene

124 1247 178 1289 de
211 1251 431 1305 republica
461 1251 631 1301 sentire,
661 1260 705 1290 et
736 1250 860 1291 bonis
884 1249 983 1291 viris
1016 1251 1197 1305 probare
1228 1250 1342 1305 quod
1374 1250 1557 1302 sentias3

123 1306 300 1347 obtineo
321 1306 579 1362 dignitatem
609 1321 765 1348 meam.
797 1306 862 1347 sin
885 1315 1027 1347 autem
1050 1309 1091 1338 45
1106 1308 1148 1347 in
1178 1321 1229 1348 eo
1256 1307 1445 1362 dignitas
1477 1316 1558 1358 est,

125 1362 174 1414 si,
206 1363 321 1418 quod
346 1364 518 1416 sentias,
549 1372 624 1405 aut
654 1378 698 1404 re
728 1364 898 1405 efficere
928 1363 1081 1420 possis,
1111 1373 1185 1404 aut
1217 1364 1401 1420 denique
1422 1363 1558 1405 libera

123 1423 320 1461 oratione
349 1419 602 1463 defendere:
635 1435 688 1461 ne
721 1422 951 1477 vestigium
988 1421 1160 1476 quidem
1196 1421 1327 1462 ullum
1358 1429 1424 1462 est
1460 1420 1558 1462 reli-

121 1473 257 1532 'quum
300 1479 426 1519 nobis
463 1478 720 1534 dignitatis;
767 1480 996 1535 agiturque
1036 1477 1253 1534 praeclare,
1292 1479 1326 1519 si
1367 1487 1557 1519 nosmet·

124 1534 242 1589 ipsos
264 1547 411 1590 regere
438 1549 679 1590 possumuS,
701 1543 750 1576 ut
770 1550 835 1585 ea,
857 1549 954 1589 quae
978 1536 1132 1590 partim
1149 1536 1244 1590 jam
1267 1535 1436 1586 adsunt,
1460 1549 1556 1592 par-

123 1588 203 1631 'tim
242 1590 508 1647 impendent,
545 1593 764 1633 moderate
800 1592 1008 1634 feramus:
1051 1593 1166 1647 quod
1199 1602 1265 1633 est
1296 1592 1472 1633 difficile
1510 1593 1555 1634 in

123 1647 334 1702 ejusmodi
360 1648 485 1700 bello,
516 1649 639 1704 cujus
661 1650 804 1692 exitus
826 1663 880 1690 ex
908 1648 1041 1690 altera
1069 1658 1190 1705 parte
1216 1649 1380 1690 caedem
1410 1646 1554 1690 ostenss

124 1714 201 1755 tat,
233 1719 288 1745 ex
319 1705 452 1746 altera
485 1706 771 1761 servitutem„
814 1706 916 1752 Quo
947 1706 991 1746 in
1028 1705 1220 1762 periculo
1254 1706 1453 1747 nonnihil
1484 1720 1554 1747 me

124 1761 385 1814 consolatur,
417 1777 516 1804 cum
551 1763 766 1814 recordor,
797 1762 893 1804 haec
926 1775 996 1803 me
1028 1773 1119 1805 tum
1153 1763 1324 1814 vidisse,
1358 1778 1457 1805 cum
1488 1777 1555 1804 se·-

123 1819 285 1860 cundas
307 1819 437 1860 etiam
468 1834 533 1861 res
561 1829 741 1872 nostras,
770 1834 858 1862 non
889 1819 1018 1860 modo
1048 1820 1246 1861 adversas
1277 1821 1555 1876 pertimesce-

124 1874 239 1927 bam,
260 1876 302 1907 46
316 1877 616 1933 videbamque,
637 1886 800 1934 quanto
825 1877 1014 1932 periculo
1035 1878 1089 1918 de
1103 1877 1203 1933 jure
1225 1878 1400 1933 publico
1416 1879 1554 1920 disce-

122 1942 318 1989 ptaretur
338 1934 480 1976 armis.
504 1935 677 1990 quibus,
692 1935 727 1976 si
744 1934 947 1976 vicissent
965 1934 1010 1986 ii,
1027 1935 1079 1975 ad
1099 1949 1206 1990 quos
1225 1949 1307 1991 ego
1329 1937 1444 1991 pacis
1463 1949 1555 1992 spe,

124 2003 211 2031 non
235 1990 334 2031 belli
355 1991 594 2048 cupiditate
615 1992 825 2034 adductus
848 2006 1134 2044 accesseram3
1168 2001 1310 2032 tamen
1343 1993 1557 2049 intellige-

125 2046 240 2099 bam,
261 2057 304 2089 et
325 2048 531 2090 iratorum
553 2048 793 2100 hominum,
822 2058 866 2089 et
887 2050 1158 2104 cupidorum,
1189 2058 1234 2089 et
1263 2049 1555 2102 insolentium,

124 2110 254 2159 quam
275 2105 458 2147 crudelis
480 2115 590 2146 esset
612 2106 758 2147 futura
781 2106 984 2148 victoria:
1018 2107 1082 2147 sin
1105 2115 1248 2147 autem
1274 2106 1376 2147 victi
1398 2116 1556 2159 essent,

124 2170 310 2215 quantus
339 2162 536 2204 interitus
566 2173 676 2204 esset
699 2163 868 2204 futurus
890 2163 1066 2214 civium,
1090 2163 1246 2219 partim
1269 2164 1556 2219 amplissimo-

127 2231 235 2268 rum,
260 2220 414 2274 partim
447 2220 576 2260 etiam
605 2221 897 2276 optimorum3
929 2220 1001 2275 qni
1024 2234 1092 2260 me
1115 2219 1210 2261 haec
1232 2221 1556 2276 praedicentem,

127 2284 258 2330 atque
278 2277 442 2331 optime
463 2276 758 2318 consulentem
780 2277 903 2317 saluti
929 2292 1032 2328 suae,
1054 2277 1272 2318 malebant
1295 2277 1477 2319 nimium
1501 2279 1561 2319 ti-

128 2331 309 2383 midum,
341 2347 470 2387 quam
508 2334 609 2374 satis
644 2334 897 2390 prudentem
932 2334 1185 2375 existimari.
1247 2334 1377 2381 Quod
1411 2345 1556 2376 autem

128 2388 235 2429 mihi
258 2389 310 2429 de
331 2403 397 2440 eo,
420 2391 533 2444 quod
557 2392 734 2446 egerim,
756 2390 1007 2447 gratularis;
1032 2401 1073 2432 te
1094 2392 1155 2432 ita
1177 2391 1283 2432 velle
1301 2402 1419 2434 certo
1443 2393 1554 2434 scio:

128 2445 201 2486 sed
233 2460 316 2501 ego
348 2456 434 2487 tam
466 2448 620 2489 misero
653 2457 845 2504 tempore
876 2448 983 2490 nihil
1017 2449 1118 2490 novi
1140 2449 1309 2489 consilii
1332 2451 1557 2506 cepissem,

128 2502 210 2544 nisi
245 2503 288 2544 in
321 2503 458 2545 reditu
494 2519 592 2546 meo
624 2505 759 2546 nihilo
790 2504 986 2546 meliores
1017 2520 1082 2547 res
1117 2505 1390 2558 domesticas,
1426 2520 1556 2562 quam
1618 2521 1621 2523 ·

170 2618 211 2647 45
232 2617 269 2647 in
282 2627 316 2648 eo
331 2618 477 2657 dignitas
490 2622 547 2656 est,
563 2620 591 2649 si
610 2619 696 2659 quod
705 2619 826 2650 sentias
865 2623 906 2650 ut
920 2623 955 2650 et
970 2620 1034 2651 Ms.
1057 2624 1179 2651 noster.
1213 2619 1259 2651 At
1274 2619 1335 2653 Gu.
1351 2624 1382 2652 2.
1399 2619 1497 2661 plane
1512 2619 1570 2654 sic,

129 2657 201 2697 &c.]
229 2658 310 2690 Haec
332 2661 378 2690 sic
399 2663 581 2692 constituta
603 2666 682 2691 sunt
702 2661 783 2691 bene
806 2672 826 2692 a
869 2666 907 2692 ut
922 2662 1093 2693 edidimus.

130 2699 268 2731 Graevio.
311 2702 419 2742 Vulgo
434 2704 465 2733 d.
481 2713 509 2734 e.
523 2703 607 2743 quod
617 2704 750 2740 sentias,
767 2707 827 2733 aut
910 2705 953 2735 46
984 2704 1206 2745 videbamque]
1243 2704 1295 2736 Sic
1324 2704 1404 2735 Mss.
1433 2707 1467 2734 et
1494 2703 1569 2736 edd.

131 2750 168 2771 re
181 2740 317 2782 efficere,
330 2746 358 2774 si
365 2746 478 2784 possis.
495 2756 554 2775 nec
565 2746 671 2785 ipsum
687 2746 827 2782 malum,
870 2755 994 2777 omnes.
1040 2748 1079 2777 ln
1095 2747 1293 2779 Gruteriana
1308 2757 1385 2779 casu
1408 2756 1468 2787 que
1481 2747 1570 2777 vide-

133 2782 188 2828 sed
211 2784 292 2815 illud
317 2793 430 2817 tamen
455 2787 582 2818 melius.
616 2787 700 2818 Edd.
723 2792 829 2818 veter-
871 2793 928 2820 tur
941 2789 1105 2821 excidisse.

134 2832 223 2855 rime
237 2825 322 2859 fere:
346 2828 430 2870 quod
445 2830 566 2861 sentias
586 2828 712 2872 efficere
725 2838 830 2871 posse,
