1817 3196
141 687 173 718 p.
189 681 240 710 83.

231 744 325 786 'spe
347 731 493 773 salutis
512 733 725 780 orbatum,
749 730 820 771 sed
853 740 898 770 ut
919 744 1031 779 eum,
1055 730 1106 770 de
1127 729 1251 784 cujus
1273 730 1567 771 incolumitate
1590 745 1675 771 non

252 65 323 98 132
631 61 810 100 EPIST.
837 61 1021 100 LIBER
1048 61 1276 100 SEXTUS

241 163 485 219 junctione,
498 165 642 207 deesse
664 181 749 207 non
764 166 914 208 debet:
940 166 1010 207 sed
1025 175 1164 207 tamen
1180 179 1342 216 vereor,
1359 179 1411 206 ne
1432 165 1668 208 litterarum

248 236 274 261 a
295 235 362 262 me
383 222 572 263 officium
595 224 808 278 requiras3
839 238 942 278 quas
979 223 1057 263 tibi
1090 232 1134 264 et
1159 223 1252 278 jam
1288 222 1449 278 pridem
1483 230 1526 262 et
1556 236 1669 278 saepe

246 278 473 330 misissem,
506 279 586 320 nisi
617 280 811 335 quotidie
852 280 1001 320 melius
1030 289 1299 335 exspectans,
1339 278 1669 334 gratulationem

245 349 376 388 quam
396 335 766 377 confirmationem
776 336 906 376 animi
920 336 982 376 tui
997 335 1223 392 complecti
1247 335 1398 376 litteris
1415 334 1671 376 maluissem.

250 390 394 442 Nunc,
419 402 466 432 ut
487 407 626 448 spero,
648 392 766 433 brevi
795 391 1118 447 gratulabimur.
1179 391 1332 446 Itaque
1360 392 1402 432 in
1425 391 1539 432 aliud
1565 400 1671 432 tem-

247 462 327 502 pus
364 449 405 490 id
444 461 744 505 argumentum
773 447 965 502 epistolae
996 447 1162 488 differo.
1226 448 1308 489 His
1346 458 1487 488 autem
1520 447 1673 488 litteris

247 504 437 546 animum
459 515 596 555 tuum,
617 518 744 559 quem
771 504 946 544 minime
979 503 1235 544 imbecillem
1269 519 1360 544 esse
1393 513 1437 545 et
1472 504 1600 545 audio
1632 513 1676 545 et

249 575 387 616 spero,
419 562 498 602 etsi
520 576 606 602 non
629 560 946 617 sapientissimi,
976 570 1020 600 at
1052 559 1298 600 amicissimi
1322 561 1507 602 hominis
1529 568 1678 602 aucto-

249 619 390 668 ritate,
412 618 752 659 confirmandum
784 617 913 658 etiam
947 626 1075 671 atque
1096 616 1225 657 etiam
1250 625 1378 671 puto:
1410 632 1488 658 nec
1510 618 1560 658 iis
1583 617 1678 672 qui-

252 674 349 715 dem
372 676 527 726 verbis,
555 676 711 730 quibus
746 684 786 714 te
819 673 1012 714 consoler
1042 682 1090 714 ut
1121 672 1344 723 afflictum,
1373 682 1417 714 et
1442 674 1534 728 jam
1558 674 1675 715 omni

248 788 343 843 plus
364 789 573 837 dubitem,
594 802 723 843 quam
747 797 788 828 te
810 788 984 828 memini
1009 786 1206 827 dubitare
1227 786 1280 826 de
1302 800 1411 826 mea.
1445 787 1557 827 Nam
1579 802 1677 828 cum

248 859 318 885 me
349 859 403 885 ex
437 844 657 900 republica
687 843 954 900 expulissent
986 843 1030 893 ii,
1052 846 1092 874 20
1105 845 1178 897 qui
1214 842 1329 883 illam
1358 842 1507 883 cadere
1539 857 1678 898 posse,

249 911 389 942 stante
414 915 495 952 me,
515 916 599 942 non
624 909 853 957 putarunt:
885 900 1076 949 memini,
1099 913 1167 939 me
1188 913 1241 939 ex
1257 898 1402 940 multis
1422 898 1680 954 hospitibus,

249 958 322 1013 qui
346 959 399 999 ad
423 972 490 999 me
507 972 561 999 ex
584 957 702 1008 Asia,
737 957 781 998 in
812 971 898 1011 qua
925 966 972 997 tu
1003 970 1109 1006 eras,
1142 964 1358 1006 venerant,
1380 956 1540 1006 audire,
1566 964 1607 996 te
1628 956 1681 997 de

251 1014 438 1071 glorioso
461 1014 646 1056 et-celeri
670 1013 807 1054 reditu
832 1027 927 1054 meo
949 1012 1218 1053 confirmare.
1279 1012 1322 1052 Si
1359 1021 1400 1052 te
1432 1012 1541 1053 ratio
1563 1026 1682 1067 quae-

250 1072 349 1112 dam
375 1071 567 1113 Etruseae
589 1070 844 1126 disciplinae,
877 1083 1004 1124 quarn
1042 1083 1069 1109 a
1098 1077 1235 1123 patre,
1265 1067 1534 1110 nobilissimo
1554 1078 1682 1124 atque

248 1130 416 1184 optimo
439 1129 545 1179 viro,
566 1141 806 1183 acceperaS‚
840 1141 926 1168 non
960 1125 1132 1166 fefellit:
1164 1139 1219 1166 ne
1242 1139 1321 1165 nos
1342 1125 1515 1179 quidem
1537 1135 1683 1166 nostra

247 1185 458 1227 divinatio
492 1185 632 1226 fallet:
665 1198 793 1239 quam
823 1197 923 1224 cum
945 1182 1358 1238 sapientissimorum
1381 1181 1569 1223 virorum
1592 1195 1683 1222 mo·-

247 1243 464 1283 numentis
496 1252 624 1297 atque
644 1240 886 1297 praeceptiS,
908 1239 1193 1295 plurimoque,
1214 1247 1263 1278 ut
1285 1246 1330 1278 tu
1354 1238 1681 1289 scisydoctrinae

249 1299 406 1350 studio,
430 1309 521 1341 tum
558 1312 717 1354 magno
749 1298 880 1338 etiam
909 1310 987 1337 usu
1025 1295 1260 1336 tractandae
1290 1295 1555 1350 reipublicae,
1592 1310 1682 1335 ma-

249 1369 419 1411 gnaque
454 1365 698 1397 nostrorum
735 1363 978 1409 temporum
1016 1353 1223 1393 varietate
1263 1352 1483 1392 consecuti
1522 1366 1681 1392 sumus.

250 1412 333 1453 Cui
357 1413 532 1468 quidem
553 1410 810 1453 divinationi
834 1410 917 1451 hoc
950 1409 1044 1464 plus
1080 1408 1352 1458 confidimus,
1384 1409 1500 1462 quod
1533 1422 1583 1449 ea
1604 1423 1681 1450 nos

248 1469 373 1519 nihil,
408 1470 452 1510 in
473 1470 539 1509 his
577 1478 666 1509 tam
701 1467 895 1508 obscuris
929 1466 1070 1516 rebrm,
1105 1475 1278 1519 tamque
1301 1465 1560 1519 perturbatis
1590 1480 1683 1506 um-

248 1541 378 1581 quam
401 1526 579 1567 omnino
601 1524 769 1568 fefellit.
819 1523 1036 1572 Dicerem,
1059 1535 1155 1576 quae
1176 1529 1274 1561 ante
1295 1521 1440 1561 futura
1461 1521 1682 1572 dixissem,

248 1584 292 1623 ni
315 1597 495 1634 vererer,
529 1597 582 1623 ne
604 1597 657 1623 ex
691 1580 855 1622 eventis
891 1579 1053 1635 fingere
1078 1578 1255 1618 viderer.
1316 1578 1399 1618 Sed
1424 1586 1567 1618 tamen
1589 1578 1683 1633 plu-

247 1640 345 1680 rimi
369 1649 466 1681 sunt
490 1649 634 1688 testes,
656 1652 724 1679 me
745 1647 788 1678 et
811 1636 949 1686 initio,
983 1649 1036 1676 ne
1068 1634 1352 1690 conjungeret
1385 1648 1429 1674 se
1461 1649 1560 1675 cum
1584 1634 1683 1676 Cae-

249 1710 354 1747 sare,
378 1697 595 1737 monuisse
626 1694 908 1750 Pompeium:
939 1700 984 1733 et
1018 1699 1181 1748 postea,
1212 1705 1267 1731 ne
1297 1690 1556 1746 sejungeret.
1579 1705 1683 1732 con-

241 1753 471 1807 junctione
494 1752 635 1808 frangi
655 1760 825 1792 senatus
854 1763 972 1806 opes,
991 1751 1027 1779 ²1
1043 1748 1333 1803 disjunctione
1366 1747 1492 1788 civile
1524 1747 1683 1788 bellum

248 1810 431 1851 excitari
465 1810 678 1851 videbam.
751 1806 897 1862 Atque
932 1806 1082 1846 utebar
1115 1803 1444 1845 familiarissime
1484 1803 1681 1846 Caesare:

251 1865 510 1923 Pompeium
548 1865 759 1907 faciebam
802 1863 996 1919 plurimi:
1040 1861 1112 1902 sed
1145 1870 1236 1901 erat
1270 1874 1414 1901 meum
1455 1861 1682 1902 consilium

250 1938 349 1965 cum
372 1923 497 1965 fidele
523 1922 748 1977 Pompeio,
780 1929 869 1961 tum
894 1919 1075 1960 salutare
1097 1917 1281 1972 utrique.
1342 1917 1454 1963 Quae
1477 1925 1686 1973 praeterea

251 1980 529 2036 providerim,
551 1990 774 2035 praetereo.
823 1976 937 2018 Nolo
956 1976 1086 2026 enim,
1108 1974 1223 2015 hunc
1244 1973 1297 2014 de
1320 1988 1387 2014 me
1406 1974 1572 2028 optime
1596 1989 1684 2015 me-

252 2038 398 2087 ritum,
434 2037 697 2086 existimare,
730 2049 780 2076 ea
812 2048 879 2074 me
912 2032 1092 2074 suasisse
1127 2030 1352 2086 Pompeio,
1379 2031 1534 2093 quibus
1557 2030 1627 2071 ille
1649 2031 1682 2071 si

232 2095 478 2150 -paruisset,
499 2102 610 2134 esset
630 2093 702 2134 hic
724 2090 897 2147 quidem
929 2089 1066 2131 clarus
1098 2088 1143 2129 in
1165 2097 1270 2143 toga
1290 2096 1333 2127 et
1356 2101 1578 2143 princeps:
1611 2088 1685 2128 sed

253 2161 393 2192 tantas
415 2165 534 2207 opeS‚
555 2159 737 2205 quantas
761 2162 875 2188 nunc
895 2146 1043 2196 habet,
1064 2160 1151 2186 non
1172 2144 1365 2184 haberet.
1420 2143 1619 2184 Eundum
1641 2144 1685 2185 in

253 2207 513 2263 Hispaniam
536 2207 707 2248 censui:
739 2204 854 2260 quod
886 2203 919 2244 si
954 2202 1139 2253 fecisset,
1171 2200 1298 2242 civile
1335 2199 1493 2241 bellum
1522 2200 1685 2242 nullum

251 2265 428 2305 omuino
452 2264 616 2305 fuisset.
675 2265 715 2294 <22
728 2261 959 2302 Rationem
990 2259 1138 2300 haberi
1159 2257 1363 2307 absentis,
1386 2271 1473 2298 non
1498 2267 1584 2298 tam
1609 2271 1685 2312 pu-

251 2321 397 2378 gnavi,
422 2331 468 2361 ut
490 2320 653 2371 liceret,
674 2333 804 2375 quam
827 2328 888 2369 ut,
909 2320 949 2348 23
963 2316 1151 2372 quando,
1174 2315 1266 2370 ipso
1289 2313 1464 2354 consule
1487 2327 1685 2368 pugnan-

293 2453 334 2481 20
366 2451 422 2490 qui
450 2450 546 2480 illam
574 2449 689 2479 cadere
708 2457 810 2488 posse,
833 2452 873 2478 st.
901 2457 946 2477 m.
1030 2447 1070 2477 22
1105 2443 1278 2474 Rationem
1303 2442 1413 2488 haberi
1441 2441 1593 2481 absentis]
1633 2443 1685 2473 An

251 2503 316 2524 non
332 2491 512 2532 putarunt]
539 2490 713 2521 Putarmzt
736 2491 889 2520 vitiosum
912 2494 946 2518 et
988 2487 1108 2518 excidit
1125 2494 1245 2516 nomen
1267 2483 1428 2515 Coesarzs?

251 2540 369 2567 contra
384 2534 586 2565 latinitatem
603 2539 671 2562 est:
697 2531 872 2569 legendum
896 2535 946 2560 est
1032 2531 1071 2559 23
1094 2537 1194 2567 quam
1216 2535 1291 2566 pop.
1308 2524 1473 2572 jusserat]
1500 2524 1573 2555 Hoc
1602 2534 1687 2556 nun-

251 2584 309 2609 aut
329 2580 489 2617 putarent
512 2579 571 2605 aut
585 2578 762 2615 putarant.
784 2573 865 2603 illud
880 2582 947 2603 ma.
989 2579 1087 2610 quam
1102 2578 1214 2600 verum
1230 2577 1298 2598 esse
1313 2565 1446 2613 credidi,
1466 2566 1522 2597 sed
1545 2572 1603 2597 aut
1627 2577 1686 2607 pro

251 2620 321 2651 lim.
989 2621 1090 2652 quum
1105 2609 1278 2650 legendum
1294 2618 1459 2649 quomam,
1475 2609 1615 2648 quando,
1629 2615 1686 2640 aut

293 2665 330 2694 521
355 2657 581 2702 disjunctione]
607 2658 659 2688 Sic
672 2656 743 2687 edd.
764 2666 813 2697 pr.
827 2659 860 2686 et
875 2665 948 2685 con-
981 2653 1140 2694 jussisset.
1167 2652 1270 2692 reperi
1296 2652 1332 2681 in
1355 2651 1418 2681 Ms.
1441 2661 1515 2681 meo
1529 2655 1563 2681 et
1575 2651 1639 2681 Gu.
1657 2654 1688 2683 9.

239 2703 390 2744 jungere
413 2702 451 2733 ac
477 2700 666 2742 disjungere
700 2708 828 2738 semper
862 2697 949 2736 apud
990 2706 1044 2735 qu.
1057 2694 1089 2725 id
1101 2700 1152 2725 est
1166 2694 1306 2733 quando,
1322 2694 1405 2724 etin
1420 2692 1469 2723 ed.
1489 2693 1579 2727 1469.
1599 2695 1687 2726 1471.

251 2746 443 2777 Ciceronem
469 2746 693 2783 opponuntur.
717 2740 813 2771 aliter
835 2739 946 2779 paullo
989 2737 1161 2777 explanate
1184 2736 1336 2775 quando.-
1373 2745 1450 2773 ergo
1476 2734 1539 2765 hoc
1567 2736 1685 2774 recepi.

250 2787 422 2828 dy'ungere
435 2785 567 2823 dicitur,
583 2788 619 2815 ut
634 2782 710 2814 alibi
722 2782 871 2813 diximus.
990 2779 1071 2810 Edd.
1090 2779 1185 2810 Rom.
1205 2777 1290 2809 Med.
1316 2778 1379 2809 Ms.
1404 2776 1495 2808 Gorl.
1520 2777 1586 2807 Gu.
1610 2787 1686 2817 qm-
