1860 3228
237 1401 288 1438 18

308 122 381 156 166
651 119 830 157 EPIST.
860 118 1046 157 LIBER
1081 119 1382 158 SEPTIMUS

303 222 417 264 nisse
435 230 476 263 te
497 222 639 265 credo.
661 204 940 280 posteaquam
962 238 1056 264 mea
1078 231 1241 264 mutata
1262 223 1371 264 ratio
1392 228 1471 272 est,
1491 235 1589 262 cum
1615 221 1731 262 vide-

304 294 409 331 rem,
423 294 490 321 me
507 295 532 321 a
549 279 720 322 Caesare
740 281 1168 323 bonorificentissime
1186 280 1371 329 tractari,
1390 289 1433 320 et
1452 278 1575 319 unice
1593 277 1731 334 diligi,

306 336 578 393 hominisque
601 338 900 379 liberalitatem
931 337 1222 378 incredibilem
1249 348 1291 377 et
1318 335 1575 391 singularem
1604 334 1732 375 fidem

307 408 472 435 nossem
494 411 502 435 :
525 395 585 435 sic
603 395 642 436 ei
666 406 707 436 te
725 395 1022 436 commendavi
1046 405 1089 434 et
1108 395 1278 444 tradidi,
1301 404 1348 434 ut
1365 393 1615 449 gravissime
1636 390 1733 432 dili-

307 452 639 506 gentissimeque
662 453 798 507 potui.
857 455 895 481 58
914 451 1041 496 Quod
1067 450 1134 491 ille
1153 451 1213 490 ita
1233 451 1424 506 accepit;
1455 460 1497 489 et
1520 448 1626 489 mihi
1654 462 1733 488 sae-

310 521 361 564 pe
383 508 534 549 litteris
556 508 833 562 significavit,
862 517 906 548 et
939 507 1017 547 tibi
1048 518 1090 546 et
1117 507 1253 548 verbis
1283 516 1325 547 et
1349 522 1391 548 re
1413 506 1616 556 ostendit,
1638 518 1734 545 mea

283 565 679 606 ,commendatione
709 579 798 605 sese
830 563 950 604 valde
979 577 1069 604 esse
1099 572 1378 604 commotum.
1441 563 1572 603 Hunc
1603 572 1649 602 tu
1674 560 1735 602 vi-

304 635 398 662 rum
420 631 585 672 nactuS,
609 622 640 661 si
663 636 729 662 me
746 631 821 662 aut
842 635 989 676 sapere
1005 620 1180 675 aliquid,
1203 629 1277 659 aut
1295 621 1400 661 velle
1419 629 1491 660 tua
1511 634 1640 661 causa
1657 631 1736 674 pu-

305 688 384 730 tas,
405 692 458 719 ne
478 678 713 719 dimiseris:
746 688 803 729 et,
825 679 859 718 si
881 692 965 732 qua
998 687 1037 717 te
1059 677 1169 718 forte
1201 690 1264 716 res
1287 676 1515 731 aliquando
1545 674 1737 716 offende-

304 735 373 785 rit,
407 750 505 776 cum
540 734 609 776 ilie
644 745 718 775 aut
753 734 1054 790 occupatione,
1082 743 1156 774 aut
1188 732 1441 774 difficultate
1470 733 1631 774 tardior
1654 730 1734 772 tibi

302 792 385 832 erit
408 793 534 839 visus,
555 790 758 847 perferto,
780 801 823 832 et
857 791 1008 831 ultima
1027 800 1302 845 exspectat03
1333 804 1429 844 quae
1461 804 1542 845 ego
1577 790 1656 830 tibi
1690 796 1734 828 et

299 848 494 902 jucunda
515 857 558 888 et
581 848 761 888 honesta
782 848 1012 904 praestabo.
1076 847 1274 888 Pluribus
1306 857 1346 886 te
1369 846 1529 886 hortari
1552 860 1638 886 non
1660 845 1734 886 de-

310 906 402 946 beo.
422 914 587 945 tantum
608 919 776 956 moneo,
799 919 937 960 neque
958 904 1161 945 amicitiae
1181 902 1487 944 confirmandae
1510 901 1734 943 clarissimi

306 977 356 1003 ac
385 961 669 1003 liberalissimi
690 961 782 1011 viri,
806 975 944 1016 neque
974 961 1181 1002 uberioris
1205 959 1454 1016 provinciae,
1476 973 1613 1014 neque
1632 968 1737 1000 aeta-

306 1019 360 1059 tis
374 1022 511 1074 magis
531 1019 732 1066 idoneum
752 1028 936 1073 tempus,
951 1019 985 1058 si
1005 1018 1088 1058 hoc
1107 1018 1315 1067 amiseris,
1334 1027 1374 1057 te
1390 1031 1480 1057 esse
1494 1016 1624 1057 ullum
1642 1030 1736 1056 um-

303 1090 432 1131 quam
455 1084 736 1131 reperturum.
769 1075 884 1125 Hoc,
906 1074 1268 1130 quemadmodum
1289 1088 1364 1114 vos
1386 1073 1569 1114 scribere
1590 1072 1735 1113 soletis

304 1133 347 1174 in
372 1133 522 1174 vestris
554 1132 686 1183 libris,
719 1133 832 1174 idem
865 1133 922 1179 Q.
955 1130 1158 1174 Cornelio
1191 1131 1430 1171 videbatur.
1492 1130 1542 1170 In
1564 1130 1737 1170 Britan-

301 1190 416 1231 niam
442 1199 483 1231 te
521 1188 760 1245 profectum
785 1204 869 1230 non
892 1203 983 1230 esse
1016 1189 1198 1244 gaudeo,
1221 1187 1334 1243 quod
1358 1196 1401 1228 et
1430 1186 1576 1228 labore
1598 1186 1737 1227 carui-

301 1248 373 1298 sti,
394 1256 437 1288 et
456 1250 495 1282 59
508 1260 591 1302 ego
612 1255 652 1287 te
674 1247 726 1287 de
749 1247 873 1287 rebus
893 1246 973 1287 illis
997 1261 1082 1286 non
1105 1245 1290 1286 audiam.
1357 1244 1440 1285 Ubi
1464 1244 1519 1284 sis
1536 1243 1737 1284 hiberna-

302 1313 436 1356 turus,
457 1312 501 1344 et
522 1318 607 1359 qua
628 1318 717 1360 spe,
739 1312 814 1345 aut
835 1303 1099 1353 conditione,
1123 1301 1361 1358 perscribas
1385 1301 1436 1342 ad
1461 1315 1528 1342 me
1552 1300 1695 1341 velim.

817 1391 1220 1430 ARGUMENTUM.

303 1456 453 1494 Laudat
470 1457 711 1492 constantiam
735 1455 908 1497 Trebatii,
929 1456 991 1503 qui
1006 1466 1218 1503 permanere
1236 1456 1274 1489 in
1288 1455 1480 1501 provincia
1499 1454 1597 1501 apud
1617 1453 1733 1489 Caesa-

353 1521 429 1544 rem
447 1509 694 1544 constituerat.
712 1507 868 1543 Jocatur
887 1510 924 1544 in
942 1505 1016 1554 ejus
1031 1507 1269 1555 parsimonia,
1289 1507 1375 1555 quia
1393 1507 1588 1553 scripserat
1612 1507 1649 1541 in
1663 1517 1733 1554 pa-

356 1562 550 1609 limpsesto.

642 1609 877 1652 CICERO
908 1608 1223 1650 TREBATIO
1255 1608 1299 1650 S.
1337 1607 1393 1650 D.

300 1669 543 1721 ACCEPI
568 1693 593 1718 a
611 1686 652 1719 te
672 1678 837 1734 aliquot
855 1677 1058 1733 epistolas
1079 1692 1162 1718 uno
1184 1686 1390 1732 tempore,
1408 1690 1513 1731 quas
1533 1684 1578 1717 tu
1594 1675 1736 1717 diver-

301 1737 358 1777 sis
397 1735 662 1791 temporibus
693 1735 897 1776 dederas:
931 1735 972 1774 in
1003 1734 1158 1788 quibus
1190 1748 1257 1774 ine
1288 1742 1428 1774 cetera
1450 1733 1733 1774 delectarunt.

303 1793 621 1849 Significabant
658 1793 788 1842 enim,
825 1801 867 1832 te
907 1792 1031 1832 istam
1067 1791 1263 1831 militiam
1293 1790 1385 1846 jam
1426 1789 1550 1830 firmo
1588 1790 1734 1831 animo

302 1849 425 1901 ferre,
447 1858 491 1890 et
511 1864 602 1890 esse
626 1848 782 1890 fortem
809 1849 943 1889 virum
967 1859 1010 1888 et
1031 1857 1317 1888 constantem.
1379 1846 1488 1893 Quae
1511 1861 1593 1903 ego
1614 1846 1734 1902 paul-

301 1907 430 1963 lisper
453 1907 496 1948 in
522 1918 563 1947 te
585 1907 646 1946 ita
666 1906 918 1955 desideravi,
949 1920 1032 1945 non
1065 1904 1359 1945 imbecillitate
1386 1903 1517 1944 animi
1551 1904 1629 1954 tui,
1660 1903 1734 1945 sed

301 1964 456 2020 magis,
499 1972 546 2004 ut
587 1963 797 2004 desiderio
840 1963 972 2003 nostri
1019 1971 1058 2002 te
1097 1971 1277 2002 aestuare
1316 1969 1524 2016 putarem.
1586 1961 1733 2007 Quare

302 2036 448 2078 perge,
473 2030 519 2061 ut
540 2021 742 2076 coepisti:
768 2019 865 2061 forti
892 2020 1035 2060 animo
1060 2019 1183 2059 istam
1210 2018 1342 2059 tolera
1364 2017 1578 2058 militiam.
1613 2017 1734 2058 Mul-

304 2088 362 2129 ta,
384 2077 490 2119 mihi
512 2077 652 2127 crede,
674 2091 911 2132 assequere.
966 2075 1060 2132 Ego
1083 2076 1197 2116 enim
1219 2075 1436 2116 renovabo
1459 2075 1735 2115 commenda-

305 2136 491 2177 tionem:
526 2134 597 2175 sed
636 2144 843 2190 tempore.
904 2134 976 2174 Sic
1010 2134 1181 2183 habeto,
1214 2147 1297 2173 non
1332 2131 1411 2172 tibi
1449 2131 1603 2186 majori
1643 2145 1735 2172 esse

303 2207 434 2244 curae,
460 2201 507 2233 ut
527 2192 607 2232 iste
627 2200 724 2232 tuus
747 2206 771 2232 a
793 2205 861 2231 me
882 2190 1092 2232 discessus
1114 2204 1241 2245 quam
1265 2188 1631 2230 fructuosissimus
1655 2188 1734 2229 tibi

305 2249 375 2300 sit,
406 2263 535 2305 quam
565 2248 688 2289 mihi.
750 2247 917 2302 Itaque,
940 2247 1112 2302 quando
1135 2256 1287 2287 vestrae
1310 2246 1531 2287 cautiones
1553 2245 1735 2286 infirmae

306 2315 421 2358 sunt,
441 2305 482 2337 ⁶0
495 2304 741 2348 Graeculam
762 2305 840 2346 tibi
860 2305 956 2346 misi
973 2305 1218 2346 cautionem
1238 2302 1515 2359 chirographi
1538 2302 1636 2343 mei.
1668 2301 1735 2343 Tu

302 2435 457 2474 gitimum
470 2435 505 2465 in
524 2435 586 2466 hac
607 2445 640 2465 re
656 2436 790 2465 verbum
807 2439 856 2465 est
873 2435 995 2465 detule·
1039 2434 1092 2464 hic
1108 2439 1185 2464 ante
1197 2443 1248 2463 me
1260 2442 1358 2469 unus,
1371 2438 1409 2461 ut
1419 2431 1523 2467 video,
1537 2430 1734 2461 Lambinus:

301 2477 388 2506 rim.-
415 2483 451 2508 et
471 2477 516 2508 sic
539 2477 731 2508 Ciceronem
753 2477 915 2517 scripsisse
931 2486 997 2506 non
1038 2476 1094 2506 sed
1108 2476 1163 2506 ille
1185 2476 1338 2511 correxit,
1353 2474 1452 2514 Quod
1463 2474 1518 2502 ille
1531 2475 1581 2502 ita
1603 2474 1738 2512 accepit,

303 2519 430 2549 dubito.
1038 2517 1316 2558 iit—significarit
1336 2520 1366 2546 et
1388 2515 1572 2546 ostenderit.
1597 2524 1670 2553 quae
1689 2519 1740 2545 est

345 2563 384 2592 58
408 2560 507 2602 Quod
525 2561 580 2590 ille
594 2561 643 2590 ita
665 2565 695 2590 ct
710 2560 846 2599 accepit]
878 2560 1000 2590 Existi·
1042 2569 1120 2590 sane
1133 2559 1282 2598 legitima
1300 2559 1406 2589 forma
1431 2562 1504 2597 post
1526 2558 1576 2586 ita
1602 2558 1736 2597 accepit.

304 2603 406 2639 mavi⁷
419 2607 450 2633 et
473 2602 525 2633 hic
546 2611 614 2633 esse
635 2602 822 2638 delendum,
837 2602 922 2641 qnod
938 2602 1000 2632 hoc
1042 2602 1097 2632 sed
1125 2608 1175 2631 est
1202 2600 1364 2635 audacius,
1394 2603 1510 2630 contra
1537 2597 1637 2628 libros
1664 2603 1735 2630 tam

303 2645 426 2685 accepit
448 2644 530 2675 nihil
545 2644 644 2674 habet
665 2644 908 2684 conjunctionis
924 2654 998 2674 cum
1043 2643 1151 2674 multa
1165 2648 1303 2673 mutare.

304 2687 423 2717 ultimo
438 2697 511 2719 mea
532 2696 646 2717 comm.
670 2696 734 2716 sese
754 2696 785 2716 v.
808 2695 834 2715 e.
861 2695 998 2716 commo-
1083 2687 1123 2719 59
1145 2694 1172 2715 e.
1193 2689 1217 2715 t.
1233 2685 1272 2714 de
1284 2684 1378 2714 rebus
1389 2684 1411 2713 i.
1427 2693 1490 2712 non
1503 2680 1656 2721 audiam]
1676 2681 1737 2712 Est

302 2732 375 2759 tum
389 2742 397 2758 .·
421 2738 497 2759 nam
515 2728 575 2758 hoc
597 2728 717 2768 pendet
730 2732 864 2758 tantum
886 2739 924 2758 ex
948 2727 998 2758 ul-
1033 2728 1130 2767 jocus
1142 2727 1176 2756 in
1185 2727 1382 2764 jactantiam
1397 2724 1555 2756 Trebatii.

302 2772 393 2801 timis
420 2771 620 2812 significavit
647 2776 682 2801 et
710 2770 855 2800 ostendit.
913 2770 997 2800 Ecce
1083 2770 1124 2800 60
1159 2769 1345 2800 Θνιεοιιίαηι
1371 2768 1552 2798 cautionem
1575 2764 1733 2805 chirogr.]

303 2821 378 2843 vero
393 2812 501 2843 abesse
516 2813 580 2844 vidi
594 2820 669 2854 post
683 2822 702 2843 a
717 2812 780 2842 Ms.
797 2821 882 2849 meo,
893 2812 957 2842 Gu.
968 2814 998 2842 2.
1040 2811 1141 2842 «Iocus
1155 2810 1293 2851 lepidus,
1309 2810 1363 2840 sed
1375 2819 1441 2840 non
1454 2809 1534 2840 satis
1548 2807 1738 2838 intellectus

302 2858 338 2885 et
364 2854 415 2886 ed.
442 2855 541 2886 Rom.
587 2856 702 2895 Itaque
727 2853 844 2885 delevi.
892 2853 1000 2885 Haesit
1042 2854 1176 2894 optimis
1204 2852 1450 2893 interpretibus.
1494 2851 1581 2892 Quia
1603 2850 1737 2890 jocatur
