1865 3223
409 93 486 130 AD
513 91 820 131 CONSULES
848 92 920 130 ET
947 93 1225 132 CETEROS.
1461 98 1537 133 382>

117 195 230 236 enim
261 209 418 251 magna
450 191 651 252 suspicio,
686 193 884 246 Parthos,
917 195 949 235 si
982 208 1035 235 ex
1071 195 1195 249 Syria
1225 196 1385 252 egredi,
1407 208 1535 252 atque

117 252 349 308 irrumpere
384 254 425 294 in
461 265 597 294 meam
623 252 884 306 provinciam
915 262 1185 302 conarentur,
1209 258 1223 287 ῑ
1249 255 1327 293 iter
1358 267 1428 293 eos
1464 269 1535 309 per

117 307 452 364 Cappadociam,
474 307 585 364 quod
609 321 658 348 ea
679 309 866 349 maxime
891 318 1068 364 pateret,
1089 322 1179 348 esse
1204 307 1404 350 facturos.
1447 309 1534 350 lta-

147 379 196 405 ue
216 380 312 406 cum
349 366 539 407 exercitu
574 379 648 420 per
687 363 978 421 Cappadociae
1003 375 1165 420 partem
1186 378 1295 413 eam,
1317 380 1411 418 quac
1436 381 1532 407 cum

114 378 269 464 anicia
289 423 510 464 continens
532 432 612 472 est,
635 422 716 462 iter
737 421 835 472 feci,
858 432 1080 475 castraque
1101 421 1153 462 ad
1178 420 1396 476 Cybistra,
1419 424 1532 476 quod

113 478 319 532 oppidum
349 487 413 519 est
450 478 501 520 ad
536 489 725 519 montem
761 478 964 528 Taurum,
998 478 1166 519 locavi:
1207 487 1254 518 ut
1285 477 1533 526 Artuastles,

112 547 186 574 rex
218 534 460 585 Armenius,
482 549 754 590 quocumque
785 536 927 576 animo
958 545 1082 584 esset,
1106 535 1247 584 sciret,
1271 549 1352 574 non
1390 536 1534 588 procul

112 604 136 629 a
167 592 252 632 suis
284 591 440 632 finibus
471 593 707 633 exercitum
740 593 886 648 populi
914 592 1097 632 Romani
1131 605 1248 632 esse:
1281 600 1323 632 ct
1360 590 1534 632 Deiota-

111 661 219 696 rum,
259 647 551 689 fidelissimum
589 663 730 704 regem
765 659 893 703 atque
935 649 1239 689 amicissimum
1285 648 1532 703 reipublicae

106 713 263 744 nostras
289 705 475 746 maxime
505 706 786 760 conjunctum
818 705 1034 755 haberem,
1057 704 1179 760 cujus
1216 716 1258 745 et
1291 704 1469 745 consilio
1491 717 1535 745 et

108 760 263 815 opibus
286 762 477 817 adjuvari
502 772 644 818 posset
668 762 923 818 respublica.
976 763 1076 808 Quo
1098 776 1195 802 cum
1216 762 1258 802 in
1279 761 1375 802 loco
1397 773 1537 802 castra.

106 814 323 869 haberem,
352 819 676 875 equitatumque
702 820 742 859 in
778 819 974 860 Ciliciam
1009 819 1233 868 misissem,
1267 829 1314 858 ut
1345 827 1388 858 et
1417 833 1535 860 meus

107 873 316 916 adventus
347 876 398 916 iis
429 876 694 926 civitatibus,
712 891 808 931 quae
833 877 874 916 in
902 891 952 916 ea
981 887 1100 932 parte
1122 885 1275 925 essent,
1298 875 1535 925 nuntiatus,

106 930 315 972 firmiores
337 933 502 973 animos
521 934 713 973 omnium
734 934 919 983 faceret3
941 942 984 972 et
1004 946 1085 988 ego
1110 941 1287 981 mature,
1308 932 1410 987 quid
1433 946 1534 988 age-

105 997 220 1027 retur
240 988 284 1028 in
307 988 444 1044 Syria,
467 990 574 1031 scire
605 1004 798 1046 possem:
835 992 1031 1045 8te1npus
1062 989 1154 1043 ejus
1182 989 1326 1038 tridui,
1348 989 1463 1044 quod
1486 990 1527 1030 in
1545 997 1659 1031 10-242-

105 1042 171 1084 his
192 1046 341 1087 castris
361 1047 572 1095 morabar,
591 1047 634 1087 in
659 1061 817 1102 magno
840 1047 984 1087 officio
1002 1056 1043 1086 et
1066 1045 1304 1086 necessario
1323 1046 1428 1087 mihi
1453 1048 1571 1101 po-a·

103 1101 290 1142 nendum
317 1103 478 1158 putavi.
525 1102 638 1144 Cum
657 1103 771 1143 enim
797 1112 935 1143 vestra
955 1103 1187 1143 auctoritas
1210 1103 1532 1153 intercessisset,

105 1167 152 1198 ut
172 1172 254 1214 ego
278 1174 420 1213 regem
444 1160 793 1210 Ariobarzanem,
820 1158 1014 1200 Euseben
1038 1169 1082 1199 et
1104 1158 1441 1200 Pliiloromaeum
1465 1170 1531 1200 tu-

102 1228 206 1264 erer,
236 1213 413 1271 ejusque
439 1217 550 1272 regis
573 1217 765 1265 salutem,
790 1216 1145 1266 incolumitatem,
1173 1229 1438 1270 regnumque
1460 1216 1532 1265 de-

103 1270 344 1315 fenderem:
372 1274 459 1328 regi
481 1287 698 1328 regnoque
718 1272 918 1327 praesidio
940 1286 1101 1313 essem:
1125 1272 1531 1327 adiunxissetisque,

102 1328 279 1370 salutem
309 1329 401 1384 ejus
438 1329 564 1384 regis,
595 1329 769 1384 populo,
793 1329 1044 1384 senatuique
1076 1343 1244 1384 magnae
1278 1343 1392 1370 curae
1425 1344 1530 1378 esse,

99 1385 213 1438 quod
247 1386 363 1426 nullo
401 1400 604 1441 umquam
636 1387 688 1425 de
721 1400 819 1441 rege
849 1386 1068 1427 decretum
1099 1394 1210 1426 esset
1233 1400 1257 1426 a
1286 1395 1432 1426 nostro
1463 1401 1531 1427 or-

100 1441 224 1483 dine:
256 1443 517 1493 existimavi,
550 1457 618 1482 me
641 1442 856 1496 judicium
886 1452 1073 1483 vestrum
1111 1443 1162 1482 ad
1194 1456 1336 1498 regem
1366 1442 1531 1484 deferre

100 1496 271 1550 debere,
303 1500 427 1554 eique
457 1499 704 1555 praesidium
735 1514 894 1549 meum,
927 1509 972 1539 et
1009 1499 1152 1548 fidem,
1185 1510 1229 1540 et
1260 1499 1530 1554 diligentiam

100 1555 315 1609 polliceri:
337 1566 398 1605 ut,
413 1571 542 1611 quum
564 1555 673 1596 salus
692 1555 842 1611 ipsius,
856 1555 1127 1597 incolumitas
1148 1555 1267 1612 regni
1286 1556 1391 1597 mihi
1411 1571 1530 1597 com-

99 1612 300 1653 mendata
329 1625 440 1653 esset
470 1628 495 1654 a
525 1613 662 1663 vobis,
693 1613 868 1663 diceret,
897 1613 931 1653 si
963 1613 1065 1668 quid
1090 1613 1229 1653 vellet.
1284 1613 1396 1659 Quae
1427 1629 1525 1655 cum

97 1682 230 1710 essem
255 1671 296 1710 in
315 1669 496 1711 consilio
515 1683 611 1710 meo
628 1684 727 1710 cum
745 1683 846 1725 rege
867 1670 1060 1711 locutus:
1085 1670 1209 1710 initio
1233 1669 1301 1710 ille
1320 1671 1526 1711 orationis

98 1739 185 1766 suae
211 1727 330 1768 vobis
361 1726 586 1777 maximas,
617 1736 665 1767 ut
696 1726 862 1777 debuit,
898 1726 1052 1767 deinde
1079 1727 1210 1769 etiam
1239 1726 1343 1768 mihi
1368 1727 1527 1782 gratias

95 1782 204 1836 egit:
253 1783 368 1837 quod
407 1783 445 1824 ei
485 1797 766 1839 permagnum
809 1794 852 1823 et
893 1782 1257 1839 perhonorificum
1290 1783 1526 1831 videbatur,

97 1838 141 1878 S.
167 1837 215 1883 P.
240 1839 296 1886 Q.
323 1839 377 1881 R.
402 1850 532 1881 tantae
558 1854 671 1881 curae
696 1854 787 1880 esse
809 1839 988 1880 salutem
1012 1854 1152 1882 suam:
1185 1854 1338 1895 meque
1363 1849 1526 1882 tantam

93 1894 364 1952 diligentiam
395 1897 614 1948 adhibere,
647 1907 692 1937 ut
723 1908 766 1937 et
797 1911 892 1937 mea
922 1896 1027 1938 fides
1059 1906 1103 1937 et
1136 1897 1525 1938 commendationis

97 1964 248 1994 vestrae
279 1954 512 1994 auctoritas
541 1954 723 2008 perspici
748 1964 905 2009 posset.
965 1954 1110 2009 Atque
1141 1953 1210 1994 ille
1231 1954 1386 2009 primo,
1408 1955 1524 2009 quod

93 2009 201 2050 mihi
226 2011 427 2051 maximae
457 2011 621 2051 laetitiae
648 2009 746 2060 fuit,
769 2011 829 2050 ita
860 2025 1028 2051 mecum
1061 2010 1230 2051 locutus
1253 2021 1331 2061 est,
1356 2020 1402 2051 ut
1431 2011 1524 2052 nul·

92 2065 152 2107 las
185 2067 358 2107 insidias
393 2082 531 2122 neque
561 2067 662 2107 vitae
697 2081 799 2117 suae,
822 2081 959 2122 neque
990 2081 1139 2123 regno,
1169 2067 1345 2118 diceret,
1377 2082 1420 2109 se
1451 2079 1525 2110 aut

92 2123 332 2179 intelligere
355 2124 462 2174 fieri,
485 2133 559 2163 aut
580 2124 707 2164 etiam
735 2124 957 2179 suspicari.
1019 2124 1131 2165 Cum
1161 2138 1245 2180 ego
1276 2125 1313 2164 ei
1337 2126 1525 2180 gratula-

93 2189 162 2221 tus
184 2194 334 2231 essem,
361 2180 488 2235 idque
518 2194 585 2221 me
620 2180 806 2236 gaudere
838 2181 1068 2232 dixissem3
1099 2181 1365 2231 cohortatus,
1391 2191 1437 2223 ut
1460 2197 1523 2223 re-

90 2237 337 2278 cordaretur
360 2240 536 2277 9casum
570 2236 687 2277 illum
725 2237 921 2278 interitus
958 2238 1140 2294 paterni,
1162 2247 1205 2279 et
1229 2238 1455 2294 vigilanter
1479 2254 1522 2281 se

93 2303 296 2344 tueretur,
330 2303 458 2349 atque
490 2293 713 2334 admonitu
751 2303 921 2334 senatus
964 2294 1206 2336 consuleret
1247 2295 1371 2335 saluti
1409 2310 1518 2338 suae:

92 2360 183 2392 tum
202 2366 227 2392 a
247 2365 316 2391 me
334 2351 529 2391 discessit
547 2350 588 2390 in
613 2350 820 2406 oppidum
841 2350 1058 2406 Cybistra.
1103 2350 1282 2394 Postero
1296 2362 1436 2392 autem
1453 2352 1521 2393 die
1533 2359 1564 2389 b.

89 2422 189 2449 cum
212 2407 454 2458 Ariarathe,
477 2406 606 2448 fratre
628 2421 718 2458 suo,
744 2417 787 2447 et
809 2421 907 2448 cum
941 2408 1128 2463 paternis
1155 2410 1319 2457 amicis,
1348 2408 1521 2463 majori-

93 2465 171 2506 bus
193 2474 312 2516 natu‚
344 2464 397 2506 ad
429 2477 496 2506 me
529 2463 572 2504 in
604 2474 744 2506 castra
775 2465 917 2507 venit:
952 2466 1308 2521 perturbatusque
1332 2474 1374 2506 et
1398 2467 1519 2515 flens,

90 2647 93 2650 ,
127 2613 145 2644 7
169 2610 232 2641 iter
244 2620 295 2642 eos
310 2620 373 2651 per
393 2610 439 2650 C.]
466 2620 515 2641 eos
528 2610 656 2641 videtur
670 2609 781 2641 delen·
824 2611 859 2642 in
874 2612 977 2643 tridui
990 2620 1081 2642 error
1094 2611 1207 2641 scriba·
1223 2619 1290 2640 esse
1314 2619 1379 2640 non
1396 2611 1518 2650 potuit,

85 2650 184 2682 dum:
208 2653 410 2692 parenthesis
433 2657 507 2692 post
525 2652 670 2683 Parthos
684 2653 782 2682 nimis
825 2654 859 2684 in
876 2663 1011 2684 numero
1025 2655 1164 2693 quinque
1179 2653 1299 2692 potuit.

85 2694 191 2724 brevis
213 2698 275 2730 est,
297 2704 395 2733 quam
422 2700 459 2724 ut
484 2704 534 2726 eos
557 2694 693 2725 dixerit:
723 2700 782 2724 aut
867 2700 887 2730 9
910 2706 1022 2726 casnm
1037 2696 1189 2724 interitus
1199 2693 1348 2733 paterni]
1367 2694 1453 2734 Quia
1469 2697 1518 2725 in-

83 2735 209 2767 Partlu'
222 2736 440 2767 scribendum.
826 2739 984 2768 tei-fectus
1013 2742 1083 2767 erat
1112 2746 1169 2776 per
1197 2736 1341 2773 insidias,
1365 2747 1439 2767 cum
1466 2748 1519 2767 ex-

125 2780 143 2809 8
174 2782 301 2817 tempus
321 2777 391 2816 ejus
411 2778 530 2818 tridui]
570 2778 631 2819 Ep.
648 2781 679 2810 4.
703 2783 782 2808 sunt
826 2779 956 2818 pulsum
972 2790 989 2809 e
1013 2788 1112 2817 regno
1138 2778 1308 2817 Pompeius
1325 2779 1521 2811 restituisset

73 2821 218 2860 quinque
233 2819 309 2857 dies,
326 2819 410 2851 idem
426 2819 466 2852 ad
481 2822 552 2852 Act.
568 2821 610 2859 V,
628 2823 676 2855 19.
717 2820 780 2850 Sed
824 2821 858 2850 in
872 2821 958 2852 bello
971 2819 1209 2851 Mithridation).

737 2868 856 2904 cc3
1394 2899 1410 2913 ,
