<?xml version="1.0" encoding="UTF-8"?>
<!DOCTYPE html PUBLIC "-//W3C//DTD XHTML 1.0 Transitional//EN"
    "http://www.w3.org/TR/xhtml1/DTD/xhtml1-transitional.dtd">
<html xmlns="http://www.w3.org/1999/xhtml" xml:lang="en" lang="en">
 <head>
  <title>
</title>
<meta http-equiv="Content-Type" content="text/html;charset=utf-8" />
  <meta name='ocr-system' content='tesseract 3.04.00' />
  <meta name='ocr-capabilities' content='ocr_page ocr_carea ocr_par ocr_line ocrx_word'/>
</head>
<body>
  <div class='ocr_page' id='page_1' title='image "./p1operaomnia03ciceuoft_0011.png"; bbox 0 0 1817 3196; ppageno 0'>
   <div class='ocr_carea' id='block_1_1' title="bbox 588 102 1495 147">
    <p class='ocr_par' dir='ltr' id='par_1_1' title="bbox 588 102 1495 147">
     <span class='ocr_line' id='line_1_1' title="bbox 588 102 1495 147; baseline 0 0"><span class='ocrx_word' id='word_1_1' title='bbox 588 102 982 147; x_wconf 89' lang='lat' dir='ltr'><strong>PRAEFATIO.</strong></span> <span class='ocrx_word' id='word_1_2' title='bbox 1464 106 1495 147; x_wconf 75' lang='grc'>’8</span> 
     </span>
    </p>
   </div>
   <div class='ocr_carea' id='block_1_2' title="bbox 67 213 1496 542">
    <p class='ocr_par' dir='ltr' id='par_1_2' title="bbox 67 213 1496 542">
     <span class='ocr_line' id='line_1_2' title="bbox 77 213 1496 274; baseline -0.005 -12"><span class='ocrx_word' id='word_1_3' title='bbox 77 217 274 269; x_wconf 69' lang='grc' dir='ltr'>ιὶαεῑίοἰε,</span> <span class='ocrx_word' id='word_1_4' title='bbox 297 218 387 260; x_wconf 89' lang='lat' dir='ltr'>viro</span> <span class='ocrx_word' id='word_1_5' title='bbox 408 217 613 274; x_wconf 86' lang='lat' dir='ltr'>elegantis</span> <span class='ocrx_word' id='word_1_6' title='bbox 634 226 678 259; x_wconf 88' lang='lat' dir='ltr'>et</span> <span class='ocrx_word' id='word_1_7' title='bbox 698 224 908 259; x_wconf 85' lang='lat' dir='ltr'>accuratae</span> <span class='ocrx_word' id='word_1_8' title='bbox 930 215 1153 258; x_wconf 84' lang='lat' dir='ltr'>doctrinae.</span> <span class='ocrx_word' id='word_1_9' title='bbox 1205 213 1356 255; x_wconf 86' lang='lat' dir='ltr'>Codex</span> <span class='ocrx_word' id='word_1_10' title='bbox 1377 227 1496 255; x_wconf 83' lang='lat' dir='ltr'>meus</span> 
     </span>
     <span class='ocr_line' id='line_1_3' title="bbox 78 280 1495 340; baseline -0.004 -12"><span class='ocrx_word' id='word_1_11' title='bbox 78 286 228 328; x_wconf 90' lang='lat' dir='ltr'>ceteris</span> <span class='ocrx_word' id='word_1_12' title='bbox 242 286 457 340; x_wconf 80' lang='lat' dir='ltr'>antiquior</span> <span class='ocrx_word' id='word_1_13' title='bbox 471 295 549 336; x_wconf 91' lang='lat' dir='ltr'>est,</span> <span class='ocrx_word' id='word_1_14' title='bbox 566 284 711 335; x_wconf 86' lang='lat' dir='ltr'>seculi,</span> <span class='ocrx_word' id='word_1_15' title='bbox 729 294 775 325; x_wconf 90' lang='lat' dir='ltr'>ut</span> <span class='ocrx_word' id='word_1_16' title='bbox 794 285 974 334; x_wconf 91' lang='lat' dir='ltr'>videtur,</span> <span class='ocrx_word' id='word_1_17' title='bbox 993 282 1148 324; x_wconf 84' lang='lat' dir='ltr'>decimi</span> <span class='ocrx_word' id='word_1_18' title='bbox 1167 291 1242 322; x_wconf 87' lang='lat' dir='ltr'>aut</span> <span class='ocrx_word' id='word_1_19' title='bbox 1259 280 1495 323; x_wconf 82' lang='lat' dir='ltr'>undecimi:</span> 
     </span>
     <span class='ocr_line' id='line_1_4' title="bbox 73 347 1494 408; baseline -0.005 -14"><span class='ocrx_word' id='word_1_20' title='bbox 73 352 400 408; x_wconf 84' lang='lat' dir='ltr'>Guelferbytani</span> <span class='ocrx_word' id='word_1_21' title='bbox 445 353 584 408; x_wconf 87' lang='lat' dir='ltr'>paullo</span> <span class='ocrx_word' id='word_1_22' title='bbox 627 352 895 403; x_wconf 83' lang='lat' dir='ltr'>recentiores,</span> <span class='ocrx_word' id='word_1_23' title='bbox 940 349 1204 392; x_wconf 83' lang='lat' dir='ltr'>Gorlicensis</span> <span class='ocrx_word' id='word_1_24' title='bbox 1243 349 1373 390; x_wconf 86' lang='lat' dir='ltr'>etiam</span> <span class='ocrx_word' id='word_1_25' title='bbox 1414 347 1494 399; x_wconf 87' lang='lat' dir='ltr'>his,</span> 
     </span>
     <span class='ocr_line' id='line_1_5' title="bbox 71 414 1496 475; baseline -0.004 -15"><span class='ocrx_word' id='word_1_26' title='bbox 71 420 366 461; x_wconf 86' lang='lat' dir='ltr'>vitiosissimus</span> <span class='ocrx_word' id='word_1_27' title='bbox 391 420 458 460; x_wconf 83' lang='lat' dir='ltr'>ille</span> <span class='ocrx_word' id='word_1_28' title='bbox 478 420 666 475; x_wconf 87' lang='lat' dir='ltr'>quidem,</span> <span class='ocrx_word' id='word_1_29' title='bbox 698 419 770 460; x_wconf 90' lang='lat' dir='ltr'>sed</span> <span class='ocrx_word' id='word_1_30' title='bbox 798 428 940 460; x_wconf 87' lang='lat' dir='ltr'>tamen</span> <span class='ocrx_word' id='word_1_31' title='bbox 968 418 1180 459; x_wconf 85' lang='lat' dir='ltr'>interdum</span> <span class='ocrx_word' id='word_1_32' title='bbox 1211 416 1406 457; x_wconf 83' lang='lat' dir='ltr'>meliores</span> <span class='ocrx_word' id='word_1_33' title='bbox 1435 414 1496 456; x_wconf 91' lang='lat' dir='ltr'>le-</span> 
     </span>
     <span class='ocr_line' id='line_1_6' title="bbox 67 483 1494 542; baseline -0.003 -14"><span class='ocrx_word' id='word_1_34' title='bbox 67 487 230 528; x_wconf 87' lang='lat' dir='ltr'>ctiones</span> <span class='ocrx_word' id='word_1_35' title='bbox 261 501 444 538; x_wconf 77' lang='lat' dir='ltr'>servans,</span> <span class='ocrx_word' id='word_1_36' title='bbox 476 498 549 527; x_wconf 85' lang='lat' dir='ltr'>aut</span> <span class='ocrx_word' id='word_1_37' title='bbox 579 501 721 527; x_wconf 84' lang='lat' dir='ltr'>earum</span> <span class='ocrx_word' id='word_1_38' title='bbox 758 486 938 542; x_wconf 83' lang='lat' dir='ltr'>vestigia</span> <span class='ocrx_word' id='word_1_39' title='bbox 968 485 1168 526; x_wconf 85' lang='lat' dir='ltr'>retinens.</span> <span class='ocrx_word' id='word_1_40' title='bbox 1228 483 1357 524; x_wconf 89' lang='lat' dir='ltr'>Meus</span> <span class='ocrx_word' id='word_1_41' title='bbox 1386 483 1494 524; x_wconf 87' lang='lat' dir='ltr'>liber</span> 
     </span>
    </p>
   </div>
   <div class='ocr_carea' id='block_1_3' title="bbox 0 546 1493 602">
    <p class='ocr_par' dir='ltr' id='par_1_3' title="bbox 0 546 1493 602">
     <span class='ocr_line' id='line_1_7' title="bbox 0 546 1493 602; baseline -0.003 -8"><span class='ocrx_word' id='word_1_42' title='bbox 0 546 1 558; x_wconf 49' lang='lat'>¹</span> <span class='ocrx_word' id='word_1_43' title='bbox 64 564 181 595; x_wconf 85' lang='lat' dir='ltr'>caret</span> <span class='ocrx_word' id='word_1_44' title='bbox 202 555 310 595; x_wconf 86' lang='lat' dir='ltr'>libro</span> <span class='ocrx_word' id='word_1_45' title='bbox 333 565 511 596; x_wconf 86' lang='lat' dir='ltr'>octavo:</span> <span class='ocrx_word' id='word_1_46' title='bbox 543 554 723 595; x_wconf 85' lang='lat' dir='ltr'>subinde</span> <span class='ocrx_word' id='word_1_47' title='bbox 749 564 814 594; x_wconf 86' lang='lat' dir='ltr'>est</span> <span class='ocrx_word' id='word_1_48' title='bbox 844 568 971 594; x_wconf 81' lang='lat' dir='ltr'>manu</span> <span class='ocrx_word' id='word_1_49' title='bbox 994 552 1193 602; x_wconf 85' lang='lat' dir='ltr'>secunda,</span> <span class='ocrx_word' id='word_1_50' title='bbox 1222 565 1300 592; x_wconf 89' lang='lat' dir='ltr'>nec</span> <span class='ocrx_word' id='word_1_51' title='bbox 1321 565 1371 591; x_wconf 84' lang='lat' dir='ltr'>ea</span> <span class='ocrx_word' id='word_1_52' title='bbox 1392 565 1493 602; x_wconf 88' lang='lat' dir='ltr'>una,</span> 
     </span>
    </p>
   </div>
   <div class='ocr_carea' id='block_1_4' title="bbox 62 618 1488 677">
    <p class='ocr_par' dir='ltr' id='par_1_4' title="bbox 62 618 1488 677">
     <span class='ocr_line' id='line_1_8' title="bbox 62 618 1488 677; baseline -0.004 -14"><span class='ocrx_word' id='word_1_53' title='bbox 62 631 276 663; x_wconf 84' lang='lat' dir='ltr'>correctus</span> <span class='ocrx_word' id='word_1_54' title='bbox 291 632 332 662; x_wconf 88' lang='lat' dir='ltr'>et</span> <span class='ocrx_word' id='word_1_55' title='bbox 348 622 641 677; x_wconf 81' lang='lat' dir='ltr'>interpolatus,</span> <span class='ocrx_word' id='word_1_56' title='bbox 659 621 730 661; x_wconf 90' lang='lat' dir='ltr'>sed</span> <span class='ocrx_word' id='word_1_57' title='bbox 750 631 892 662; x_wconf 83' lang='lat' dir='ltr'>tamen</span> <span class='ocrx_word' id='word_1_58' title='bbox 911 620 1099 675; x_wconf 85' lang='lat' dir='ltr'>antiqua,</span> <span class='ocrx_word' id='word_1_59' title='bbox 1119 618 1245 659; x_wconf 79' lang='lat' dir='ltr'>simili</span> <span class='ocrx_word' id='word_1_60' title='bbox 1265 618 1488 674; x_wconf 83' lang='lat' dir='ltr'>scripturae</span> 
     </span>
    </p>
   </div>
   <div class='ocr_carea' id='block_1_5' title="bbox 0 687 1492 807">
    <p class='ocr_par' dir='ltr' id='par_1_5' title="bbox 0 687 1492 807">
     <span class='ocr_line' id='line_1_9' title="bbox 0 687 1492 750; baseline -0.001 -20"><span class='ocrx_word' id='word_1_61' title='bbox 0 702 1 750; x_wconf 35' lang='grc' dir='ltr'>ζ</span> <span class='ocrx_word' id='word_1_62' title='bbox 63 689 192 730; x_wconf 86' lang='lat' dir='ltr'>seculi</span> <span class='ocrx_word' id='word_1_63' title='bbox 219 691 330 730; x_wconf 83' lang='lat' dir='ltr'>tertii</span> <span class='ocrx_word' id='word_1_64' title='bbox 353 690 507 731; x_wconf 85' lang='lat' dir='ltr'>decimi</span> <span class='ocrx_word' id='word_1_65' title='bbox 535 699 608 730; x_wconf 84' lang='lat' dir='ltr'>aut</span> <span class='ocrx_word' id='word_1_66' title='bbox 637 688 791 744; x_wconf 85' lang='lat' dir='ltr'>quarti.</span> <span class='ocrx_word' id='word_1_67' title='bbox 852 689 1008 729; x_wconf 81' lang='lat' dir='ltr'>Graeca</span> <span class='ocrx_word' id='word_1_68' title='bbox 1032 703 1055 729; x_wconf 86' lang='lat' dir='ltr'>a</span> <span class='ocrx_word' id='word_1_69' title='bbox 1086 687 1222 743; x_wconf 88' lang='lat' dir='ltr'>prima</span> <span class='ocrx_word' id='word_1_70' title='bbox 1245 702 1371 728; x_wconf 83' lang='lat' dir='ltr'>manu</span> <span class='ocrx_word' id='word_1_71' title='bbox 1404 701 1492 728; x_wconf 91' lang='lat' dir='ltr'>non</span> 
     </span>
     <span class='ocr_line' id='line_1_10' title="bbox 62 754 1492 807; baseline -0.002 -9"><span class='ocrx_word' id='word_1_72' title='bbox 62 755 208 807; x_wconf 88' lang='lat' dir='ltr'>habet,</span> <span class='ocrx_word' id='word_1_73' title='bbox 222 758 294 798; x_wconf 83' lang='lat' dir='ltr'>sed</span> <span class='ocrx_word' id='word_1_74' title='bbox 314 758 526 799; x_wconf 89' lang='lat' dir='ltr'>interdum</span> <span class='ocrx_word' id='word_1_75' title='bbox 546 767 685 798; x_wconf 81' lang='lat' dir='ltr'>tamen</span> <span class='ocrx_word' id='word_1_76' title='bbox 702 757 848 797; x_wconf 80' lang='lat' dir='ltr'>addita</span> <span class='ocrx_word' id='word_1_77' title='bbox 860 766 957 797; x_wconf 91' lang='lat' dir='ltr'>sunt</span> <span class='ocrx_word' id='word_1_78' title='bbox 974 772 998 796; x_wconf 85' lang='lat' dir='ltr'>a</span> <span class='ocrx_word' id='word_1_79' title='bbox 1016 770 1142 796; x_wconf 84' lang='lat' dir='ltr'>manu</span> <span class='ocrx_word' id='word_1_80' title='bbox 1161 755 1361 806; x_wconf 82' lang='lat' dir='ltr'>secunda,</span> <span class='ocrx_word' id='word_1_81' title='bbox 1378 754 1492 795; x_wconf 85' lang='lat' dir='ltr'>eali·</span> 
     </span>
    </p>
   </div>
   <div class='ocr_carea' id='block_1_6' title="bbox 41 822 1490 2901">
    <p class='ocr_par' dir='ltr' id='par_1_6' title="bbox 55 822 1490 1422">
     <span class='ocr_line' id='line_1_11' title="bbox 63 822 1490 881; baseline -0.001 -17"><span class='ocrx_word' id='word_1_82' title='bbox 63 832 245 866; x_wconf 80' lang='lat' dir='ltr'>terarum</span> <span class='ocrx_word' id='word_1_83' title='bbox 271 826 421 877; x_wconf 81' lang='lat' dir='ltr'>forma,</span> <span class='ocrx_word' id='word_1_84' title='bbox 443 841 538 881; x_wconf 87' lang='lat' dir='ltr'>quae</span> <span class='ocrx_word' id='word_1_85' title='bbox 563 826 657 867; x_wconf 88' lang='lat' dir='ltr'>Sec.</span> <span class='ocrx_word' id='word_1_86' title='bbox 682 823 821 866; x_wconf 92' lang='lat' dir='ltr'>XIII.</span> <span class='ocrx_word' id='word_1_87' title='bbox 843 833 886 865; x_wconf 87' lang='lat' dir='ltr'>ct</span> <span class='ocrx_word' id='word_1_88' title='bbox 909 823 1038 865; x_wconf 90' lang='lat' dir='ltr'><strong>XIV.</strong></span> <span class='ocrx_word' id='word_1_89' title='bbox 1069 823 1165 874; x_wconf 87' lang='lat' dir='ltr'>fuit,</span> <span class='ocrx_word' id='word_1_90' title='bbox 1196 823 1333 865; x_wconf 87' lang='lat' dir='ltr'>mistis</span> <span class='ocrx_word' id='word_1_91' title='bbox 1358 822 1490 863; x_wconf 86' lang='lat' dir='ltr'>literis</span> 
     </span>
     <span class='ocr_line' id='line_1_12' title="bbox 59 890 1488 950; baseline -0.001 -18"><span class='ocrx_word' id='word_1_92' title='bbox 59 892 236 933; x_wconf 85' lang='lat' dir='ltr'>minutis</span> <span class='ocrx_word' id='word_1_93' title='bbox 269 904 310 934; x_wconf 93' lang='lat' dir='ltr'>et</span> <span class='ocrx_word' id='word_1_94' title='bbox 346 895 596 950; x_wconf 77' lang='lat' dir='ltr'>majoribus.</span> <span class='ocrx_word' id='word_1_95' title='bbox 658 894 784 934; x_wconf 90' lang='lat' dir='ltr'>Liber</span> <span class='ocrx_word' id='word_1_96' title='bbox 816 892 1180 947; x_wconf 84' lang='lat' dir='ltr'>Guelferbytanus</span> <span class='ocrx_word' id='word_1_97' title='bbox 1206 890 1382 946; x_wconf 82' lang='lat' dir='ltr'>primus,</span> <span class='ocrx_word' id='word_1_98' title='bbox 1413 890 1488 946; x_wconf 90' lang='lat' dir='ltr'>qui</span> 
     </span>
     <span class='ocr_line' id='line_1_13' title="bbox 59 958 1489 1017; baseline 0 -18"><span class='ocrx_word' id='word_1_99' title='bbox 59 958 162 1000; x_wconf 90' lang='lat' dir='ltr'>olim</span> <span class='ocrx_word' id='word_1_100' title='bbox 187 960 319 1002; x_wconf 88' lang='lat' dir='ltr'>Gudii</span> <span class='ocrx_word' id='word_1_101' title='bbox 343 961 439 1013; x_wconf 86' lang='lat' dir='ltr'>fuit,</span> <span class='ocrx_word' id='word_1_102' title='bbox 469 976 615 1003; x_wconf 89' lang='lat' dir='ltr'>omnes</span> <span class='ocrx_word' id='word_1_103' title='bbox 644 961 775 1002; x_wconf 88' lang='lat' dir='ltr'>libros</span> <span class='ocrx_word' id='word_1_104' title='bbox 797 970 840 1002; x_wconf 90' lang='lat' dir='ltr'>et</span> <span class='ocrx_word' id='word_1_105' title='bbox 861 960 1060 1017; x_wconf 80' lang='lat' dir='ltr'>epistolas</span> <span class='ocrx_word' id='word_1_106' title='bbox 1083 960 1240 1011; x_wconf 82' lang='lat' dir='ltr'>habet3</span> <span class='ocrx_word' id='word_1_107' title='bbox 1271 970 1315 999; x_wconf 85' lang='lat' dir='ltr'>at</span> <span class='ocrx_word' id='word_1_108' title='bbox 1337 973 1489 1000; x_wconf 90' lang='lat' dir='ltr'>secun-</span> 
     </span>
     <span class='ocr_line' id='line_1_14' title="bbox 58 1025 1486 1085; baseline 0 -17"><span class='ocrx_word' id='word_1_109' title='bbox 58 1025 137 1068; x_wconf 86' lang='lat' dir='ltr'>dus</span> <span class='ocrx_word' id='word_1_110' title='bbox 159 1038 273 1069; x_wconf 86' lang='lat' dir='ltr'>caret</span> <span class='ocrx_word' id='word_1_111' title='bbox 295 1029 403 1070; x_wconf 91' lang='lat' dir='ltr'>libro</span> <span class='ocrx_word' id='word_1_112' title='bbox 428 1030 579 1085; x_wconf 89' lang='lat' dir='ltr'>primo,</span> <span class='ocrx_word' id='word_1_113' title='bbox 602 1029 788 1070; x_wconf 88' lang='lat' dir='ltr'>secundo</span> <span class='ocrx_word' id='word_1_114' title='bbox 810 1038 852 1069; x_wconf 89' lang='lat' dir='ltr'>et</span> <span class='ocrx_word' id='word_1_115' title='bbox 875 1037 1052 1069; x_wconf 87' lang='lat' dir='ltr'>octavo:</span> <span class='ocrx_word' id='word_1_116' title='bbox 1085 1027 1213 1068; x_wconf 86' lang='lat' dir='ltr'>etiam</span> <span class='ocrx_word' id='word_1_117' title='bbox 1239 1027 1281 1067; x_wconf 94' lang='lat' dir='ltr'>in</span> <span class='ocrx_word' id='word_1_118' title='bbox 1309 1027 1354 1067; x_wconf 91' lang='lat' dir='ltr'>L.</span> <span class='ocrx_word' id='word_1_119' title='bbox 1379 1025 1486 1068; x_wconf 89' lang='lat' dir='ltr'>VII.</span> 
     </span>
     <span class='ocr_line' id='line_1_15' title="bbox 58 1094 1488 1152; baseline -0.001 -17"><span class='ocrx_word' id='word_1_120' title='bbox 58 1108 146 1136; x_wconf 88' lang='lat' dir='ltr'>non</span> <span class='ocrx_word' id='word_1_121' title='bbox 177 1106 240 1136; x_wconf 88' lang='lat' dir='ltr'>est</span> <span class='ocrx_word' id='word_1_122' title='bbox 269 1110 336 1152; x_wconf 86' lang='lat' dir='ltr'>ep.</span> <span class='ocrx_word' id='word_1_123' title='bbox 368 1103 437 1138; x_wconf 73' lang='lat'>¹23.</span> <span class='ocrx_word' id='word_1_124' title='bbox 466 1107 510 1137; x_wconf 88' lang='lat' dir='ltr'>et</span> <span class='ocrx_word' id='word_1_125' title='bbox 539 1103 608 1138; x_wconf 76' lang='lat'>24.</span> <span class='ocrx_word' id='word_1_126' title='bbox 642 1096 714 1136; x_wconf 91' lang='lat' dir='ltr'>sed</span> <span class='ocrx_word' id='word_1_127' title='bbox 739 1095 807 1136; x_wconf 86' lang='lat' dir='ltr'>bic</span> <span class='ocrx_word' id='word_1_128' title='bbox 829 1095 900 1136; x_wconf 91' lang='lat' dir='ltr'>illo</span> <span class='ocrx_word' id='word_1_129' title='bbox 923 1095 1139 1149; x_wconf 83' lang='lat' dir='ltr'>antiquior</span> <span class='ocrx_word' id='word_1_130' title='bbox 1160 1104 1237 1135; x_wconf 84' lang='lat' dir='ltr'>est.</span> <span class='ocrx_word' id='word_1_131' title='bbox 1299 1094 1349 1135; x_wconf 88' lang='lat' dir='ltr'>In</span> <span class='ocrx_word' id='word_1_132' title='bbox 1374 1094 1488 1135; x_wconf 86' lang='lat' dir='ltr'>notis</span> 
     </span>
     <span class='ocr_line' id='line_1_16' title="bbox 56 1162 1487 1218; baseline -0.001 -14"><span class='ocrx_word' id='word_1_133' title='bbox 56 1163 214 1204; x_wconf 76' lang='lat' dir='ltr'>nostris</span> <span class='ocrx_word' id='word_1_134' title='bbox 251 1165 323 1205; x_wconf 90' lang='lat' dir='ltr'>ubi</span> <span class='ocrx_word' id='word_1_135' title='bbox 362 1164 448 1205; x_wconf 91' lang='lat' dir='ltr'>Gu.</span> <span class='ocrx_word' id='word_1_136' title='bbox 484 1173 562 1213; x_wconf 87' lang='lat' dir='ltr'>est,</span> <span class='ocrx_word' id='word_1_137' title='bbox 597 1173 825 1218; x_wconf 88' lang='lat' dir='ltr'>utrumque</span> <span class='ocrx_word' id='word_1_138' title='bbox 855 1163 1099 1218; x_wconf 87' lang='lat' dir='ltr'>exemplum</span> <span class='ocrx_word' id='word_1_139' title='bbox 1131 1162 1311 1217; x_wconf 83' lang='lat' dir='ltr'>intelligi</span> <span class='ocrx_word' id='word_1_140' title='bbox 1344 1162 1487 1203; x_wconf 87' lang='lat' dir='ltr'>debet.</span> 
     </span>
     <span class='ocr_line' id='line_1_17' title="bbox 58 1228 1488 1279; baseline -0.001 -9"><span class='ocrx_word' id='word_1_141' title='bbox 58 1228 216 1271; x_wconf 84' lang='lat' dir='ltr'>Graeea</span> <span class='ocrx_word' id='word_1_142' title='bbox 237 1241 385 1271; x_wconf 86' lang='lat' dir='ltr'>neuter</span> <span class='ocrx_word' id='word_1_143' title='bbox 407 1231 559 1273; x_wconf 79' lang='lat' dir='ltr'>habet:</span> <span class='ocrx_word' id='word_1_144' title='bbox 583 1231 653 1271; x_wconf 89' lang='lat' dir='ltr'>sed</span> <span class='ocrx_word' id='word_1_145' title='bbox 672 1231 714 1271; x_wconf 91' lang='lat' dir='ltr'>in</span> <span class='ocrx_word' id='word_1_146' title='bbox 734 1230 921 1271; x_wconf 89' lang='lat' dir='ltr'>secundo</span> <span class='ocrx_word' id='word_1_147' title='bbox 939 1230 1102 1270; x_wconf 87' lang='lat' dir='ltr'>lacunae</span> <span class='ocrx_word' id='word_1_148' title='bbox 1122 1228 1280 1269; x_wconf 84' lang='lat' dir='ltr'>relictae</span> <span class='ocrx_word' id='word_1_149' title='bbox 1298 1236 1420 1279; x_wconf 90' lang='lat' dir='ltr'>sunt;</span> <span class='ocrx_word' id='word_1_150' title='bbox 1442 1228 1488 1269; x_wconf 90' lang='lat' dir='ltr'>in</span> 
     </span>
     <span class='ocr_line' id='line_1_18' title="bbox 55 1292 1485 1355; baseline 0 -17"><span class='ocrx_word' id='word_1_151' title='bbox 55 1298 195 1354; x_wconf 90' lang='lat' dir='ltr'>primo</span> <span class='ocrx_word' id='word_1_152' title='bbox 217 1299 358 1350; x_wconf 81' lang='lat' dir='ltr'>nullae,</span> <span class='ocrx_word' id='word_1_153' title='bbox 381 1299 453 1340; x_wconf 88' lang='lat' dir='ltr'>sed</span> <span class='ocrx_word' id='word_1_154' title='bbox 476 1314 552 1355; x_wconf 88' lang='lat' dir='ltr'>pro</span> <span class='ocrx_word' id='word_1_155' title='bbox 576 1308 679 1340; x_wconf 85' lang='lat' dir='ltr'>nota</span> <span class='ocrx_word' id='word_1_156' title='bbox 699 1292 993 1339; x_wconf 87' lang='lat' dir='ltr'>deficientium</span> <span class='ocrx_word' id='word_1_157' title='bbox 1022 1297 1276 1339; x_wconf 85' lang='lat' dir='ltr'>Graecorum</span> <span class='ocrx_word' id='word_1_158' title='bbox 1298 1296 1421 1337; x_wconf 85' lang='lat' dir='ltr'>litera</span> <span class='ocrx_word' id='word_1_159' title='bbox 1441 1311 1485 1352; x_wconf 86' lang='lat' dir='ltr'>g.</span> 
     </span>
     <span class='ocr_line' id='line_1_19' title="bbox 55 1366 408 1422; baseline 0.006 -16"><span class='ocrx_word' id='word_1_160' title='bbox 55 1366 310 1422; x_wconf 85' lang='lat' dir='ltr'>interposita</span> <span class='ocrx_word' id='word_1_161' title='bbox 330 1377 408 1409; x_wconf 84' lang='lat' dir='ltr'>est.</span> 
     </span>
    </p>

    <p class='ocr_par' dir='ltr' id='par_1_7' title="bbox 41 1431 1484 2847">
     <span class='ocr_line' id='line_1_20' title="bbox 112 1431 1484 1489; baseline -0.002 -16"><span class='ocrx_word' id='word_1_162' title='bbox 112 1433 252 1474; x_wconf 85' lang='lat' dir='ltr'>Libris</span> <span class='ocrx_word' id='word_1_163' title='bbox 268 1435 393 1475; x_wconf 88' lang='lat' dir='ltr'>editis</span> <span class='ocrx_word' id='word_1_164' title='bbox 412 1450 509 1476; x_wconf 89' lang='lat' dir='ltr'>usus</span> <span class='ocrx_word' id='word_1_165' title='bbox 530 1449 620 1475; x_wconf 84' lang='lat' dir='ltr'>sum</span> <span class='ocrx_word' id='word_1_166' title='bbox 641 1433 964 1489; x_wconf 84' lang='lat' dir='ltr'>antiquissimis,</span> <span class='ocrx_word' id='word_1_167' title='bbox 984 1441 1139 1488; x_wconf 87' lang='lat' dir='ltr'>praeter</span> <span class='ocrx_word' id='word_1_168' title='bbox 1156 1431 1484 1482; x_wconf 69' lang='lat' dir='ltr'>Jemoniannm,</span> 
     </span>
     <span class='ocr_line' id='line_1_21' title="bbox 53 1498 1484 1556; baseline -0.001 -16"><span class='ocrx_word' id='word_1_169' title='bbox 53 1501 268 1551; x_wconf 91' lang='lat' dir='ltr'>omnibus,</span> <span class='ocrx_word' id='word_1_170' title='bbox 290 1516 469 1556; x_wconf 87' lang='lat' dir='ltr'>quorum</span> <span class='ocrx_word' id='word_1_171' title='bbox 490 1502 661 1556; x_wconf 90' lang='lat' dir='ltr'>quidem</span> <span class='ocrx_word' id='word_1_172' title='bbox 680 1501 835 1541; x_wconf 86' lang='lat' dir='ltr'>notitia</span> <span class='ocrx_word' id='word_1_173' title='bbox 855 1501 1010 1542; x_wconf 83' lang='lat' dir='ltr'>tradita</span> <span class='ocrx_word' id='word_1_174' title='bbox 1031 1510 1120 1541; x_wconf 86' lang='lat' dir='ltr'>est:</span> <span class='ocrx_word' id='word_1_175' title='bbox 1147 1499 1343 1540; x_wconf 87' lang='lat' dir='ltr'>Romano</span> <span class='ocrx_word' id='word_1_176' title='bbox 1365 1498 1484 1539; x_wconf 80' lang='lat' dir='ltr'>Pan-</span> 
     </span>
     <span class='ocr_line' id='line_1_22' title="bbox 53 1567 1483 1623; baseline 0.001 -16"><span class='ocrx_word' id='word_1_177' title='bbox 53 1568 183 1608; x_wconf 78' lang='lat' dir='ltr'>nartii</span> <span class='ocrx_word' id='word_1_178' title='bbox 203 1575 241 1608; x_wconf 81' lang='lat' dir='ltr'>et</span> <span class='ocrx_word' id='word_1_179' title='bbox 256 1567 542 1619; x_wconf 67' lang='lat' dir='ltr'>Swez&#39;nslzemii,</span> <span class='ocrx_word' id='word_1_180' title='bbox 565 1569 663 1610; x_wconf 83' lang='lat' dir='ltr'>anni</span> <span class='ocrx_word' id='word_1_181' title='bbox 694 1575 814 1615; x_wconf 77' lang='lat'><strong>1472.</strong></span> <span class='ocrx_word' id='word_1_182' title='bbox 839 1583 935 1623; x_wconf 78' lang='lat' dir='ltr'>quae</span> <span class='ocrx_word' id='word_1_183' title='bbox 957 1577 1021 1608; x_wconf 88' lang='lat' dir='ltr'>est</span> <span class='ocrx_word' id='word_1_184' title='bbox 1044 1568 1243 1623; x_wconf 86' lang='lat' dir='ltr'>repetitio</span> <span class='ocrx_word' id='word_1_185' title='bbox 1265 1567 1418 1623; x_wconf 87' lang='lat' dir='ltr'>prioris</span> <span class='ocrx_word' id='word_1_186' title='bbox 1443 1581 1483 1608; x_wconf 84' lang='lat' dir='ltr'>a.</span> 
     </span>
     <span class='ocr_line' id='line_1_23' title="bbox 57 1633 1482 1689; baseline -0.001 -13"><span class='ocrx_word' id='word_1_187' title='bbox 57 1635 178 1680; x_wconf 87' lang='grc'>1467.</span> <span class='ocrx_word' id='word_1_188' title='bbox 213 1637 347 1677; x_wconf 84' lang='lat' dir='ltr'>curati</span> <span class='ocrx_word' id='word_1_189' title='bbox 382 1652 407 1677; x_wconf 87' lang='lat' dir='ltr'>a</span> <span class='ocrx_word' id='word_1_190' title='bbox 440 1636 511 1677; x_wconf 91' lang='lat' dir='ltr'>Jo.</span> <span class='ocrx_word' id='word_1_191' title='bbox 538 1635 708 1677; x_wconf 74' lang='lat' dir='ltr'>Andrea</span> <span class='ocrx_word' id='word_1_192' title='bbox 737 1635 961 1685; x_wconf 77' lang='lat' dir='ltr'>Aleriensi,</span> <span class='ocrx_word' id='word_1_193' title='bbox 991 1635 1113 1689; x_wconf 87' lang='lat' dir='ltr'>cujus</span> <span class='ocrx_word' id='word_1_194' title='bbox 1145 1649 1266 1675; x_wconf 85' lang='lat' dir='ltr'>usum</span> <span class='ocrx_word' id='word_1_195' title='bbox 1291 1634 1397 1675; x_wconf 88' lang='lat' dir='ltr'>mihi</span> <span class='ocrx_word' id='word_1_196' title='bbox 1422 1633 1482 1675; x_wconf 91' lang='lat' dir='ltr'>ill.</span> 
     </span>
     <span class='ocr_line' id='line_1_24' title="bbox 50 1701 1479 1760; baseline 0.001 -16"><span class='ocrx_word' id='word_1_197' title='bbox 50 1701 217 1745; x_wconf 77' lang='lat' dir='ltr'>Duvius</span> <span class='ocrx_word' id='word_1_198' title='bbox 248 1704 439 1756; x_wconf 85' lang='lat' dir='ltr'>indulsit,</span> <span class='ocrx_word' id='word_1_199' title='bbox 472 1713 520 1745; x_wconf 90' lang='lat' dir='ltr'>ut</span> <span class='ocrx_word' id='word_1_200' title='bbox 551 1714 593 1745; x_wconf 94' lang='lat' dir='ltr'>et</span> <span class='ocrx_word' id='word_1_201' title='bbox 625 1705 806 1745; x_wconf 90' lang='lat' dir='ltr'>duorum</span> <span class='ocrx_word' id='word_1_202' title='bbox 838 1704 1114 1754; x_wconf 83' lang='lat' dir='ltr'>Venetorum,</span> <span class='ocrx_word' id='word_1_203' title='bbox 1146 1703 1218 1746; x_wconf 86' lang='lat' dir='ltr'>Jo.</span> <span class='ocrx_word' id='word_1_204' title='bbox 1252 1705 1479 1760; x_wconf 86' lang='lat' dir='ltr'>Spirensis,</span> 
     </span>
     <span class='ocr_line' id='line_1_25' title="bbox 50 1771 1478 1828; baseline 0.001 -17"><span class='ocrx_word' id='word_1_205' title='bbox 50 1771 175 1826; x_wconf 88' lang='lat' dir='ltr'>primi</span> <span class='ocrx_word' id='word_1_206' title='bbox 208 1772 396 1827; x_wconf 87' lang='lat' dir='ltr'>quidem,</span> <span class='ocrx_word' id='word_1_207' title='bbox 427 1772 526 1813; x_wconf 80' lang='lat' dir='ltr'>anni</span> <span class='ocrx_word' id='word_1_208' title='bbox 563 1773 683 1820; x_wconf 87' lang='lat'>1469.</span> <span class='ocrx_word' id='word_1_209' title='bbox 713 1787 841 1828; x_wconf 87' lang='lat' dir='ltr'>quam</span> <span class='ocrx_word' id='word_1_210' title='bbox 863 1772 1096 1813; x_wconf 85' lang='lat' dir='ltr'>editionem</span> <span class='ocrx_word' id='word_1_211' title='bbox 1121 1771 1363 1813; x_wconf 71' lang='lat' dir='ltr'>Gebhardus</span> <span class='ocrx_word' id='word_1_212' title='bbox 1383 1787 1478 1813; x_wconf 85' lang='lat' dir='ltr'>om-</span> 
     </span>
     <span class='ocr_line' id='line_1_26' title="bbox 47 1837 1476 1896; baseline -0.001 -16"><span class='ocrx_word' id='word_1_213' title='bbox 47 1837 169 1880; x_wconf 85' lang='lat' dir='ltr'>nium</span> <span class='ocrx_word' id='word_1_214' title='bbox 204 1840 385 1894; x_wconf 83' lang='lat' dir='ltr'>primam</span> <span class='ocrx_word' id='word_1_215' title='bbox 420 1839 606 1896; x_wconf 85' lang='lat' dir='ltr'>appellat</span> <span class='ocrx_word' id='word_1_216' title='bbox 635 1840 777 1895; x_wconf 81' lang='lat' dir='ltr'>aliquo</span> <span class='ocrx_word' id='word_1_217' title='bbox 808 1840 918 1890; x_wconf 88' lang='lat' dir='ltr'>loco,</span> <span class='ocrx_word' id='word_1_218' title='bbox 944 1840 1063 1881; x_wconf 87' lang='lat' dir='ltr'>valde</span> <span class='ocrx_word' id='word_1_219' title='bbox 1095 1839 1204 1880; x_wconf 84' lang='lat' dir='ltr'>illius</span> <span class='ocrx_word' id='word_1_220' title='bbox 1237 1839 1391 1889; x_wconf 88' lang='lat' dir='ltr'>mutili,</span> <span class='ocrx_word' id='word_1_221' title='bbox 1426 1839 1476 1879; x_wconf 92' lang='lat' dir='ltr'>L.</span> 
     </span>
     <span class='ocr_line' id='line_1_27' title="bbox 50 1903 1478 1964; baseline 0 -18"><span class='ocrx_word' id='word_1_222' title='bbox 50 1903 179 1947; x_wconf 86' lang='lat' dir='ltr'>VIII.</span> <span class='ocrx_word' id='word_1_223' title='bbox 209 1916 252 1947; x_wconf 89' lang='lat' dir='ltr'>et</span> <span class='ocrx_word' id='word_1_224' title='bbox 284 1907 333 1949; x_wconf 92' lang='lat' dir='ltr'>L.</span> <span class='ocrx_word' id='word_1_225' title='bbox 363 1907 450 1948; x_wconf 91' lang='lat' dir='ltr'>IX.</span> <span class='ocrx_word' id='word_1_226' title='bbox 481 1908 621 1960; x_wconf 89' lang='lat' dir='ltr'>initio,</span> <span class='ocrx_word' id='word_1_227' title='bbox 652 1922 805 1964; x_wconf 84' lang='lat' dir='ltr'>nempe</span> <span class='ocrx_word' id='word_1_228' title='bbox 835 1922 858 1949; x_wconf 89' lang='lat' dir='ltr'>e</span> <span class='ocrx_word' id='word_1_229' title='bbox 890 1906 978 1948; x_wconf 92' lang='lat' dir='ltr'>Ms.</span> <span class='ocrx_word' id='word_1_230' title='bbox 1009 1907 1144 1958; x_wconf 85' lang='lat' dir='ltr'>ducti,</span> <span class='ocrx_word' id='word_1_231' title='bbox 1173 1907 1309 1962; x_wconf 83' lang='lat' dir='ltr'>qualis</span> <span class='ocrx_word' id='word_1_232' title='bbox 1332 1916 1478 1947; x_wconf 85' lang='lat' dir='ltr'>noster</span> 
     </span>
     <span class='ocr_line' id='line_1_28' title="bbox 47 1975 1477 2031; baseline 0.001 -16"><span class='ocrx_word' id='word_1_233' title='bbox 47 1984 136 2026; x_wconf 82' lang='lat' dir='ltr'>est3</span> <span class='ocrx_word' id='word_1_234' title='bbox 177 1975 348 2016; x_wconf 82' lang='lat' dir='ltr'>alterius</span> <span class='ocrx_word' id='word_1_235' title='bbox 380 1991 419 2016; x_wconf 87' lang='lat' dir='ltr'>a.</span> <span class='ocrx_word' id='word_1_236' title='bbox 456 1983 585 2027; x_wconf 81' lang='lat'>14713</span> <span class='ocrx_word' id='word_1_237' title='bbox 618 1985 708 2016; x_wconf 90' lang='lat' dir='ltr'>tum</span> <span class='ocrx_word' id='word_1_238' title='bbox 743 1975 874 2017; x_wconf 86' lang='lat' dir='ltr'>altero</span> <span class='ocrx_word' id='word_1_239' title='bbox 905 1976 1097 2031; x_wconf 80' lang='lat' dir='ltr'>ejusdem</span> <span class='ocrx_word' id='word_1_240' title='bbox 1128 1976 1227 2016; x_wconf 84' lang='lat' dir='ltr'>anni</span> <span class='ocrx_word' id='word_1_241' title='bbox 1258 1989 1371 2026; x_wconf 87' lang='lat' dir='ltr'>meo,</span> <span class='ocrx_word' id='word_1_242' title='bbox 1401 1976 1477 2031; x_wconf 90' lang='lat' dir='ltr'>qui</span> 
     </span>
     <span class='ocr_line' id='line_1_29' title="bbox 47 2043 1476 2100; baseline 0 -16"><span class='ocrx_word' id='word_1_243' title='bbox 47 2043 296 2085; x_wconf 89' lang='lat' dir='ltr'>Wendelini</span> <span class='ocrx_word' id='word_1_244' title='bbox 320 2044 529 2100; x_wconf 88' lang='lat' dir='ltr'>Spirensis</span> <span class='ocrx_word' id='word_1_245' title='bbox 555 2044 734 2085; x_wconf 84' lang='lat' dir='ltr'>videtur.</span> <span class='ocrx_word' id='word_1_246' title='bbox 794 2043 916 2085; x_wconf 90' lang='lat' dir='ltr'>Nihil</span> <span class='ocrx_word' id='word_1_247' title='bbox 938 2045 982 2084; x_wconf 91' lang='lat' dir='ltr'>in</span> <span class='ocrx_word' id='word_1_248' title='bbox 1004 2052 1125 2084; x_wconf 84' lang='lat' dir='ltr'>textu</span> <span class='ocrx_word' id='word_1_249' title='bbox 1156 2044 1400 2099; x_wconf 87' lang='lat' dir='ltr'>discrepant</span> <span class='ocrx_word' id='word_1_250' title='bbox 1431 2043 1476 2084; x_wconf 83' lang='lat' dir='ltr'>hi</span> 
     </span>
     <span class='ocr_line' id='line_1_30' title="bbox 47 2110 1475 2168; baseline 0.001 -16"><span class='ocrx_word' id='word_1_251' title='bbox 47 2111 148 2152; x_wconf 86' lang='lat' dir='ltr'>duo.</span> <span class='ocrx_word' id='word_1_252' title='bbox 172 2127 270 2152; x_wconf 88' lang='lat' dir='ltr'>uam</span> <span class='ocrx_word' id='word_1_253' title='bbox 292 2123 335 2153; x_wconf 88' lang='lat' dir='ltr'>et</span> <span class='ocrx_word' id='word_1_254' title='bbox 349 2113 453 2153; x_wconf 87' lang='lat' dir='ltr'>vitia</span> <span class='ocrx_word' id='word_1_255' title='bbox 474 2127 699 2168; x_wconf 81' lang='lat' dir='ltr'>operarum</span> <span class='ocrx_word' id='word_1_256' title='bbox 719 2111 1154 2162; x_wconf 82' lang='lat' dir='ltr'>eommuniahabent,</span> <span class='ocrx_word' id='word_1_257' title='bbox 1175 2111 1302 2151; x_wconf 88' lang='lat' dir='ltr'>veluti</span> <span class='ocrx_word' id='word_1_258' title='bbox 1328 2110 1414 2162; x_wconf 86' lang='lat' dir='ltr'>IX,</span> <span class='ocrx_word' id='word_1_259' title='bbox 1433 2117 1475 2153; x_wconf 75' lang='lat'>2.</span> 
     </span>
     <span class='ocr_line' id='line_1_31' title="bbox 46 2178 1479 2236; baseline -0.001 -17"><span class='ocrx_word' id='word_1_260' title='bbox 46 2188 159 2219; x_wconf 86' lang='lat' dir='ltr'>extr.</span> <span class='ocrx_word' id='word_1_261' title='bbox 181 2179 255 2220; x_wconf 90' lang='lat' dir='ltr'>ubi</span> <span class='ocrx_word' id='word_1_262' title='bbox 279 2190 456 2235; x_wconf 87' lang='lat' dir='ltr'>utraque</span> <span class='ocrx_word' id='word_1_263' title='bbox 478 2180 567 2221; x_wconf 86' lang='lat' dir='ltr'>sola</span> <span class='ocrx_word' id='word_1_264' title='bbox 590 2180 721 2221; x_wconf 87' lang='lat' dir='ltr'>habet</span> <span class='ocrx_word' id='word_1_265' title='bbox 739 2194 916 2236; x_wconf 78' lang='lat' dir='ltr'>gravare</span> <span class='ocrx_word' id='word_1_266' title='bbox 936 2179 1036 2233; x_wconf 77' lang='lat' dir='ltr'>reip.</span> <span class='ocrx_word' id='word_1_267' title='bbox 1055 2193 1195 2219; x_wconf 87' lang='lat' dir='ltr'>errore</span> <span class='ocrx_word' id='word_1_268' title='bbox 1217 2178 1307 2219; x_wconf 87' lang='lat' dir='ltr'>scil.</span> <span class='ocrx_word' id='word_1_269' title='bbox 1327 2192 1479 2234; x_wconf 85' lang='lat' dir='ltr'>opera-</span> 
     </span>
     <span class='ocr_line' id='line_1_32' title="bbox 44 2247 1476 2304; baseline 0 -16"><span class='ocrx_word' id='word_1_270' title='bbox 44 2261 155 2298; x_wconf 80' lang='lat' dir='ltr'>rum,</span> <span class='ocrx_word' id='word_1_271' title='bbox 186 2263 262 2304; x_wconf 87' lang='lat' dir='ltr'>pro</span> <span class='ocrx_word' id='word_1_272' title='bbox 279 2263 462 2304; x_wconf 77' lang='lat' dir='ltr'>gnavare</span> <span class='ocrx_word' id='word_1_273' title='bbox 483 2248 581 2304; x_wconf 78' lang='lat' dir='ltr'>reip.</span> <span class='ocrx_word' id='word_1_274' title='bbox 613 2249 640 2288; x_wconf 90' lang='lat' dir='ltr'>i.</span> <span class='ocrx_word' id='word_1_275' title='bbox 670 2262 706 2288; x_wconf 87' lang='lat' dir='ltr'>e.</span> <span class='ocrx_word' id='word_1_276' title='bbox 729 2261 894 2298; x_wconf 77' lang='lat' dir='ltr'>navare,</span> <span class='ocrx_word' id='word_1_277' title='bbox 917 2247 1032 2302; x_wconf 89' lang='lat' dir='ltr'>quod</span> <span class='ocrx_word' id='word_1_278' title='bbox 1053 2255 1205 2288; x_wconf 82' lang='lat' dir='ltr'>ceterae</span> <span class='ocrx_word' id='word_1_279' title='bbox 1229 2260 1377 2287; x_wconf 90' lang='lat' dir='ltr'>omnes</span> <span class='ocrx_word' id='word_1_280' title='bbox 1398 2247 1476 2288; x_wconf 84' lang='lat' dir='ltr'>ha-</span> 
     </span>
     <span class='ocr_line' id='line_1_33' title="bbox 43 2312 1474 2372; baseline -0.001 -16"><span class='ocrx_word' id='word_1_281' title='bbox 43 2315 171 2366; x_wconf 73' lang='lat' dir='ltr'>bent;</span> <span class='ocrx_word' id='word_1_282' title='bbox 204 2316 307 2356; x_wconf 89' lang='lat' dir='ltr'>item</span> <span class='ocrx_word' id='word_1_283' title='bbox 341 2316 428 2358; x_wconf 89' lang='lat' dir='ltr'>IX.</span> <span class='ocrx_word' id='word_1_284' title='bbox 460 2318 500 2358; x_wconf 88' lang='lat'>6.</span> <span class='ocrx_word' id='word_1_285' title='bbox 530 2323 626 2357; x_wconf 78' lang='lat' dir='ltr'>utar</span> <span class='ocrx_word' id='word_1_286' title='bbox 643 2316 791 2371; x_wconf 80' lang='lat' dir='ltr'>ubique</span> <span class='ocrx_word' id='word_1_287' title='bbox 815 2330 892 2372; x_wconf 92' lang='lat' dir='ltr'>pro</span> <span class='ocrx_word' id='word_1_288' title='bbox 916 2315 1089 2371; x_wconf 81' lang='lat' dir='ltr'>vulgato</span> <span class='ocrx_word' id='word_1_289' title='bbox 1118 2314 1344 2369; x_wconf 82' lang='lat' dir='ltr'>utrobique.</span> <span class='ocrx_word' id='word_1_290' title='bbox 1394 2312 1474 2360; x_wconf 77' lang='lat' dir='ltr'>Ad</span> 
     </span>
     <span class='ocr_line' id='line_1_34' title="bbox 43 2382 1474 2434; baseline -0.002 -9"><span class='ocrx_word' id='word_1_291' title='bbox 43 2383 203 2425; x_wconf 89' lang='lat' dir='ltr'>calcem</span> <span class='ocrx_word' id='word_1_292' title='bbox 226 2384 344 2434; x_wconf 85' lang='lat' dir='ltr'>alter,</span> <span class='ocrx_word' id='word_1_293' title='bbox 371 2383 593 2425; x_wconf 81' lang='lat' dir='ltr'>Duvianus</span> <span class='ocrx_word' id='word_1_294' title='bbox 617 2383 700 2434; x_wconf 89' lang='lat' dir='ltr'>ille,</span> <span class='ocrx_word' id='word_1_295' title='bbox 723 2384 851 2424; x_wconf 87' lang='lat' dir='ltr'>habet</span> <span class='ocrx_word' id='word_1_296' title='bbox 871 2397 1015 2423; x_wconf 86' lang='lat' dir='ltr'>versus</span> <span class='ocrx_word' id='word_1_297' title='bbox 1040 2383 1081 2423; x_wconf 92' lang='lat' dir='ltr'>in</span> <span class='ocrx_word' id='word_1_298' title='bbox 1105 2383 1271 2423; x_wconf 87' lang='lat' dir='ltr'>laudem</span> <span class='ocrx_word' id='word_1_299' title='bbox 1297 2382 1474 2423; x_wconf 84' lang='lat' dir='ltr'>Cicero-</span> 
     </span>
     <span class='ocr_line' id='line_1_35' title="bbox 41 2449 1472 2507; baseline -0.001 -15"><span class='ocrx_word' id='word_1_300' title='bbox 41 2451 123 2502; x_wconf 88' lang='lat' dir='ltr'>nis,</span> <span class='ocrx_word' id='word_1_301' title='bbox 144 2462 288 2492; x_wconf 90' lang='lat' dir='ltr'>noster</span> <span class='ocrx_word' id='word_1_302' title='bbox 309 2451 430 2502; x_wconf 82' lang='lat' dir='ltr'>nihil,</span> <span class='ocrx_word' id='word_1_303' title='bbox 452 2461 608 2507; x_wconf 83' lang='lat' dir='ltr'>praeter</span> <span class='ocrx_word' id='word_1_304' title='bbox 628 2451 727 2492; x_wconf 84' lang='lat' dir='ltr'>anni</span> <span class='ocrx_word' id='word_1_305' title='bbox 751 2461 912 2492; x_wconf 84' lang='lat' dir='ltr'>notam.</span> <span class='ocrx_word' id='word_1_306' title='bbox 974 2450 1085 2491; x_wconf 89' lang='lat' dir='ltr'>Cum</span> <span class='ocrx_word' id='word_1_307' title='bbox 1109 2450 1174 2490; x_wconf 89' lang='lat' dir='ltr'>his</span> <span class='ocrx_word' id='word_1_308' title='bbox 1195 2449 1325 2490; x_wconf 82' lang='lat' dir='ltr'>etiam</span> <span class='ocrx_word' id='word_1_309' title='bbox 1347 2449 1472 2506; x_wconf 85' lang='lat' dir='ltr'>plane</span> 
     </span>
     <span class='ocr_line' id='line_1_36' title="bbox 42 2517 1472 2574; baseline -0.002 -14"><span class='ocrx_word' id='word_1_310' title='bbox 42 2520 257 2560; x_wconf 87' lang='lat' dir='ltr'>consentit</span> <span class='ocrx_word' id='word_1_311' title='bbox 277 2520 410 2560; x_wconf 90' lang='lat' dir='ltr'>editio</span> <span class='ocrx_word' id='word_1_312' title='bbox 433 2519 599 2559; x_wconf 84' lang='lat' dir='ltr'>Veneta</span> <span class='ocrx_word' id='word_1_313' title='bbox 619 2534 687 2560; x_wconf 85' lang='lat' dir='ltr'>an.</span> <span class='ocrx_word' id='word_1_314' title='bbox 714 2524 836 2561; x_wconf 83' lang='lat'><strong>1480.</strong></span> <span class='ocrx_word' id='word_1_315' title='bbox 868 2533 965 2574; x_wconf 87' lang='lat' dir='ltr'>quae</span> <span class='ocrx_word' id='word_1_316' title='bbox 988 2529 1052 2559; x_wconf 90' lang='lat' dir='ltr'>est</span> <span class='ocrx_word' id='word_1_317' title='bbox 1075 2519 1116 2559; x_wconf 88' lang='lat' dir='ltr'>in</span> <span class='ocrx_word' id='word_1_318' title='bbox 1142 2517 1256 2558; x_wconf 90' lang='lat' dir='ltr'>Bibl.</span> <span class='ocrx_word' id='word_1_319' title='bbox 1290 2517 1472 2558; x_wconf 82' lang='lat' dir='ltr'>Senatus</span> 
     </span>
     <span class='ocr_line' id='line_1_37' title="bbox 46 2585 1473 2642; baseline -0.001 -14"><span class='ocrx_word' id='word_1_320' title='bbox 46 2586 292 2642; x_wconf 87' lang='lat' dir='ltr'>Lipsiensis.</span> <span class='ocrx_word' id='word_1_321' title='bbox 353 2586 436 2627; x_wconf 91' lang='lat' dir='ltr'>His</span> <span class='ocrx_word' id='word_1_322' title='bbox 487 2587 667 2627; x_wconf 84' lang='lat' dir='ltr'>accessit</span> <span class='ocrx_word' id='word_1_323' title='bbox 715 2586 960 2642; x_wconf 84' lang='lat' dir='ltr'>exemplum</span> <span class='ocrx_word' id='word_1_324' title='bbox 1007 2585 1345 2635; x_wconf 86' lang='lat' dir='ltr'>Mediolanense,</span> <span class='ocrx_word' id='word_1_325' title='bbox 1396 2599 1473 2640; x_wconf 83' lang='lat' dir='ltr'>per</span> 
     </span>
     <span class='ocr_line' id='line_1_38' title="bbox 45 2653 1471 2710; baseline -0.001 -15"><span class='ocrx_word' id='word_1_326' title='bbox 45 2653 163 2696; x_wconf 72' lang='lat' dir='ltr'>Phil.</span> <span class='ocrx_word' id='word_1_327' title='bbox 180 2654 440 2710; x_wconf 79' lang='lat' dir='ltr'>Lavagniam</span> <span class='ocrx_word' id='word_1_328' title='bbox 458 2663 669 2704; x_wconf 84' lang='lat' dir='ltr'>curatum,</span> <span class='ocrx_word' id='word_1_329' title='bbox 687 2669 800 2710; x_wconf 88' lang='lat' dir='ltr'>saepe</span> <span class='ocrx_word' id='word_1_330' title='bbox 817 2654 919 2694; x_wconf 87' lang='lat' dir='ltr'>illud</span> <span class='ocrx_word' id='word_1_331' title='bbox 940 2655 1181 2709; x_wconf 81' lang='lat' dir='ltr'>repetitum,</span> <span class='ocrx_word' id='word_1_332' title='bbox 1196 2653 1323 2693; x_wconf 82' lang='lat' dir='ltr'>etiam</span> <span class='ocrx_word' id='word_1_333' title='bbox 1350 2658 1471 2698; x_wconf 84' lang='lat'><strong>1478.</strong></span> 
     </span>
     <span class='ocr_line' id='line_1_39' title="bbox 43 2719 1473 2779; baseline -0.001 -17"><span class='ocrx_word' id='word_1_334' title='bbox 43 2722 167 2778; x_wconf 87' lang='lat' dir='ltr'>cujus</span> <span class='ocrx_word' id='word_1_335' title='bbox 189 2723 287 2764; x_wconf 85' lang='lat' dir='ltr'>anni</span> <span class='ocrx_word' id='word_1_336' title='bbox 309 2723 554 2779; x_wconf 80' lang='lat' dir='ltr'>exemplum</span> <span class='ocrx_word' id='word_1_337' title='bbox 577 2723 667 2778; x_wconf 86' lang='lat' dir='ltr'>ipse</span> <span class='ocrx_word' id='word_1_338' title='bbox 689 2722 842 2763; x_wconf 86' lang='lat' dir='ltr'>habeo.</span> <span class='ocrx_word' id='word_1_339' title='bbox 904 2721 1009 2777; x_wconf 88' lang='lat' dir='ltr'>Ejus</span> <span class='ocrx_word' id='word_1_340' title='bbox 1034 2731 1176 2763; x_wconf 89' lang='lat' dir='ltr'>textus</span> <span class='ocrx_word' id='word_1_341' title='bbox 1199 2734 1283 2760; x_wconf 90' lang='lat' dir='ltr'>non</span> <span class='ocrx_word' id='word_1_342' title='bbox 1305 2719 1473 2761; x_wconf 88' lang='lat' dir='ltr'>videtur</span> 
     </span>
     <span class='ocr_line' id='line_1_40' title="bbox 44 2787 1471 2847; baseline -0.003 -13"><span class='ocrx_word' id='word_1_343' title='bbox 44 2789 90 2834; x_wconf 75' lang='lat' dir='ltr'>in</span> <span class='ocrx_word' id='word_1_344' title='bbox 111 2792 291 2847; x_wconf 84' lang='lat' dir='ltr'>primam</span> <span class='ocrx_word' id='word_1_345' title='bbox 312 2791 544 2833; x_wconf 91' lang='lat' dir='ltr'>editionem</span> <span class='ocrx_word' id='word_1_346' title='bbox 567 2805 744 2847; x_wconf 84' lang='lat' dir='ltr'>operum</span> <span class='ocrx_word' id='word_1_347' title='bbox 773 2791 1068 2834; x_wconf 85' lang='lat' dir='ltr'>universorum</span> <span class='ocrx_word' id='word_1_348' title='bbox 1098 2805 1123 2831; x_wconf 83' lang='lat' dir='ltr'>a</span> <span class='ocrx_word' id='word_1_349' title='bbox 1150 2787 1392 2832; x_wconf 68' lang='lat' dir='ltr'>Minatium&gt;</span> <span class='ocrx_word' id='word_1_350' title='bbox 1420 2787 1471 2831; x_wconf 86' lang='lat' dir='ltr'>il-</span> 
     </span>
    </p>

    <p class='ocr_par' dir='ltr' id='par_1_8' title="bbox 720 2864 792 2901">
     <span class='ocr_line' id='line_1_41' title="bbox 720 2864 792 2901; baseline 0.014 -1"><span class='ocrx_word' id='word_1_351' title='bbox 720 2872 747 2900; x_wconf 78' lang='lat' dir='ltr'>B</span> <span class='ocrx_word' id='word_1_352' title='bbox 764 2864 792 2901; x_wconf 75' lang='lat'>2</span> 
     </span>
    </p>
   </div>
  </div>
 </body>
</html>
