1860 3228
251 118 325 154 196
620 113 800 152 EPIST.
830 113 1015 153 LIBER
1041 115 1310 153 OCTAVUS

628 216 870 260 COELIUS
903 217 1224 269 CICERONI,
1256 218 1301 260 S.
1330 267 1332 269 r

121 273 606 332 p-120·SANEQUAM‘
638 284 789 326 litteris
822 284 873 326 C.
906 285 1043 326 Cassii
1074 293 1117 326 et
1149 285 1360 334 Deiotari,
1383 299 1527 325 sumus
1557 300 1676 327 com-

208 339 374 383 annoti.
437 342 549 383 Nam
577 340 749 383 Cassius
771 342 831 382 cis
862 341 1109 397 Euphraten
1140 343 1286 397 copias
1311 340 1568 382 Parthorum
1590 356 1681 384 esse

252 399 448 454 scripsit:
503 398 747 448 Deiotarus,
782 398 992 453 profectas
1032 412 1105 454 per
1138 399 1476 454 Commagenem
1506 398 1550 438 in
1581 413 1682 454 pro·

253 456 435 498 vinciam
474 465 675 496 nostram.
737 453 831 509 Ego
858 454 1032 509 quidem
1066 456 1330 511 praecipuum
1365 463 1542 505 metum,
1564 455 1681 510 quod

250 513 302 554 ad
327 522 367 554 te
388 512 614 562 attinebat,
638 511 766 551 habui
797 511 869 565 qui
894 510 1061 560 scirem,
1084 513 1260 565 ¹⁶u'quam
1284 522 1454 567 paratus
1483 512 1538 552 ab
1559 526 1681 553 exer-

250 570 338 611 citu
367 583 493 619 esses,
517 582 568 608 nc
594 567 709 623 quod
742 566 814 608 hic
848 566 1055 608 tumultus
1088 566 1288 623 dignitati
1326 578 1411 609 tuae
1446 569 1682 623 periculum

251 625 435 667 afferret.
497 625 611 665 Nam
644 625 696 665 de
730 624 832 673 vita,
869 624 901 664 si
938 623 1125 678 paratior
1157 625 1211 664 ab
1244 625 1435 666 exercitu
1472 640 1599 676 esses,
1629 625 1684 666 ti-

252 683 468 723 muissem.
499 696 613 722 nunc
644 681 737 721 haec
770 680 986 736 exiguitas
1008 680 1229 734 copiarum
1264 695 1489 731 recessum,
1513 697 1598 723 non
1622 682 1687 723 di-

252 739 528 781 micationem
561 737 664 778 mihi
698 746 813 777 tuam
847 736 1148 792 praesagiebat.
1210 736 1310 777 Hoc
1333 739 1551 792 quomodo
1573 739 1687 780 acci-

254 805 402 852 perent
432 795 643 844 homines,
673 807 802 848 quam
825 792 1059 848 probabilis
1085 795 1120 823 ¹3
1135 793 1364 834 necessitas
1398 793 1541 836 futura
1561 804 1687 847 esset,

255 867 400 893 vereor
426 851 555 892 etiam
589 864 729 891 nunc:
762 863 900 904 neque
924 849 1040 905 prius
1071 849 1263 890 desinam
1293 848 1538 902 formidare,
1559 867 1686 907 quarn

253 910 448 964 tetigisse
487 918 528 947 te
567 906 737 947 Italiam
767 906 957 947 audiero.
1019 906 1102 947 Sed
1134 914 1177 948 te
1209 906 1467 948 Parthorum
1507 909 1688 950 transitu

254 965 395 1006 nuntii
421 964 558 1005 varios
581 977 797 1004 sermones
819 963 1081 1004 excitarunt.
1140 962 1263 1004 Alius
1284 963 1414 1014 enim,
1434 963 1690 1021 Pompeium

254 1021 539 1063 mittendum:
572 1020 701 1071 alius,
723 1021 777 1060 ab
810 1021 914 1060 urbe
947 1020 1200 1076 Pompeium
1238 1034 1322 1061 non
1358 1022 1690 1064 removendum:

256 1079 377 1129 alius,
400 1077 615 1119 Caesarem
639 1091 737 1117 cum
761 1090 837 1117 suo
867 1077 1058 1117 exercitu
1078 1093 1086 1117 :
1119 1077 1240 1128 alius,
1263 1077 1479 1119 consules:
1515 1081 1551 1109 14
1565 1093 1690 1120 nemo

258 1147 399 1177 tamen
422 1148 476 1175 ex
501 1143 671 1174 senatus
693 1133 889 1174 consulto
915 1133 1118 1189 privatos.
1181 1132 1388 1174 Consules
1411 1142 1570 1185 autem,
1592 1135 1692 1190 quia

258 1201 474 1242 verentur,
493 1205 546 1231 ne
561 1190 663 1231 illud
679 1199 848 1231 senatus
867 1190 1111 1231 consultum
1129 1191 1219 1241 fiat,
1239 1199 1286 1232 ut
1308 1190 1498 1246 paludati
1521 1198 1693 1243 exeant,

256 1258 332 1290 aut
367 1247 692 1297 contumeliose,
730 1256 886 1302 praeter
922 1261 1009 1298 eOS,
1043 1248 1092 1288 ad
1134 1247 1264 1288 alium
1301 1261 1365 1288 res
1402 1247 1696 1300 transferatur,

257 1306 436 1347 omnino
459 1314 654 1345 senatum
676 1304 822 1344 haberi
848 1303 1013 1353 nolunt,
1032 1318 1165 1358 usque
1186 1318 1253 1354 eo,
1275 1313 1323 1344 ut
1342 1318 1490 1359 parum
1515 1305 1697 1361 diligen-

258 1371 322 1403 tes
345 1363 389 1403 in
412 1361 632 1417 republica
656 1360 901 1402 videantur:
944 1363 979 1390 ¹5
993 1360 1065 1401 sed
1088 1361 1282 1411 honeste,
1304 1360 1393 1401 sive
1416 1360 1696 1417 negligentia,

259 1420 348 1460 sive
370 1419 525 1459 inertia
554 1427 632 1467 est,
656 1417 744 1457 sive
776 1417 858 1466 ille,
881 1430 1007 1471 quern
1041 1417 1262 1472 proposui,
1283 1427 1436 1468 metus,
1460 1418 1593 1459 latent
1615 1419 1694 1460 sub

259 1475 341 1517 hac
379 1474 675 1530 temperantiae
714 1473 1051 1523 existimatione,
1089 1473 1200 1514 nolle
1240 1474 1520 1529 provinciam.
1580 1474 1619 1514 A
1655 1484 1697 1516 te

260 1531 414 1572 litterae
439 1546 524 1572 non
549 1539 781 1571 venerunt:
814 1540 871 1580 et,
894 1530 973 1570 nisi
999 1530 1194 1571 Deiotari
1219 1530 1458 1571 subsecutae
1482 1540 1637 1582 essent,
1655 1532 1698 1572 in

260 1603 354 1629 eam
377 1588 627 1644 opinionem
648 1586 821 1628 Cassius
845 1596 1031 1637 venerat,
1054 1601 1150 1642 quae
1172 1586 1419 1642 diripuisset
1441 1587 1546 1642 ipse,
1569 1598 1617 1628 ut
1639 1588 1702 1629 vi-

262 1645 464 1695 derentur
482 1645 536 1685 ab
555 1643 678 1685 hoste
701 1653 879 1693 vastata,
897 1644 1074 1684 finxisse
1097 1641 1269 1693 bellum,
1286 1651 1328 1684 et
1351 1642 1515 1685 Arabas
1537 1645 1576 1684 in
1602 1659 1701 1700 pro-

266 1697 450 1743 vinc‘iam
485 1701 726 1751 immisisse,
747 1714 905 1755 eosque
934 1699 1117 1741 Parthos
1139 1715 1244 1750 esse,
1267 1700 1431 1740 senatui
1465 1703 1703 1743 renuntias-

267 1774 323 1799 se.
387 1758 531 1805 Quare
566 1758 645 1798 tibi
679 1757 851 1808 suadeo,
872 1757 1134 1812 quicumque
1155 1766 1220 1797 est
1250 1757 1345 1796 istic
1378 1767 1512 1797 status
1546 1772 1703 1810 rerum,

223 1825 253 1854 t..
268 1815 495 1871 diligenter
517 1823 560 1855 et
581 1823 706 1855 caute
730 1814 980 1870 perscribas,
1004 1829 1055 1854 ne
1081 1823 1155 1854 aut
1176 1813 1413 1854 velificatus
1435 1813 1562 1855 alicui
1585 1815 1702 1856 dica-

268 1873 340 1924 ris,
361 1881 436 1912 aut
465 1871 642 1926 aliquid,
663 1871 780 1926 quod
810 1869 988 1912 referret
1017 1870 1139 1921 scire,
1162 1870 1396 1911 reticuisse.
1458 1871 1587 1912 Nunc
1608 1872 1702 1912 exi-

270 1939 336 1969 tus
357 1938 421 1968 est
438 1929 553 1968 anni.
585 1942 681 1968 nam
705 1942 788 1983 ego
806 1927 882 1967 has
901 1927 1064 1969 litteras
1086 1943 1124 1968 a.
1147 1927 1188 1968 d.
1214 1941 1350 1967 xl111.
1374 1926 1469 1968 Kal.
1493 1927 1702 1970 Decemb.

269 1986 434 2041 scripsi.
498 1984 630 2025 Plane
672 1984 781 2025 nihil
818 1983 943 2024 video
981 1994 1080 2025 aute
1115 1983 1213 2025 Kal.
1244 1983 1421 2025 Januar.
1457 1985 1528 2040 agi
1562 1999 1702 2040 posse.

270 2042 404 2083 Nosti*
421 2041 692 2091 Marcellum,
714 2054 843 2097 quarn
865 2040 1009 2081 tardus
1026 2051 1069 2081 et
1086 2055 1235 2097 parum
1251 2040 1405 2081 efficax
1425 2042 1503 2082 sit:
1531 2043 1567 2071 16
1582 2043 1705 2083 item-

270 2113 352 2155 que
380 2098 552 2139 Servius
585 2112 713 2153 quam
747 2107 987 2140 cunctator.
1049 2096 1305 2153 Cujusmodi
1338 2107 1461 2153 putas
1495 2097 1578 2138 hoc
1599 2113 1705 2150 esse,

272 2167 346 2196 aut
368 2154 442 2210 qui
475 2155 531 2204 id,
554 2155 668 2209 quod
701 2155 853 2205 nolint,
876 2154 1087 2196 conficere
1110 2168 1248 2210 posse,
1270 2154 1359 2208 qui,
1389 2169 1486 2209 quae
1509 2155 1706 2210 cupiunt,

272 2222 414 2252 tamen
439 2212 500 2252 ita
522 2211 677 2266 frigide
709 2222 858 2267 agunt,
882 2221 930 2252 ut
955 2211 1066 2252 nolle
1096 2210 1421 2252 existimentur?
1455 2211 1594 2252 Novis
1615 2226 1705 2254 ma-

320 2337 357 2366 12
379 2344 478 2374 quum
487 2338 630 2373 paratus
644 2335 684 2364 ab
698 2334 764 2373 extu]
783 2335 972 2376 Suspicatus

274 2386 347 2408 sum
374 2376 548 2415 aliqnando
577 2376 731 2406 excidisse
754 2386 890 2415 parum.
918 2378 972 2408 sed

275 2418 398 2450 ironice
415 2422 523 2458 potest
537 2418 652 2457 accipi.
684 2419 775 2448 Vidit
789 2427 823 2448 et
838 2419 971 2450 Lambi—

277 2470 350 2497 nus,
379 2461 435 2499 qui
465 2461 651 2498 imparatus
681 2460 888 2499 conjiciebat,
917 2461 972 2492 sed

276 2508 310 2533 et
326 2502 465 2533 ironiam
489 2501 695 2540 agnoscebat.
712 2502 767 2532 sed
789 2506 903 2534 tamen
925 2513 972 2533 se-

278 2545 325 2574 rio
338 2544 391 2574 hic
405 2544 562 2582 loquitur.

325 2589 361 2617 13
383 2584 564 2624 necessitas]
590 2584 651 2615 int.
675 2585 856 2617 recedendi.
875 2596 973 2625 quam

274 2629 463 2668 probabilis,
479 2628 499 2657 i.
516 2637 545 2657 e.
561 2635 658 2666 quam
681 2638 797 2668 parurn
819 2638 891 2658 earn
909 2629 976 2659 sint

283 2670 430 2701 homines
446 2668 626 2710 probaturi.

327 2715 363 2743 14
385 2722 478 2742 nemo
501 2715 610 2741 tamen
641 2721 680 2740 επ·
705 2710 791 2742 SCto
813 2711 973 2751 privatos]

281 2755 446 2793 Quorsum
474 2753 528 2783 hic
556 2762 596 2782 ea:
625 2753 712 2784 SCeo
740 2753 887 2784 additum
917 2754 973 2790 sit,

282 2796 373 2827 nulla
395 2805 492 2826 causa
513 2800 573 2830 est,
589 2795 622 2824 in
645 2794 705 2825 hac
727 2795 878 2826 lectione.
923 2795 973 2825 An

281 2837 362 2869 fuit:
386 2847 449 2868 non
462 2847 555 2868 nemo
570 2841 680 2868 tannen
692 2838 708 2868 ,Ρ
744 2837 807 2869 Sed
829 2844 862 2869 et
876 2837 920 2868 sic
935 2847 976 2868 cx

1017 2333 1103 2366 SCto
1127 2345 1192 2365 non
1215 2337 1292 2366 satis
1316 2335 1432 2375 placet.
1450 2344 1526 2364 nam
1541 2339 1575 2364 et
1598 2335 1645 2366 illi
1668 2346 1706 2367 ex

1015 2378 1103 2408 SCto
1125 2378 1351 2415 mitterentur,
1367 2378 1420 2416 qui
1445 2386 1511 2406 nou
1529 2377 1647 2416 privati
1661 2387 1709 2409 es-

1014 2425 1099 2449 sent.

1062 2464 1096 2492 15
1119 2460 1175 2491 sed
1195 2461 1478 2496 honeste-metus,
1494 2461 1575 2490 latet
1587 2461 1645 2491 sub
1658 2459 1708 2500 Ιι.]

1017 2502 1094 2532 Sine
1109 2502 1207 2533 dubio
1231 2502 1403 2541 legendum
1425 2507 1474 2532 est
1489 2503 1594 2532 lacent
1606 2515 1615 2531 :
1638 2513 1711 2543 per.

1017 2545 1101 2574 tinet
1117 2544 1203 2574 enim
1220 2545 1260 2575 ad
1273 2544 1433 2574 consules.
1468 2543 1594 2574 Vitiosa
1610 2545 1712 2576 inter·

1017 2588 1153 2625 punctio
1169 2585 1258 2623 fecit,
1274 2592 1311 2616 ut
1335 2586 1376 2617 ad
1399 2590 1501 2617 metus
1523 2585 1710 2619 referretur.

1018 2628 1071 2657 Sic
1086 2628 1184 2658 habet
1197 2628 1248 2658 ed.
1263 2627 1359 2658 Rom.

1064 2670 1100 2699 16
1122 2670 1260 2708 itemque
1286 2668 1432 2708 Servius]
1462 2669 1502 2700 In
1528 2669 1579 2701 ed.
1604 2669 1711 2702 Graev.

1019 2715 1068 2741 est
1097 2710 1262 2747 Servium,
1292 2716 1331 2742 ut
1358 2710 1399 2742 ad
1427 2713 1509 2742 nosti
1538 2711 1709 2743 referatur.

1017 2752 1080 2784 Sed
1095 2762 1160 2783 non
1175 2757 1225 2784 est
1240 2762 1378 2784 necesse.
1396 2762 1472 2785 nam
1487 2753 1598 2795 potuit
1610 2753 1712 2786 varia-

1018 2805 1050 2826 re
1067 2795 1359 2826 constructionem.
