1865 3223
298 88 374 123 336
554 82 733 120 EPIST.
761 81 946 120 LIBER
970 80 1500 119 TERTIUSDECIMUS

299 203 466 246 genere,
487 201 583 243 pars
617 196 682 228 est
712 188 901 229 maxima
926 186 1129 228 civitatis.
1159 192 1330 227 constat
1357 185 1472 226 enim
1501 199 1556 227 ex
1577 186 1729 226 ceteris

255 252 288 284 b
301 246 604 291 societatibus:
635 253 679 285 et
710 259 807 286 casu
843 244 1042 307 permulti
1078 252 1177 284 sunt
1205 243 1249 283 in
1286 256 1338 282 ea
1367 242 1572 283 societate
1606 242 1728 283 valde

302 303 408 344 mihi
432 301 704 351 familiares,
695 295 738 342 in
770 302 1000 356 primisque
1023 315 1072 351 iS,
1093 299 1216 353 cujus
1244 299 1508 354 praecipuum
1536 298 1728 339 officium

303 361 446 423 agitur
470 360 551 399 hoc
579 368 784 412 tempore,
817 357 866 398 Ρ
902 356 1115 411 Rupilius,
1152 355 1200 395 Ρ.
1229 356 1278 397 14.
1300 356 1521 420 Menenia,
1555 356 1628 411 qui
1665 364 1730 396 est

302 416 508 471 magister
538 416 580 455 in
611 428 661 454 ea
690 414 908 454 societate.
969 415 1080 460 Quae
1105 426 1203 453 cum
1235 413 1296 454 ita
1326 413 1425 463 sint,
1447 413 1489 453 in
1506 412 1726 476 majorem

300 474 476 514 modum
498 487 523 512 a
545 481 585 511 te
608 479 723 525 peto,
746 469 829 509 Cn
853 469 1055 524 Pupium,
1074 469 1147 523 qui
1166 477 1229 509 est
1252 470 1291 510 in
1315 470 1454 525 operis
1476 469 1569 524 ejus
1591 468 1737 509 socie-

299 530 415 580 tatis,
442 528 641 569 omnibus
676 526 759 566 tuis
791 525 945 566 officiis
976 534 1104 580 atque
1136 526 1253 566 omni
1284 526 1535 568 liberalitate
1568 536 1725 575 tueare,

298 598 517 640 curesque,
549 593 596 623 ut
625 582 717 637 ejus
750 596 908 645 operae,
929 582 1044 636 quod
1076 581 1156 622 tibi
1189 580 1313 622 facile
1346 582 1458 623 factu
1491 592 1570 633 est,
1595 596 1724 637 quam

299 642 554 705 gratissimae
577 640 663 680 sint
684 653 834 680 sociis:
867 652 1054 693 lemque,
1073 647 1116 678 et
1138 638 1366 689 utilitatem
1388 640 1614 689 socior,um
1631 644 1725 692 (cu-

291 713 366 754 Jus
390 697 449 740 rei
470 706 673 752 quantam
697 704 952 750 potestatem
981 706 1170 749 quaestor
1190 694 1361 744 habeat,
1383 710 1468 736 non
1491 711 1584 737 sum
1603 697 1724 752 igna-

289 756 402 806 rus,)
424 769 499 811 per
528 762 569 794 te
595 767 726 816 quam
755 752 942 793 maxime
973 752 1190 792 defensam
1223 760 1266 793 et
1295 762 1462 794 auctam
1496 753 1611 794 velis.
1674 752 1723 793 Id

297 826 397 853 cum
428 810 533 851 mihi
560 809 850 865 gratissimum
884 807 1049 857 feceris,
1089 810 1130 838 24
1146 817 1237 849 tum
1275 808 1376 849 illud
1412 808 1492 849 tibi
1523 820 1723 864 expertus

299 867 504 924 promitto
525 875 570 907 et
560 843 796 921 Dspondeo,
815 875 857 905 te
878 866 1016 906 socios
1038 840 1277 920 bithyniae,
1295 865 1330 905 si
1351 865 1402 905 iis
1423 866 1722 916 commodaris,

300 938 507 965 memores
529 937 618 963 esse
641 931 683 962 et
704 932 850 977 gratos
871 922 1163 977 cogniturum.

235 1007 286 1044 10
808 1009 1209 1048 ARGUMENTUM.

295 1077 349 1113 M.
372 1077 499 1115 Bruto,
522 1087 622 1123 quem
647 1075 776 1116 Coesar,
796 1076 835 1110 in
861 1073 1078 1123 Africanum
1105 1074 1235 1110 bellum
1261 1071 1501 1123 profecturus,
1531 1075 1725 1123 CIsalpz'noe

352 1129 483 1164 Gallice
511 1127 736 1175 proefecerat,
766 1126 830 1163 lib.
858 1126 924 1162 VI.
954 1127 1062 1174 epist.
1090 1125 1158 1166 VI,
1185 1125 1241 1162 M.
1279 1126 1483 1163 Terentium
1518 1126 1722 1166 Varronem,

346 1186 555 1229 quoestorem
572 1184 667 1215 sorte
684 1180 823 1219 datum,
843 1179 1115 1225 diligentissime
1132 1179 1365 1215 commendat.

737 1243 970 1286 CICERO
1004 1243 1210 1285 BRUTO
1242 1244 1285 1286 S.

296 1303 439 1356 CUM
464 1314 514 1354 ad
545 1322 585 1354 te
610 1321 706 1353 tuus
736 1322 978 1367 quaestor,r
964 1310 1029 1352 M.
1055 1311 1204 1362 Varro,
1228 1311 1583 1367 proficisceretur,
1605 1326 1725 1354 corn·

293 1371 567 1411 mendatione
588 1384 713 1425 egere
730 1383 827 1409 eum
847 1383 932 1408 non
959 1369 1100 1423 putab·
1093 1383 1176 1408 un.
1237 1369 1349 1409 Satis
1371 1371 1482 1410 enim
1506 1383 1724 1410 commen-

292 1428 439 1467 datum
464 1427 543 1467 tibi
574 1441 670 1467 eum
693 1426 930 1466 arbitrabar
961 1425 1045 1465 ab
1038 1439 1130 1480 ipso
1154 1439 1270 1465 more
1291 1424 1531 1479 majorum:
1564 1427 1653 1480 qui,
1677 1436 1725 1466 ut

294 1493 337 1524 te
358 1498 442 1524 non
467 1483 594 1538 fugit,
617 1482 727 1523 hanc
757 1491 986 1536 quaesturae
1010 1482 1378 1537 conjunctionem,
1401 1483 1629 1523 liberorum
1654 1496 1726 1522 ne-

293 1540 539 1585 cessitudini
561 1539 800 1595 proximam
827 1538 960 1578 voluit
980 1552 1085 1578 esse.
1146 1538 1228 1578 Sed
1250 1553 1348 1578 cum
1372 1538 1452 1578 sibi
1475 1539 1544 1578 ita
1554 1551 1727 1602 persua-

294 1597 417 1637 sisset
448 1597 552 1652 ipse,
574 1610 687 1636 meas
718 1596 771 1636 de
803 1609 847 1635 se
867 1604 1063 1636 accur-ite
1085 1596 1264 1650 scriptas
1291 1595 1467 1645 litteras,
1489 1596 1726 1636 maximum

293 1654 406 1709 apud
437 1662 480 1694 te
510 1654 675 1708 pondus
708 1652 940 1702 habituram,
963 1666 987 1691 a
1013 1666 1165 1707 meque
1197 1653 1489 1702 contenderet,
1520 1662 1566 1692 ut
1596 1666 1724 1706 quam

293 1709 621 1766 diligentissime
645 1710 895 1750 scriber:em
928 1708 1057 1749 malui
1088 1710 1243 1757 facere,
1265 1709 1378 1763 quod
1402 1723 1520 1752 meus
1544 1708 1726 1750 familia-

291 1767 349 1807 ris
368 1767 476 1808 tanti
497 1782 541 1806 su
548 1782 572 1806 ι
590 1767 791 1807 interesse
812 1766 1102 1806 arbitraretur.
1166 1765 1224 1806 Ut
1247 1766 1378 1819 igitur
1400 1765 1553 1806 debere
1576 1780 1642 1805 me
1663 1765 1724 1806 ta-

292 1838 387 1864 cere
411 1825 491 1864 hoc
514 1823 742 1878 intelligaS‚
759 1837 855 1863 cum
879 1822 1103 1877 primuml
1088 1821 1154 1862 M
1177 1821 1436 1862 Terentius
1427 1837 1469 1862 in
1494 1822 1632 1863 forum
1655 1836 1725 1862 ve-

292 1882 371 1932 nit,
394 1881 446 1922 ad
474 1880 706 1926 amicitiam
736 1893 779 1920 se
808 1892 947 1919 meam
976 1879 1174 1920 contulit.
1237 1878 1421 1928 Deinde,
1443 1888 1490 1919 ut
1517 1893 1560 1919 se
1582 1893 1726 1920 corro-

160 1959 193 1992 p.
207 1952 280 1982 eoa·
295 1938 476 1987 boravit,
498 1937 594 1977 duae
620 1951 760 1976 causae
791 1945 1074 1986 accesserunt,
1095 1950 1192 1991 quae
1223 1950 1360 1976 meam
1384 1935 1424 1975 in
1449 1935 1567 1976 illum
1599 1938 1638 1966 25
1655 1937 1726 1976 be-

246 1993 568 2036 ³·nivolentiarn
602 2002 831 2049 augerent:
864 2006 966 2044 una,
986 1994 1099 2047 quod
1125 1993 1371 2033 versabatur
1399 1992 1441 2032 in
1473 1992 1514 2022 26
1532 1991 1616 2032 hoc
1637 2002 1726 2033 stu-

290 2051 362 2092 dio
379 2061 546 2115 nostro,
569 2065 655 2115 quo
659 2026 805 2090 e>etiam
830 2064 942 2090 nunc
965 2051 1153 2089 maxime
1176 2049 1453 2098 delectamur,
1475 2058 1518 2088 et
1539 2062 1637 2089 cum
1661 2049 1726 2089 in·

290 2108 434 2163 geniO,
469 2117 518 2148 ut
545 2107 674 2157 nosti,
703 2121 781 2147 nec
813 2107 902 2146 sine
934 2106 1169 2157 industria;
1211 2106 1379 2155 deinde,
1412 2105 1527 2161 quod
1560 2105 1727 2146 mature

290 2179 334 2205 se
355 2164 538 2206 eontulit
570 2166 612 2204 in
645 2164 870 2204 societates
894 2159 1249 2219 publicanorum:
1282 2162 1397 2217 quod
1428 2162 1602 2217 quidem
1631 2162 1724 2203 nol-

288 2221 385 2261 lem.
419 2221 617 2261 maximis
646 2221 759 2261 enim
788 2220 828 2260 d·
820 2221 955 2260 ·ιιῐιηὶ3
977 2219 1155 2261 ·1ffectus
1177 2229 1254 2260 est.
1315 2219 1398 2260 Sed
1430 2229 1573 2259 tamen
1596 2234 1726 2260 causa

288 2278 530 2319 communis
561 2277 736 2327 ordinis,
761 2277 867 2317 mihi
898 2277 1136 2318 commend
1129 2285 1324 2326 itissmn,
1356 2276 1459 2316 fecit
1487 2276 1721 2316 amicitiam

286 2345 475 2375 nostram
502 2334 747 2374 firmiorem.
808 2334 977 2375 Deinde
999 2343 1188 2374 versatus
1219 2334 1316 2374 27in
1341 2333 1532 2388 utrisque
1562 2331 1722 2373 subsel—

283 2390 352 2433 liis
374 2392 539 2448 optima
559 2400 603 2430 et
632 2391 728 2441 fide,
750 2401 792 2432 et
815 2391 942 2442 fama,
967 2391 1060 2447 jam
1084 2399 1183 2431 ante
1204 2390 1314 2431 hanc
1337 2389 1721 2431 commutationem

327 2530 368 2559 ‘24
388 2532 460 2558 tum
475 2526 561 2557 illud
574 2527 630 2556 tibi
646 2524 976 2566 erpeiluepromieto]
1023 2526 1120 2555 cavit.
1142 2525 1241 2556 male.
1264 2524 1428 2555 Latinitas
1450 2518 1652 2564 praecedente
1668 2534 1722 2554 ae·

285 2570 413 2603 Nempe
424 2568 746 2616 publicanisolebant
759 2578 826 2603 eos,
839 2568 980 2607 quiipsis
1023 2572 1185 2597 cesserunt
1208 2567 1353 2607 postulat
1384 2572 1555 2605 augerent,
1577 2566 1663 2606 quod
1687 2574 1723 2597 et

286 2613 453 2647 favissem,
466 2611 636 2641 defendere
651 2610 740 2639 omni
763 2590 858 2639 ruoilo
874 2615 907 2638 et
925 2612 981 2646 iu·
1025 2610 1090 2639 Gu.
1111 2612 1136 2640 1.
1153 2609 1250 2640 habet
1266 2614 1300 2639 et
1314 2609 1406 2640 Gorl.

287 2664 362 2684 vare
378 2655 409 2683 in
425 2652 601 2683 honoribus
617 2652 793 2692 petendiss
787 2661 820 2681 in
830 2652 979 2688 judiciis:
1067 2652 1108 2681 96
1122 2653 1178 2681 hoc
1192 2652 1295 2680 studio
1309 2650 1429 2689 nostro]
1455 2650 1673 2691 Philosophia·
1688 2659 1722 2681 et

285 2701 325 2726 ut
341 2701 457 2726 eontra
470 2705 523 2724 eos
546 2695 636 2724 omni
660 2693 755 2723 modo
778 2694 982 2732 premebant,
1026 2693 1165 2722 aliarum
1191 2693 1414 2723 doctrinarum
1444 2693 1639 2724 liberalium.
1676 2694 1722 2724 sic

286 2739 342 2778 qui
358 2737 569 2769 iis-adversati
586 2737 618 2766 in
633 2736 807 2776 provinciis
822 2741 941 2765 essent.
1027 2745 1078 2775 ep.
1101 2738 1146 2766 12.
1162 2739 1273 2764 nostra
1286 2736 1406 2764 stmlin.

330 2782 370 2811 95
397 2780 424 2810 b.
452 2778 626 2818 augerent]
652 2777 730 2814 Alii,
755 2777 833 2808 Mss.
857 2782 891 2806 et
912 2776 984 2807 edd.
1071 2779 1109 2810 527
1134 2778 1169 2806 in
1183 2778 1328 2816 utrisque
1342 2776 1511 2816 subselliis]
1536 2788 1566 2808 v
1579 2777 1669 2809 Clav.
1689 2777 1724 2807 in

289 2827 370 2852 vett.
387 2826 565 2859 auserunt,
581 2821 666 2859 quod
681 2825 713 2850 et
737 2819 883 2850 Graevius
899 2829 988 2850 revo-
1030 2820 1227 2850 subsellium.
