1817 3196
351 127 430 166 AD
456 123 574 186 SER„
601 120 940 166 SULPICIUM,
969 119 1043 158 ET
1068 118 1346 158 CETEROS.
1512 125 1564 160 85

427 228 496 270 M.
515 227 565 270 T.
584 228 635 269 C.
668 227 711 268 S.
735 225 791 267 D.
824 225 891 266 M.
912 222 1273 266 MARCELLO.

138 286 284 341 ETSI
316 310 367 338 eo
399 305 441 337 te
473 294 614 336 adhuc
649 294 829 335 consilio
863 307 985 334 usum
1019 291 1230 346 intelligo,
1264 300 1310 331 ut
1348 290 1389 331 id
1426 304 1564 345 repre-

132 356 315 398 hendere
355 367 441 394 non
483 352 678 401 audeam,
711 365 796 392 non
837 350 941 405 quin
983 349 1037 389 ab
1076 362 1127 389 eo
1169 349 1261 403 ipse
1302 347 1565 398 dissentiam,

133 413 205 453 sed
227 410 340 466 quod
361 424 411 450 ea
433 418 474 449 te
497 408 708 463 sapientia
735 421 826 448 esse
848 406 1058 461 judicem,
1081 415 1128 446 ut
1163 418 1304 445 meum
1340 404 1567 445 consilium

131 483 218 510 non
241 476 496 521 anteponam
526 475 626 506 tuo:
661 474 802 504 tamen
825 474 868 504 et
891 463 1093 504 amicitiae
1117 472 1276 502 nostrae
1300 470 1502 510 vetustaS,
1524 472 1569 501 et

131 533 207 566 tua
227 537 392 565 summa
411 536 514 578 erga
535 536 603 562 me
635 520 937 570 benivolentia,
960 534 1056 574 quae
1089 519 1194 559 mihi
1222 519 1316 573 jam
1340 533 1364 558 a
1386 517 1570 573 pueritia

132 592 207 622 tua
227 580 403 635 cognita
423 588 501 629 est,
524 593 591 619 me
622 577 795 619 hortata
824 587 903 628 est,
928 586 974 616 ut
994 590 1044 616 ea
1066 576 1293 616 scriberem
1317 576 1368 616 ad
1393 585 1448 626 te,
1470 589 1567 629 quae

131 647 175 678 et
196 636 320 678 saluti
350 645 435 676 tuae
466 636 706 676 conducere
733 635 974 683 arbitrarer,
997 642 1040 673 et
1062 647 1147 672 non
1170 633 1308 672 aliena
1328 646 1418 673 csse
1439 632 1569 672 duce-

131 707 218 734 rem
252 709 277 734 a
308 692 535 748 dignitate.
597 690 692 746 Ego
725 706 822 732 eum
858 701 898 731 te
931 704 1036 740 esse,
1062 690 1134 744 qui
1171 689 1321 729 horum
1361 687 1569 729 malorum

128 749 253 791 initia
275 750 411 790 multo
433 758 532 789 ante
555 748 723 798 videris,
746 748 1015 789 consulatum
1045 746 1473 802 magnificentissime
1504 754 1570 786 at-

128 821 212 862 que
234 807 398 862 optime
426 806 620 862 gesseriS‚
643 805 848 861 praeclare
879 804 1081 844 memini:
1114 804 1185 844 sed
1210 803 1322 843 idem
1344 802 1474 842 etiam
1498 802 1570 843 illa

128 863 232 914 vidi,
257 877 392 918 neque
418 873 458 903 te
479 862 706 904 consilium
730 861 868 903 civilis
892 860 990 901 belli
1021 861 1081 900 ita
1110 860 1301 915 gerendi,
1325 873 1462 914 neque
1494 874 1567 900 co-
1582 865 1614 896 b.

126 920 220 976 pias
244 919 325 961 Cn.
352 920 564 975 Pompeii,
587 933 666 960 nec
688 933 823 975 genus
847 918 1077 968 exercitus,
1100 918 1295 973 probare,
1319 930 1571 972 semperque

129 991 294 1018 summe
325 976 532 1018 diffidere.
594 977 694 1022 Qua
716 977 756 1016 in
782 974 994 1016 sententia
1021 988 1089 1015 me
1110 989 1282 1030 quoque
1315 974 1461 1023 fuisse,
1484 987 1573 1014 me-

128 1034 266 1075 moria
294 1043 437 1074 tenere
472 1042 514 1074 te
545 1034 745 1074 arbitror.
807 1032 960 1086 Itaque
996 1045 1133 1086 neque
1166 1041 1212 1071 tu
1236 1031 1418 1071 multum
1442 1030 1573 1070 inter-

130 1090 250 1132 fuisti
273 1091 398 1132 rebus
421 1090 634 1146 gerendis,
657 1099 700 1130 et
721 1104 804 1146 ego
838 1089 880 1130 id
915 1102 1081 1144 semper
1114 1088 1200 1143 egi,
1223 1102 1275 1128 ne
1310 1088 1572 1128 interessem.

131 1147 233 1188 Non
267 1147 381 1188 enim
412 1148 462 1188 iis
486 1148 611 1187 rebus
634 1147 949 1202 pugnabamus,
971 1146 1127 1199 quibus
1152 1144 1290 1185 valere
1312 1154 1573 1200 poteramus,

126 1203 325 1254 consilio,
347 1204 618 1253 auctoritate,
649 1218 791 1253 causa,
813 1217 910 1256 quae
945 1211 1068 1242 erant
1100 1202 1144 1240 in
1180 1201 1305 1241 nobis
1340 1201 1574 1256 superiora,

128 1261 202 1302 sed
234 1260 403 1301 lacertis
436 1268 480 1301 et
517 1260 696 1310 viribus,
728 1259 885 1314 quibus
926 1271 1047 1313 pares
1087 1272 1173 1297 non
1212 1271 1395 1298 eramus.
1456 1257 1574 1297 Victi

129 1332 274 1359 sumus
298 1318 444 1373 igitur,
465 1324 554 1366 aut,
579 1316 612 1356 si
636 1316 749 1357 vinci
781 1315 970 1371 dignitas
1003 1328 1089 1354 non
1123 1324 1279 1369 potest,
1303 1313 1428 1354 fracti
1459 1323 1575 1355 certe

127 1384 172 1415 et
192 1374 366 1429 abjecti.
429 1373 481 1414 In
503 1387 589 1428 quo
612 1382 734 1414 tuum
758 1372 984 1413 consilium
1009 1385 1136 1412 nemo
1161 1380 1304 1427 potest
1326 1385 1412 1411 non
1435 1371 1575 1411 maxi-

126 1445 197 1472 me
218 1431 404 1481 iaudare,
426 1431 541 1486 quod
564 1444 663 1471 cum
686 1443 761 1485 spe
785 1429 982 1470 vincendi
1007 1428 1133 1468 simul
1158 1428 1358 1483 abjecisti
1381 1427 1575 1469 certandi

126 1489 256 1530 etiarn
280 1487 588 1543 cupiditatem:
622 1485 949 1541 ostendistique,
972 1485 1210 1540 sapientem
1242 1494 1285 1525 et
1323 1486 1483 1525 bonum
1514 1485 1577 1526 ci-

128 1559 225 1587 vem
248 1544 371 1585 initia
393 1543 492 1584 belli
522 1543 662 1583 civilis
695 1543 881 1583 invitum
914 1543 1145 1597 suscipere,
1166 1550 1362 1582 extrema
1393 1541 1577 1582 libenter

128 1617 215 1644 non
250 1601 461 1658 persequi.
524 1600 612 1648 Qui
646 1614 733 1641 non
770 1599 884 1640 idem
923 1598 1167 1648 consilium,
1192 1599 1307 1654 quod
1344 1608 1404 1649 tu,
1439 1599 1575 1639 secuti

128 1667 243 1709 sunt,
266 1672 339 1699 eos
365 1657 487 1699 video
520 1657 564 1699 in
599 1657 684 1697 duo
718 1670 876 1712 genera
908 1670 1000 1696 esse
1032 1655 1276 1697 distractos.
1336 1655 1426 1696 Aut
1460 1655 1576 1696 enim

127 1729 332 1758 renovare
361 1713 519 1755 bellum
552 1713 697 1754 conati
733 1722 846 1764 sunt,
869 1712 1000 1768 hique
1021 1726 1065 1752 se
1087 1713 1130 1753 in
1154 1710 1349 1752 Africam
1382 1711 1576 1752 contule-

116 1782 258 1815 runt:
290 1780 379 1822 aut,
417 1770 780 1826 quemadmodum
823 1784 916 1820 nOS,
956 1769 1111 1811 victori
1154 1782 1244 1809 sese
1286 1768 1573 1810 crediderunt.

128 1829 330 1872 Medium
364 1827 577 1883 quoddam
615 1836 735 1868 tuum
770 1826 1000 1868 consilium
1033 1825 1133 1877 fuit,
1165 1826 1240 1880 qui
1274 1826 1357 1867 hoc
1395 1825 1574 1866 fortasse

125 1885 301 1929 humilis
335 1883 466 1928 animi
505 1883 697 1934 duceres,
722 1883 825 1925 illud
860 1883 1107 1940 pertinacis.
1170 1882 1339 1934 Fateor,
1370 1898 1395 1923 a
1426 1882 1575 1938 pleris-

126 1958 226 2000 que,
264 1942 329 1983 vel
366 1941 508 1983 dicam
547 1941 601 1982 ab
644 1940 860 1992 omnibus,
897 1940 1066 1996 sapiens
1105 1948 1227 1981 tuum
1265 1939 1510 1990 consilium,
1549 1954 1576 1981 a

126 1999 274 2042 multis
296 1999 427 2040 etiam
450 1998 596 2054 magni
618 2012 668 2038 ac
690 1997 813 2038 fortis
845 1997 977 2038 animi
1003 1996 1265 2052 judicatum.
1327 1997 1410 2038 Sed
1442 1997 1575 2037 habet

127 2059 211 2100 ista
232 2056 357 2106 ratio,
379 2064 427 2097 ut
453 2054 560 2095 mihi
583 2054 758 2110 quidem
780 2054 963 2104 videtur,
985 2053 1199 2109 quendam
1228 2053 1429 2095 modum:
1463 2068 1574 2109 prae-

129 2115 275 2157 sertim
296 2127 396 2155 cum
416 2111 498 2153 tibi
520 2111 628 2152 nihil
649 2111 794 2152 deesse
816 2111 998 2152 arbitrer
1019 2110 1072 2151 ad
1096 2121 1188 2150 tuas
1208 2109 1401 2151 fortunas
1423 2125 1571 2151 omnes

128 2170 399 2221 obtinendas,
435 2176 591 2224 praeter
623 2168 905 2209 voluntatem.
967 2167 1040 2208 Sic
1077 2167 1192 2207 enim
1223 2167 1432 2218 intellexi,
1466 2165 1576 2209 nihil

130 2227 245 2271 aliud
278 2240 383 2277 esse,
415 2225 531 2280 quod
561 2225 878 2265 dubitationem
912 2223 1083 2265 afferret
1114 2223 1168 2274 ei,
1200 2238 1328 2281 penes
1352 2238 1480 2280 quem
1509 2234 1575 2265 est

129 2291 338 2342 potestaS,
366 2281 449 2323 nisi
479 2281 595 2336 quod
625 2291 855 2334 vereretur,
885 2295 938 2321 ne
967 2291 1012 2321 tu
1047 2280 1149 2321 illud
1188 2281 1445 2322 beneficium
1481 2296 1573 2322 om-

126 2343 232 2384 nino
265 2354 353 2381 non
389 2347 576 2395 putares.
638 2337 706 2379 De
726 2352 813 2393 quo
835 2337 945 2392 quid¹
971 2337 1169 2386 sentiam,
1190 2337 1299 2378 nihil
1331 2338 1486 2379 attinet
1508 2339 1573 2379 di-

130 2412 244 2441 cere:
269 2410 368 2439 cum
390 2403 609 2451 appareat,
632 2395 722 2450 ipse
743 2394 846 2450 quid
868 2394 1058 2435 fecerim.
1088 2396 1127 2428 27
1139 2394 1222 2436 Sed
1247 2405 1404 2445 tamen,
1427 2396 1460 2435 si
1476 2395 1571 2449 jam

129 2456 192 2501 ita
212 2453 524 2502 constituisses,
548 2460 594 2492 ut
618 2453 779 2493 abesse·
799 2460 1008 2507 perpetuo
1042 2451 1203 2502 malles,
1223 2466 1351 2506 quam
1385 2466 1448 2502 ea,
1471 2466 1568 2506 quae

128 2511 278 2563 nolles,
300 2510 468 2551 videre:
500 2517 644 2549 tamen
668 2509 710 2549 id
732 2509 926 2564 cogitare
946 2509 1136 2559 deberes,
1157 2509 1420 2563 ubicumque
1440 2522 1566 2559 esses,
1580 2522 1610 2552 p.
1628 2515 1681 2547 53.

131 2577 172 2613 te
194 2567 285 2611 fore
305 2568 348 2608 in
379 2567 473 2624 ejus
494 2565 644 2623 ipsius,
665 2580 794 2624 quem
816 2564 1001 2624 fugereS,
1023 2574 1250 2623 potestate.
1313 2565 1401 2614 Qui
1438 2566 1471 2606 si
1505 2565 1568 2606 fa·-
1579 2565 1611 2588 ⁵¹·

175 2724 216 2758 27
239 2721 306 2755 Sed
325 2727 449 2760 tumen,
470 2723 653 2753 sil—tamen
674 2721 711 2752 id
730 2730 756 2752 c.
778 2719 825 2760 d.]
872 2721 949 2752 alibi
972 2720 1137 2752 interdum
1161 2725 1223 2758 est,
1246 2725 1357 2752 tamen
1383 2720 1455 2756 etsi,
1476 2725 1515 2752 ut
1536 2726 1571 2753 et

132 2764 211 2796 Non
238 2770 319 2804 puto
348 2766 539 2796 Ciceronem
574 2764 619 2794 sic
653 2763 827 2803 scripsisse.
871 2763 958 2794 infra
978 2774 1029 2804 ep.
1051 2767 1096 2794 15.
1112 2764 1175 2794 Gu.
1190 2766 1220 2796 i).
1238 2763 1273 2793 in
1295 2762 1356 2794 hac
1376 2762 1450 2805 prta:
1473 2762 1572 2797 habet

135 2805 220 2836 Puto
241 2807 382 2844 tametsi,
404 2811 478 2847 post
500 2805 586 2845 quod
607 2805 709 2836 etiam
732 2804 779 2842 11,
796 2807 828 2838 7.
870 2807 958 2837 noles
971 2812 1005 2836 et
1021 2805 1121 2844 debej.

135 2851 185 2881 est
200 2847 255 2879 sed
274 2852 394 2880 tamen.
409 2848 473 2880 fuit
493 2848 579 2879 forte
601 2847 772 2888 scriptum,
790 2851 827 2877 ut

787 2893 863 2933 63
