1865 3223
470 114 551 152 AD
577 113 885 153 CONSULES
910 112 985 151 ET
1011 114 1292 153 CETEROS.
1514 121 1590 155 405

168 225 326 260 catore.
384 208 564 260 Amissis
590 225 731 258 autem
755 218 1033 283 temporibus,
1055 231 1150 272 quae
1185 217 1412 274 plurimum
1436 218 1590 271 valent,

169 274 404 340 praesertim
427 275 468 316 in
494 273 611 317 bellis
632 274 844 325 civilibus,
867 275 1143 339 interpositus
1173 290 1307 316 annus
1338 277 1444 317 alios
1469 277 1590 317 indu-

167 331 250 382 xit,
273 342 318 374 ut
341 332 560 374 victoriam
585 342 816 387 sperarent,
837 331 957 381 alios,
981 342 1024 372 ut
1047 331 1185 387 ipsum
1210 333 1321 373 vinci
1343 344 1589 375 contemne-

166 398 275 429 rent.
335 388 478 444 Atque
510 387 659 430 horum
690 388 895 430 malorum
924 388 1114 430 omnium
1137 387 1305 444 culpam
1333 389 1500 430 faortuni
1522 405 1590 431 su·

166 445 311 487 stinet.
344 446 452 493 Quis
472 446 584 486 enim
608 455 682 486 aut
702 445 980 487 Alexandrini
1007 445 1100 487 belli
1125 455 1287 486 tantam
1309 459 1466 487 moram
1492 449 1591 490 liuic

167 501 278 543 bello
314 503 565 556 adjunctum
604 502 669 553 iri,
705 512 780 544 aut
817 504 960 544 nescio
994 516 1120 557 quem
1157 502 1282 543 istum
1327 502 1590 546 Pharnacem

167 557 284 600 Asiae
309 569 508 600 terrorem
531 561 565 590 51
586 559 797 601 illaturum
822 562 1019 616 putaret?
1054 559 1142 600 Nos
1166 569 1322 609 tamen,
1346 559 1386 599 in
1410 561 1590 601 consilio

165 616 273 670 pari,
294 630 392 656 casu
416 616 609 657 dissimili
633 617 695 657 usi
725 631 884 658 sumus.
907 628 950 657 tu
973 617 1086 657 enim
1110 630 1202 656 eam
1237 627 1398 671 partem
1431 617 1591 672 petisti,

165 681 214 712 ut
235 682 277 712 et
298 672 487 714 consiliis
522 674 757 725 interesses,
779 684 822 715 et
843 674 956 729 quod
991 674 1178 715 maxime
1199 688 1343 714 curam
1379 673 1504 723 levat,
1529 674 1593 715 lu-

164 736 260 769 tura
287 730 431 770 animo
455 731 694 787 prospicere
728 745 885 787 posses.
907 745 1005 794 ego,
1026 732 1097 786 qui
1131 730 1344 778 fz‘estinui,
1378 740 1423 769 ut
1449 730 1592 771 Caesa-

164 798 252 826 rem
289 787 332 827 in
370 786 496 828 Italia
533 788 732 838 viderem,
762 789 843 841 (sic
873 789 984 828 enim
1017 787 1364 836 arbitrabamur)
1395 801 1591 842 eumque,

162 842 308 884 multis
330 843 640 885 honestissimis
664 846 762 885 viris
784 845 1044 886 conservatis
1076 846 1337 894 redeuntem,
1359 844 1410 884 ad
1443 859 1591 900 pacem

163 911 419 951 currentem,
443 911 488 941 ut
510 902 644 952 aiunt,
667 902 912 943 incitarem:
937 902 990 942 ab
1015 901 1085 942 illo
1110 902 1355 957 longissime
1377 912 1418 940 et
1441 905 1592 942 absum

162 966 206 998 et
227 957 362 998 ablui.
415 957 570 999 Versor
591 970 732 999 autem
757 960 798 1000 in
823 959 985 1015 gemitu
1009 958 1158 1007 Italiac,
1176 968 1218 998 et
1241 958 1282 998 in
1308 958 1421 999 urbis
1446 960 1592 1000 miser·

162 1013 281 1055 rimis
304 1014 508 1069 querelis.
541 1016 696 1079 quibus
717 1015 874 1071 aliquid
899 1031 992 1070 opis
1014 1015 1192 1056 fortasse
1213 1029 1295 1071 ego
1321 1029 1395 1078 pro
1420 1029 1526 1066 rue-1,
1547 1027 1591 1057 tu

161 1085 240 1135 pro
264 1080 350 1122 tua,
374 1086 450 1127 pro
473 1086 548 1112 sua
568 1073 746 1128 quisque
777 1084 897 1129 parte
919 1073 1027 1113 ferre
1060 1072 1281 1127 potuisset,
1303 1087 1336 1112 3ι
1359 1084 1508 1113 auctor
1529 1072 1593 1113 af-

162 1126 326 1170 fuisset
388 1128 532 1175 Quare
554 1129 679 1170 velim
705 1144 780 1186 pro
803 1140 874 1170 tua
898 1139 1087 1184 perpetu
1078 1145 1102 1169 ι
1122 1143 1224 1184 erga
1248 1143 1314 1169 me
1348 1128 1593 1170 benivolen-

163 1184 238 1235 tia,
274 1185 434 1226 scribas
466 1186 518 1226 ad
549 1200 631 1237 me,
666 1186 769 1241 quid
806 1187 963 1235 videas,
985 1186 1087 1240 quid
1122 1197 1292 1235 senti-is,
1315 1187 1415 1240 quid
1439 1201 1591 1241 exspe-

161 1242 380 1293 ctandum,
419 1243 521 1298 quid
562 1244 774 1299 agendum
815 1243 940 1283 nobis
977 1242 1211 1283 existimes.
1276 1242 1339 1282 Μ·
1333 1243 1429 1297 ugni
1469 1254 1594 1284 eruut

160 1299 268 1340 mihi
293 1309 377 1340 tuae
409 1299 586 1340 litterae:
618 1310 746 1354 atque
779 1299 942 1340 utinam
974 1299 1121 1355 primis
1149 1298 1245 1348 illis,
1275 1313 1380 1353 quas
1418 1299 1595 1340 Luceria

160 1355 351 1405 miseras,
367 1370 407 1411 p
396 1356 618 1398 ιτυί33ειῐιέ
643 1356 732 1397 siue
747 1356 830 1396 ulla
843 1356 957 1397 enim
975 1355 1171 1397 molestia
1184 1356 1440 1412 dignitatem
1457 1371 1594 1398 meam

162 1412 446 1454 retinuissem.
506 1412 625 1454 Vale.

673 1486 1075 1526 ARGUMENTUM.
1610 1479 1660 1521 16

180 1548 337 1588 Jocatur
355 1551 394 1586 in
413 1551 597 1598 opiniones
617 1549 828 1598 Epicureas,
849 1556 883 1586 et
902 1553 938 1587 in
957 1553 1073 1598 ipsum
1093 1549 1265 1590 Cassium,
1286 1549 1475 1598 Epicurea
1491 1549 1573 1599 pht-

680 1602 850 1651 losophiae
864 1604 1074 1639 studiosum.

494 1667 562 1709 M.
581 1667 632 1710 T.
657 1668 708 1710 C.
742 1668 794 1710 C.
818 1669 1034 1711 CASSIO
1066 1670 1110 1711 S.
1138 1668 1187 1710 Ρ.
1213 1667 1270 1710 D.
1604 1671 1636 1702 P·
1653 1661 1728 1694 ⁹⁵³·

160 1727 200 1757 ³²
217 1723 387 1777 PUTO
412 1747 452 1777 te
474 1736 728 1792 suppudere,
750 1751 848 1778 cum
880 1737 974 1779 haec
1007 1738 1130 1778 tertia
1159 1737 1251 1791 jam
1286 1736 1467 1792 epistola
1493 1747 1592 1780 ante
1605 1715 1635 1735 α’

158 1793 434 1848 oppresserit,
457 1807 585 1848 quam
614 1803 659 1834 tu
692 1794 897 1834 scidulam
921 1804 995 1835 aut
1018 1794 1217 1834 litteram.
1242 1794 1313 1834 sed
1338 1809 1420 1834 non
1445 1809 1591 1850 urgeo.

158 1847 373 1905 longiores
405 1864 520 1890 emm
558 1851 839 1914 exspectabo,
871 1851 935 1891 vel
972 1851 1113 1915 potius
1155 1851 1345 1903 exigam.
1409 1838 1517 1907 Ego,
1558 1853 1591 1893 si

159 1920 326 1970 semper
348 1907 564 1957 haberem,
581 1922 650 1948 cui
676 1908 836 1957 darem,
857 1908 922 1948 vel
945 1918 1084 1948 telnas
1100 1909 1141 1948 in
1161 1884 1257 1948 hol?
1243 1923 1267 1947 a
1285 1909 1445 1949 darem.
1447 1886 1507 1939 053
1523 1909 1594 1950 Fit

158 1964 274 2004 enim
299 1964 442 2004 nescio
463 1978 554 2018 qul,
577 1974 623 2004 ut
645 1965 764 2018 quasi
789 1979 932 2006 coram
955 1965 1101 2005 adesse
1125 1965 1306 2015 videare,
1329 1979 1425 2005 cum
1451 1967 1592 2007 scribo

157 2019 320 2075 aliquid
350 2020 402 2061 ad
438 2030 501 2062 te:
534 2034 671 2076 neque
693 2020 734 2061 id
757 2024 835 2062 κατ’
854 2023 987 2062 εἰδώλων
1004 2026 1204 2072 φαντασίαις,
1229 2032 1274 2062 ut
1303 2022 1454 2063 dicunt
1475 2024 1515 2053 54
1531 2024 1591 2064 tui

157 2142 299 2165 necesse.
342 2134 431 2165 Nam
453 2139 563 2165 totum
587 2134 648 2165 hoc
664 2135 788 2175 tropice
803 2133 851 2165 di·
892 2134 1054 2166 scidulam
1080 2145 1137 2175 pro
1152 2134 1351 2166 schedulam.
1369 2145 1428 2167 nec
1443 2136 1591 2177 displice-

155 2175 254 2206 eitur.
278 2186 337 2207 nec
366 2177 495 2208 Cassius
525 2177 650 2216 legatus
677 2177 791 2207 suisset
813 2177 853 2207 ab

153 2216 288 2250 Achaia.
332 2219 427 2255 Vult,
451 2219 580 2259 opinor,
606 2219 724 2256 dicere,
747 2220 817 2250 Caes
819 2229 852 2249 a·

153 2268 225 2290 rem
246 2270 305 2291 sua
326 2267 457 2300 sponte,
473 2270 532 2291 sua
549 2261 768 2292 misericordia
784 2271 854 2290 mo-

155 2305 244 2338 tum,
259 2304 388 2333 veniam
404 2303 559 2333 daturum
575 2302 685 2333 fuisse.

202 2324 244 2377 51’
264 2345 440 2376 illaturum
449 2344 600 2384 putaret]
621 2344 679 2375 Est
691 2354 798 2375 sermo
813 2343 852 2374 de

154 2387 334 2429 praeterito.
379 2385 493 2427 ltaque
521 2387 650 2417 videtur
678 2387 852 2425 legendum

147 2433 308 2471 putasset.
353 2427 424 2458 Etsi
447 2433 480 2459 et
503 2428 579 2459 alibi
594 2428 657 2459 hoc
671 2430 716 2460 sic
729 2429 853 2459 dictum

155 2472 274 2513 reperi:
301 2470 380 2501 mihi
398 2477 509 2502 tamen
524 2478 711 2510 suspectum
727 2477 787 2501 est.

197 2516 239 2546 52
263 2513 352 2544 Puto
381 2512 502 2553 tejam
528 2512 854 2553 suppudere——operis

152 2555 208 2596 eie]
237 2555 318 2587 Haec
331 2561 380 2585 est
398 2555 496 2586 lectio
511 2555 661 2592 Victorii,
679 2566 698 2586 a
711 2555 853 2584 Gruter-0

153 2603 294 2635 servata,
305 2597 361 2627 sed
374 2597 443 2628 sine
459 2596 631 2627 commodo
647 2607 753 2628 sensu.
784 2596 854 2636 Ego

154 2638 382 2680 primumjam
397 2639 513 2676 delevi,
529 2639 615 2678 quod
629 2645 662 2670 et
676 2649 742 2670 non
754 2645 802 2669 est
818 2640 853 2669 in

154 2682 306 2712 omnibus
317 2682 419 2717 libris,
434 2686 467 2712 et
483 2687 606 2711 temere
622 2687 672 2712 est
685 2693 703 2712 e
717 2690 853 2719 sequeu-

152 2724 242 2754 tibus
266 2723 320 2754 hic
348 2725 536 2763 repetitum.
563 2723 678 2754 deinde
702 2723 774 2753 dedi
802 2733 853 2762 op·

147 2767 315 2805 presserit,
337 2775 396 2806 pro
411 2766 576 2806 oppressit,
596 2765 683 2804 quod
707 2764 854 2795 Graevius

155 2809 334 2838 revocavit:
360 2817 436 2838 nam
459 2808 505 2838 sie
533 2808 680 2838 latinitas
694 2806 854 2847 postulat,

157 2855 190 2880 et
214 2851 260 2880 sie
281 2849 381 2881 habet
406 2849 457 2881 ed.
482 2849 616 2881 Mediol.
639 2849 727 2880 Tum
751 2849 855 2888 recepi

895 2183 944 2206 ret
958 2188 987 2208 s
986 2177 1081 2208 ddum
1095 2190 1112 2207 e
1127 2179 1268 2214 wedam,
1284 2178 1369 2217 quod
1385 2178 1494 2218 plures
1512 2181 1591 2210 Mss.

894 2218 1030 2255 habent,
1046 2220 1146 2250 etiam
1164 2225 1286 2254 noster,
1303 2220 1367 2251 Gu.
1385 2223 1414 2252 2.
1439 2221 1507 2252 Erf.
1522 2223 1592 2262 qui-

896 2261 971 2290 dam
994 2262 1108 2298 etiam,
1132 2268 1169 2292 ut
1191 2234 1590 2303 Gu.1.ed.vted.sytln-

897 2303 991 2332 bam:
1014 2304 1100 2341 quud
1125 2313 1203 2334 sane
1232 2305 1316 2344 aptis
1303 2305 1437 2335 ssimum
1465 2315 1498 2335 es
1501 2312 1515 2335 t
1543 2316 1590 2336 se-

893 2344 1006 2384 quenti
1023 2346 1165 2376 lieet-‚am

938 2389 976 2417 53
1000 2385 1053 2417 Ftl
1067 2389 1153 2418 enim
1177 2388 1279 2417 nescio
1299 2389 1389 2428 qnid]
1418 2389 1481 2419 Hic
1496 2398 1594 2420 nemo

895 2427 1001 2463 haesit.
1021 2429 1105 2468 quud
1120 2430 1231 2460 sciam.
1276 2430 1388 2460 (icero
1404 2431 1473 2460 sine
1496 2431 1594 2461 dnbio

894 2471 1022 2510 scripsit
1045 2473 1112 2510 qui,
1136 2481 1193 2511 pro
1209 2473 1371 2511 quomodo.
1414 2472 1594 2504 Lambinus

895 2513 996 2543 sensit
1020 2522 1105 2543 unus
1131 2514 1266 2544 vitium.
1291 2515 1496 2553 con-iecitque
1519 2526 1595 2555 qun-

896 2555 997 2585 mna'o.
1015 2555 1070 2584 sed
1085 2557 1140 2595 qui
1156 2565 1266 2585 verum
1283 2564 1330 2585 est
1345 2568 1351 2584 :
1378 2566 1437 2586 nec
1460 2557 1491 2586 id
1515 2557 1594 2587 reci-

898 2607 972 2637 pere
987 2598 1020 2627 in
1037 2604 1164 2627 textum
1179 2597 1336 2627 dubitavi.

938 2642 979 2669 54
1001 2640 1050 2669 tui
1065 2640 1162 2670 amici
1175 2640 1260 2678 nori]
1281 2639 1444 2678 Epicure-i,
1460 2640 1499 2671 ad
1514 2651 1596 2680 qno·

896 2690 969 2710 rum
986 2688 1108 2711 sectam
1125 2688 1316 2716 accesserat,
1343 2682 1457 2712 relicta
1482 2684 1593 2722 priori.

899 2723 1007 2753 Fuisse
1022 2728 1132 2753 autem
1150 2731 1226 2752 ante
1243 2724 1388 2754 Stoicum
1406 2725 1491 2754 infra
1510 2726 1593 2755 indi-

897 2773 950 2795 cat
967 2766 1093 2799 Cicero,
1117 2775 1192 2795 curn
1216 2775 1290 2795 eum
1308 2766 1420 2796 vir-tuti
1437 2769 1593 2798 nuncium

899 2807 1057 2836 remisissc
1072 2807 1164 2843 dicit,
1179 2807 1356 2847 voluptatis
1371 2808 1531 2839 illecebris
1542 2810 1597 2840 de,

899 2848 1045 2878 linitum.

820 2890 944 2931 ndss
