1860 3228
170 614 202 644 p.
216 607 268 639 95.
282 609 428 636 omnes
450 595 646 636 homines
679 594 839 636 liceret.

281 97 353 131 152
635 96 808 134 EPIST.
835 96 1022 134 LIBER
1048 96 1345 135 SEPTIMUS

278 197 345 239 his
367 197 738 249 delectationibus,
759 214 863 255 quas
886 201 965 241 tibi
996 201 1085 256 ipse
1113 193 1164 240 ad
1197 201 1418 241 albitrium
1443 210 1563 241 tuum
1584 213 1701 241 com-

310 268 447 296 araias
496 256 620 297 nobis
643 266 786 297 autem
807 266 925 298 erant
947 272 997 298 ea
1017 255 1306 313 perpetienda,
1324 273 1419 312 quae
1443 258 1605 298 scilicet
1612 258 1701 320 Sp.

279 269 468 352 Rflaecius
493 314 775 377 probavisset.
836 314 1042 376 Omnino,
1065 329 1099 354 si
1121 329 1290 369 quaeris,
1314 314 1400 355 ludi
1431 313 1703 369 apparatissi-

279 368 364 409 mi:
398 369 470 410 sed
491 385 577 410 non
603 370 663 410 tui
687 370 912 410 stomachi.
934 371 1223 434 conJectuiam
1248 373 1361 412 enim
1386 371 1496 411 ltcio
1518 371 1570 411 de
1591 384 1702 411 meo.

282 424 395 466 Nam
425 426 610 481 primum
645 426 819 466 honoris
854 440 982 467 emsa
1015 429 1057 467 in
1091 441 1259 468 scenam
1293 428 1503 469 redierint
1530 428 1573 477 ii,
1595 441 1703 481 quos

280 495 362 537 ego
385 482 560 524 honoris
581 498 710 523 causa
729 482 782 522 de
801 497 928 523 scena
950 485 967 513 5
981 483 1210 524 decessisse
1231 486 1480 526 arbitrabar.
1523 483 1702 524 Delieiae

281 552 381 579 vero
404 547 504 590 tuae,
526 549 670 580 noster
693 538 893 594 AEsopus‚
915 538 1125 593 ejusmodi
1150 539 1246 590 fuit,
1269 551 1316 582 ut
1347 542 1383 582 ei
1418 541 1607 582 desinere
1629 554 1703 596 pet

902 595 943 636 Is
969 596 1114 650 jurare
1135 610 1234 636 cum
1255 599 1473 653 coepisset,
1498 614 1580 639 vox
1604 611 1702 638 eum

235 657 265 678 '¹-
280 651 439 693 defecit
461 652 536 692 6in
570 652 641 693 illo
675 652 797 694 loco:
835 666 877 693 st
916 666 1088 693 selENs
1126 665 1296 694 FALLO.
1357 655 1473 700 Quid
1507 655 1586 695 tibi
1620 669 1701 709 ego

277 708 361 749 alia
389 711 586 751 narrem?
618 710 728 749 nosti
761 709 875 749 enim
910 710 1094 764 reliquos
1126 709 1275 751 ludos:
1311 712 1415 765 7qui
1447 726 1500 751 ne
1533 712 1573 752 id
1609 711 1704 766 qui-

277 765 374 806 dem
397 766 552 830 leporis
575 765 831 815 habuerunt,
849 767 964 819 quod
988 766 1125 807 solent
1147 767 1379 807 mediocres
1403 768 1503 808 ludi.
1555 728 1704 823 Aplpa-

277 831 393 863 ratus
414 823 528 862 enim
551 822 760 877 spectatio
783 822 960 864 tollebat
982 837 1154 864 omnem
1188 823 1470 865 hilaritatem:
1502 839 1587 879 quo
1610 839 1704 879 qur-

277 878 374 918 dem
396 887 601 934 apparatu
638 893 724 918 non
755 879 923 929 dubito,
945 881 1048 934 quin
1071 880 1245 921 animo
1236 881 1481 935 {equissimo
1504 881 1702 921 carueris.

278 934 397 980 Quid
430 935 546 975 enim
577 934 872 976 delectationis
905 937 1066 978 habent
1087 938 1277 978 sexcenti
1303 937 1436 978 muli
1428 952 1470 977 m
1495 936 1702 992 Clytaem-

274 994 444 1033 nest1a?
476 1001 550 1032 aut
576 992 620 1032 in
650 1005 760 1047 equo
794 991 983 1048 Trojano
1007 997 1297 1035 8craterarum
1325 995 1405 1034 tria
1437 993 1598 1035 millia?
1630 1003 1705 1034 aut

274 1057 490 1090 armatura
511 1048 628 1090 varia
648 1049 863 1104 peditatus
885 1059 927 1090 et
949 1050 1163 1104 equitatus
1186 1052 1226 1091 in
1251 1051 1376 1106 aliqu·
1369 1066 1393 1091 ι
1415 1053 1581 1106 pugna?
1604 1065 1702 1105 quae

272 1105 522 1161 popularem
561 1105 889 1147 admirationem
921 1106 1188 1159 habuer3unt
1223 1107 1581 1148 9delectationem
1623 1107 1701 1148 tibi

272 1161 432 1203 nullam
461 1161 714 1203 attulissent.
781 1163 948 1210 Quodsi
980 1172 1023 1204 tu
1049 1178 1122 1219 per
1144 1178 1215 1205 eos
1239 1164 1328 1204 dies
1351 1179 1523 1219 operam
1546 1164 1701 1205 dedisti

274 1218 511 1282 Protogeni
537 1228 626 1270 tuo,
648 1219 914 1261 dummodo
906 1236 938 1261 rs
968 1221 1044 1260 tibi
1069 1220 1239 1275 quidvis
1271 1221 1426 1276 potius,
1448 1235 1574 1276 quam
1608 1235 1703 1262 ora·

273 1276 412 1317 tiones
443 1291 558 1317 meas
588 1276 771 1332 legeiit:
804 1291 871 1318 nae
905 1287 948 1317 tu
981 1277 1095 1317 haud
1127 1278 1267 1333 paullo
1301 1278 1408 1333 plus,
1428 1293 1554 1332 quun
1586 1278 1702 1332 quis-

270 1347 400 1387 quam
433 1311 958 1383 nost1s11n‚0delectationis
994 1334 1196 1375 habuisti.
1258 1335 1357 1375 Non
1391 1336 1505 1375 enim
1530 1344 1571 1374 te
1596 1343 1699 1390 puto

271 1389 467 1441 Graecos,
489 1400 562 1431 aut
586 1391 723 1431 Oscos
746 1390 866 1432 ludos
895 1394 931 1421 ¹0
944 1391 1201 1443 desideiar3e
1235 1392 1471 1447 praeseitim
1495 1406 1591 1432 cum
1617 1391 1700 1433 Os-

269 1461 343 1487 cos
365 1447 487 1488 ludos
510 1447 606 1488 vel
598 1462 639 1487 ln
663 1457 811 1488 senatu
834 1456 980 1488 nostro
1011 1425 1203 1503 spectare⁷
1234 1450 1397 1504 possis3
1431 1448 1609 1489 Graeeos
1640 1448 1702 1489 ita

269 1517 357 1544 non
388 1518 517 1554 ames,
541 1513 588 1544 ut
619 1519 671 1545 ne
701 1504 752 1545 ad
778 1504 918 1545 villam
941 1504 1112 1559 quidem
1138 1514 1255 1545 tuam
1279 1520 1347 1545 via
1369 1505 1556 1546 Graeca
1549 1519 1607 1545 ire
1633 1519 1702 1546 so-

268 1559 369 1601 leas.
431 1561 544 1602 Nam
566 1561 670 1615 quid
702 1576 783 1616 efro
806 1570 847 1601 te
871 1561 1053 1602 athletas
1076 1571 1222 1624 putem
1244 1562 1496 1613 desiderare,
1515 1562 1588 1617 qui
1612 1561 1703 1617 gla-

268 1617 453 1658 diatores
483 1619 790 1660 contemseris?
822 1619 864 1659 in
889 1619 1044 1673 quibus
1074 1633 1163 1674 lpse
1197 1618 1427 1675 Pompeius
1454 1618 1700 1670 confitetur,

268 1688 313 1714 se
335 1684 378 1715 et
399 1689 574 1730 operam
603 1684 646 1715 et
677 1675 817 1716 oleum
849 1676 1097 1731 perdidisse.
1162 1676 1354 1731 Reliquc
1387 1685 1485 1716 sunt
1509 1676 1702 1717 venatio-

266 1744 342 1771 nes
375 1731 490 1772 binae
523 1746 597 1787 per
637 1732 727 1773 dies
760 1733 964 1787 quinque,
998 1732 1256 1788 magnificae‚
1289 1747 1414 1773 nemo
1447 1744 1592 1789 negat.
1629 1733 1701 1774 sed

266 1802 364 1843 quae
400 1797 542 1843 potest
574 1789 739 1829 homini
773 1804 863 1829 esse
898 1789 1032 1845 polito
1066 1790 1308 1840 delectatio,
1331 1804 1426 1831 cum
1462 1800 1537 1831 aut
1569 1789 1700 1831 homo

266 1845 505 1886 imbecillus
524 1861 549 1886 ι
569 1861 590 1887 v
596 1846 857 1887 tlentissima
875 1847 995 1887 besti
989 1862 1013 1887 ι
1031 1846 1226 1898 laniatur,
1244 1857 1319 1887 aut
1340 1846 1545 1902 praeclara
1562 1847 1702 1888 bestia

267 1902 477 1943 venabulo
521 1904 920 1945 transverberatur?
951 1918 1048 1958 quae
1090 1913 1248 1954 tamen,
1288 1904 1321 1944 si
1362 1903 1544 1946 videnda
1586 1914 1701 1955 sunt,

266 1973 380 2016 saepe
405 1959 574 2001 vidisti:
609 1974 746 2016 neque
778 1975 870 2012 nos,
901 1962 974 2016 qui
1007 1960 1101 2002 haec
1133 1961 1437 2017 spectavin1u5‚
1462 1960 1699 2017 quidquam

305 2108 323 2135 5
353 2105 528 2144 decessisse]
554 2105 605 2135 Sic
632 2105 709 2136 Mss.
738 2108 772 2136 et
799 2104 870 2136 edd.
895 2105 961 2136 De-

262 2157 356 2184 cesse,
380 2147 466 2187 quod
487 2152 537 2177 est
559 2158 579 2177 a
593 2148 739 2177 victorio
761 2158 778 2177 e
803 2149 866 2177 Ms.
886 2148 960 2178 Vat.

263 2189 340 2219 Non
356 2194 406 2220 est
421 2190 686 2224 Ciceronianum,
703 2189 758 2220 sed
773 2189 961 2230 poeticum3

262 2236 413 2270 recteque
427 2231 569 2261 deseruit
584 2232 743 2262 Graevius.

304 2273 325 2303 6
347 2274 382 2303 in
395 2274 450 2303 illo
466 2273 543 2312 loco]
570 2273 655 2303 Satis
676 2280 710 2303 et
725 2274 876 2304 usitatius
891 2277 963 2304 erat

262 2316 298 2344 in,
313 2315 378 2345 illo.
409 2315 494 2345 Loco
509 2315 621 2354 utique
637 2315 716 2346 mihi
733 2316 772 2346 de
787 2316 894 2356 glossa
908 2325 961 2346 su-

263 2362 411 2397 spectum
427 2360 488 2387 est.

306 2402 324 2432 7
348 2399 464 2440 Quid?
487 2408 527 2429 ne
547 2399 584 2428 id
603 2409 633 2438 q.
657 2399 784 2439 leporis]
805 2399 901 2430 Hanc
915 2399 962 2430 le·

263 2442 409 2471 ctionem
424 2441 482 2470 viri
498 2441 585 2471 docti
608 2442 805 2480 improbant.
849 2441 962 2472 Rivius

261 2483 446 2522 corrigebat
461 2483 540 2522 quid
548 2483 564 2512 .-’
579 2484 664 2522 quud
674 2494 713 2513 ηε
726 2485 783 2514 ἀρ.
799 2485 960 2523 probante

262 2525 379 2556 Lamb.
394 2525 498 2556 Gebh.
514 2526 570 2555 &cu
593 2525 658 2556 Ms.
673 2526 792 2555 Graevii
809 2527 960 2565 antiquus

261 2571 296 2597 ct
316 2567 372 2598 alii
393 2566 458 2597 duo
480 2568 535 2607 qui
556 2576 595 2597 ne
616 2567 744 2607 quidem
767 2569 881 2607 leporis
903 2569 960 2599 &a

260 2609 347 2647 quod
362 2609 429 2649 ipse
443 2609 559 2650 probat
574 2612 608 2640 et
622 2609 707 2640 delet
726 2610 762 2639 z‘cl
769 2622 777 2640 .·
802 2613 962 2650 putatque

262 2651 378 2690 leporis
391 2660 459 2682 esse
473 2661 532 2691 pro
556 2652 684 2691 lepores.
708 2650 804 2682 male.
828 2661 905 2681 nam
927 2652 961 2683 in

262 2692 325 2722 hoc
339 2693 450 2730 verbo,
466 2694 557 2733 cujus
573 2693 733 2733 genitivus
746 2693 881 2733 pluralis
893 2703 961 2724 non

262 2734 382 2765 desinit
397 2735 430 2765 in
445 2737 528 2772 ium,
550 2734 620 2766 haec
642 2735 747 2766 forma
770 2735 878 2765 locum
894 2744 961 2766 non

261 2776 370 2809 habet.
415 2777 498 2808 Dedi
520 2779 576 2817 qui
598 2787 638 2808 ne
658 2778 694 2807 z'd
713 2777 854 2817 quidem,
876 2782 914 2807 ut
928 2785 962 2809 et

263 2818 452 2850 Guilielmio
464 2823 561 2860 atque
575 2819 695 2852 Ursino
706 2820 841 2862 placuit,
858 2824 891 2850 et
905 2819 961 2852 ha-

1005 2106 1060 2136 bet
1076 2106 1138 2136 Gn.
1158 2109 1184 2136 l.

1047 2151 1064 2179 8
1080 2147 1301 2187 craterarum]
1328 2148 1433 2178 Probo
1448 2147 1612 2179 Graevium
1629 2159 1701 2181 cor·

1006 2191 1165 2229 rigentem
1186 2195 1353 2220 cetrarum
1365 2203 1373 2219 .·
1398 2190 1475 2230 quid
1494 2191 1583 2221 enim
1599 2197 1704 2223 crate-

1006 2242 1052 2262 rae
1067 2233 1100 2262 in
1115 2242 1196 2271 equo
1208 2232 1374 2272 Trojano?
1399 2242 1566 2263 armorum
1583 2233 1638 2265 ille
1654 2234 1703 2265 lo-

1003 2283 1059 2305 cus
1075 2280 1156 2305 erat.

1045 2321 1065 2351 9
1081 2317 1322 2348 delectationem
1337 2316 1408 2357 tibi]
1428 2316 1600 2348 Efficacius
1617 2317 1703 2349 foret

1004 2359 1062 2389 tihi
1076 2360 1137 2390 del.

1051 2404 1088 2432 lo
1109 2401 1316 2440 desiderasse]
1341 2401 1441 2432 Bene.
1484 2400 1546 2430 Sed
1567 2400 1613 2432 ita
1628 2407 1703 2442 post

1004 2442 1210 2474 scribendum
1225 2448 1308 2473 esset
1316 2453 1433 2483 posses,
1456 2447 1493 2473 ut
1506 2447 1539 2472 et
1555 2442 1619 2474 Ms.
1641 2453 1699 2474 no-

1003 2490 1069 2515 ster
1084 2485 1195 2523 habet,
1211 2489 1245 2516 et
1261 2489 1334 2525 post
1355 2485 1472 2516 iterum
1493 2484 1700 2524 desiderasse,

1005 2536 1071 2557 non
1085 2527 1278 2558 desiderare.
1314 2527 1375 2559 Sed
1391 2526 1491 2558 malui
1507 2527 1612 2566 primo
1628 2527 1700 2559 loco

1004 2569 1187 2600 desiderare
1200 2569 1377 2608 corrigere:
1402 2569 1449 2600 ita
1465 2569 1566 2609 possis
1587 2579 1700 2601 inane-

1005 2610 1065 2647 bit,
1087 2611 1174 2649 quod
1195 2616 1228 2641 et
1250 2621 1384 2650 sequens
1403 2620 1493 2641 ames
1508 2611 1652 2649 postulat
1667 2619 1701 2643 et

1003 2652 1160 2683 ultimum
1175 2653 1366 2684 desiderare.
1414 2653 1563 2692 Denique
1578 2664 1635 2692 pro
1650 2665 1701 2684 zve-

1001 2699 1068 2725 sero
1092 2699 1206 2725 senatu
1233 2695 1304 2725 dedi
1330 2699 1449 2732 nostro,
1475 2700 1513 2725 ut
1540 2695 1703 2733 Graevius,

1004 2736 1089 2775 quod
1103 2742 1138 2767 et
1161 2737 1225 2767 Ms.
1249 2742 1360 2767 noster
1381 2737 1480 2768 habet
1501 2742 1535 2767 et
1557 2736 1628 2767 edd.
1651 2748 1701 2778 pr.

1005 2779 1150 2810 Graevius
1165 2784 1278 2812 tamen
1294 2779 1389 2811 malit
1410 2785 1588 2819 utrumque
1611 2780 1699 2811 delc-

1007 2831 1045 2852 ri.
