1903 3218
336 119 412 156 226
739 121 914 159 EPIST.
943 123 1127 161 LIBER
1154 123 1351 163 NONUS

338 222 403 264 vel
440 236 495 264 ex
528 223 687 277 sobrio,
721 225 786 267 vel
819 235 932 268 certe
964 241 1019 268 ex
1052 227 1171 268 ebrio
1205 228 1311 269 scire
1345 240 1503 283 posses.
1563 226 1646 268 Sed
1677 240 1760 283 ego

338 278 433 330 ista,
456 279 513 320 mi
548 280 682 333 Paete,
705 297 791 324 non
822 299 990 338 quaero:
1031 285 1215 339 primum
1250 285 1351 340 qnia
1385 284 1438 324 de
1474 284 1593 325 lucro
1627 298 1761 340 prope

332 336 424 391 Jam
447 338 772 392 quadriennium
794 341 1002 391 vivimus3
1034 341 1067 381 si
1090 351 1163 382 aut
1184 341 1267 382 hoc
1290 342 1451 382 lucrum
1474 350 1552 390 est,
1571 350 1645 382 aut
1668 340 1762 381 haec

339 394 441 444 vita,
478 395 748 450 superstitem
791 396 1038 452 reipublicae
1083 398 1247 439 vivere:
1295 398 1463 447 deiude,
1501 397 1616 452 quod
1655 396 1763 438 scire

337 464 509 506 quoque
537 452 639 492 mihi
666 452 824 501 videor,
846 453 946 506 quid
972 453 1162 494 futurum
1195 455 1264 505 sit,
1287 454 1360 495 fiet
1388 455 1501 494 enim
1524 453 1762 509 quodcum·

337 521 420 561 que
457 508 614 558 volent,
646 509 717 562 qui
756 508 982 549 valebunt:
1026 509 1226 550 valebunt
1259 521 1401 552 autem
1437 525 1602 566 semper
1629 524 1765 550 arma.

338 563 451 604 Satis
485 565 616 619 igitur
649 564 771 606 nobis
795 580 885 606 esse
915 566 1057 616 debet,
1081 566 1287 621 quidquid
1321 568 1584 608 conceditur.
1617 567 1699 608 hoc
1730 566 1764 606 si

337 621 409 675 qui
435 623 521 675 pati
543 637 624 661 non
648 623 802 677 potuit,
824 623 928 662 mori
952 622 1116 663 debuit.
1168 623 1394 664 Veientem
1418 625 1589 679 quidem
1614 637 1764 680 agrum

335 688 379 717 et
412 676 676 733 Capenatem
711 680 960 719 metiuntur.
997 680 1079 720 hoc
1113 694 1198 720 non
1234 679 1362 735 longe
1393 681 1513 721 abest
1545 697 1570 722 a
1600 679 1766 722 Tuscu·

339 734 451 774 lano.
512 735 631 775 Nihil
658 746 798 776 tamen
825 736 978 777 timeo:
1011 735 1144 786 fruor,
1165 737 1265 777 dum
1290 736 1413 777 lieet:
1445 747 1565 793 opto,
1588 747 1636 778 ut
1656 751 1767 778 sem-

339 805 413 845 per
433 790 574 832 liceat.
635 792 679 831 Si
703 792 745 832 id
769 792 908 833 minus
939 792 1191 849 contigerit:
1226 804 1382 843 tamen,
1406 794 1577 848 quando
1598 808 1681 850 ego
1705 794 1768 834 vir

339 847 476 897 fortis,
507 850 546 881 75
561 847 759 903 idemque
791 848 1087 904 philosophus,
1111 850 1253 890 vivere
1286 849 1616 905 pulcherrimum
1646 851 1768 901 duxi,

338 918 423 945 non
447 913 618 960 possum
641 920 738 946 eum
762 920 847 946 non
869 905 1062 961 diligere,
1079 906 1203 961 cujus
1226 906 1435 948 beneficio
1455 907 1496 948 id
1512 918 1768 948 consecutus

338 974 447 1001 sum.
479 961 549 1017 qui
586 962 619 1002 si
652 962 799 1018 cupiat
840 977 930 1003 esse
962 964 1286 1020 rempublicam,
1318 964 1486 1019 qualem
1517 963 1697 1005 fortasse
1725 973 1771 1004 et

340 1017 408 1058 ille
430 1019 535 1067 vult,
555 1029 599 1059 et
620 1034 768 1060 omnes
791 1029 940 1076 optare
961 1019 1167 1061 debemus
1186 1037 1194 1062 :
1227 1021 1331 1076 quid
1354 1020 1485 1061 faciat
1506 1030 1664 1072 tamen,
1683 1034 1768 1062 non

291 1074 490 1116 b·habet:
524 1076 583 1116 ita
605 1091 648 1116 se
678 1091 777 1116 cum
811 1077 955 1118 multis
986 1077 1221 1134 colligavit.
1283 1077 1366 1118 Sed
1395 1077 1566 1133 longius
1594 1092 1770 1134 progre-

338 1131 446 1173 dior.
479 1133 620 1173 scribo
647 1134 761 1175 enim
785 1134 836 1175 ad
869 1143 925 1175 te.
988 1134 1088 1175 Hoc
1111 1144 1252 1175 tamen
1279 1134 1402 1185 scito,
1425 1149 1511 1175 non
1535 1135 1664 1176 modo
1688 1148 1769 1185 me,

337 1190 410 1244 qui
433 1189 623 1230 consiliis
655 1205 741 1231 non
764 1190 985 1240 intersum,
1009 1192 1079 1233 sed
1100 1205 1153 1232 ne
1175 1191 1315 1247 ipsum
1339 1191 1511 1246 quidem
1532 1191 1770 1247 principem

337 1246 461 1296 scire,
479 1246 582 1301 quid
601 1246 791 1288 futurum
811 1248 880 1288 sit.
914 1248 1007 1289 Nos
1025 1250 1140 1289 enim
1157 1248 1216 1289 illi
1237 1248 1469 1290 servimus:
1494 1249 1583 1304 ipse
1604 1259 1770 1304 tempo-

338 1303 470 1344 ribus.
504 1304 563 1344 ita
590 1317 669 1345 nec
694 1304 777 1355 ille,
800 1305 903 1360 quid
927 1315 1121 1361 tempora
1147 1305 1414 1361 postulatura
1443 1306 1543 1356 siut,
1568 1320 1646 1346 nec
1677 1320 1770 1355 nos,

337 1360 440 1414 quid
464 1360 532 1401 ille
554 1362 734 1416 cogitet,
756 1362 863 1402 scire
896 1377 1134 1417 possumus.
1196 1362 1308 1404 Haec
1341 1362 1419 1402 tibi
1443 1373 1570 1403 antea
1597 1377 1680 1404 non
1706 1376 1770 1403 re-

337 1416 508 1472 scripsi:
541 1432 628 1458 non
659 1433 745 1473 quo
775 1430 962 1459 cessator
991 1433 1082 1460 esse
1113 1418 1306 1468 solerem,
1330 1420 1564 1475 praesertim
1591 1420 1633 1460 in
1657 1420 1770 1460 litte-

336 1475 417 1515 ris:
451 1474 523 1514 sed
553 1489 648 1514 cum
682 1475 895 1531 explorati
930 1476 1034 1516 nihil
1067 1476 1283 1526 haberem,
1308 1490 1384 1516 uec
1412 1476 1490 1516 tibi
1519 1475 1770 1518 sollicitudi-

293 1538 295 1540 '
337 1545 434 1571 nem
459 1545 512 1571 ex
544 1531 816 1573 dubitatione
848 1546 956 1583 mea,
980 1547 1058 1573 nec
1087 1546 1205 1588 spem
1233 1546 1286 1573 ex
1316 1532 1601 1573 affirmatione
1622 1532 1772 1573 afferre

339 1587 470 1630 volui.
531 1586 641 1628 Illud
679 1597 820 1630 tamen
853 1589 1110 1640 adscribam,
1143 1589 1259 1645 quod
1293 1599 1357 1630 est
1393 1588 1674 1642 verissimum,
1704 1604 1772 1630 me

338 1644 407 1685 his
428 1645 705 1700 'temporibus
735 1646 876 1687 adhuc
906 1646 959 1687 de
989 1647 1072 1687 isto
1105 1645 1293 1703 periculo
1328 1645 1435 1687 nihil
1465 1645 1648 1687 audisse.
1705 1644 1769 1687 Tu

301 1754 304 1756 Ι
341 1710 485 1742 tamen
522 1716 599 1757 pro
633 1711 707 1743 tua
738 1703 950 1760 sapientia
978 1704 1154 1745 debebis
1187 1714 1336 1760 optare
1368 1702 1548 1760 optima,
1580 1703 1772 1760 cogitare

340 1758 610 1810 difficillima,
632 1758 741 1800 ferre
762 1775 1048 1816 quaecumque
1069 1771 1208 1801 erunt.

280 1844 329 1882 18
855 1843 1258 1881 ARGUMENTUM.

341 1906 476 1943 Causas
493 1907 652 1954 exponit,
672 1917 735 1942 cur
754 1907 878 1942 ludum
896 1908 1001 1954 quasi
1027 1907 1240 1954 eloqueniioe
1258 1908 1451 1954 aperuerit,
1473 1906 1636 1953 aliosque
1652 1906 1772 1943 decla-

466 1959 600 1994 mando
617 1962 806 1995 exerceret.
859 1959 978 1995 Addit
987 1961 1059 2007 'per
1067 1957 1194 2005 jocum
1213 1960 1256 1994 de
1273 1970 1441 1994 cenarum
1459 1962 1654 2006 apparatu.

558 2024 794 2067 CICERO
825 2025 870 2066 S.
904 2025 960 2067 D.
997 2026 1044 2067 L.
1078 2024 1338 2067 PAPIRIO
1372 2024 1564 2066 PAETO-

341 2081 487 2135 CUM
509 2107 644 2134 essem
667 2094 832 2134 otiosus
855 2094 895 2134 in
919 2092 1178 2144 Tusculani),
1202 2103 1427 2150 propterea
1447 2094 1561 2149 quod
1583 2092 1774 2148 discipu-

342 2149 404 2192 los
426 2151 599 2191 obviam
626 2150 841 2202 miseram,
864 2160 911 2191 ut
942 2150 1071 2192 iidem
1094 2165 1161 2192 me
1192 2165 1319 2206 quam
1352 2151 1540 2191 maxime
1567 2150 1771 2192 concilia-

343 2217 436 2248 rent
458 2206 654 2248 familiari
681 2222 783 2259 su03
814 2207 961 2263 accepi
986 2218 1078 2249 tuas
1097 2208 1274 2259 litteras,
1300 2207 1563 2263 plenissimas
1585 2206 1773 2248 suavita-

342 2264 418 2306 tis:
451 2278 505 2304 ex
528 2264 684 2319 quibus
707 2264 897 2305 intellexi
922 2265 1092 2320 probari
1116 2264 1196 2306 tibi
1218 2279 1360 2306 meum
1383 2264 1625 2315 consilium,
1643 2264 1774 2319 quod,

343 2330 389 2362 ut
422 2319 660 2376 Dionysius
684 2331 904 2376 tyrannm,
926 2336 1023 2362 cum
1050 2322 1271 2377 Syracusis
1301 2322 1505 2378 expulsus
1532 2331 1656 2370 esset,
1689 2320 1775 2362 Co-

344 2377 477 2420 rinthi
508 2378 666 2418 dicitur
698 2378 842 2419 ludum
875 2379 1113 2434 aperuisse:
1152 2379 1212 2419 sic
1245 2393 1342 2434 ego,
1376 2378 1554 2419 sublatis
1578 2377 1772 2432 ιῇυάἰοίἰε,

343 2435 500 2476 amisso
524 2449 656 2490 regno
680 2434 853 2486 forensi,
876 2435 1022 2476 ludum
1047 2437 1167 2491 quasi
1192 2437 1347 2477 habere
1371 2435 1595 2490 coeperim.
1656 2434 1772 2481 Quid

344 2493 533 2548 quaeris?
563 2506 632 2532 me
654 2506 825 2546 quoque
853 2492 1038 2534 delectat
1059 2493 1301 2534 consilium.
1333 2491 1468 2533 multa
1489 2491 1603 2532 enim
1626 2506 1777 2532 conse-

344 2564 477 2605 quor:
513 2549 696 2604 primum
726 2550 783 2599 id,
805 2549 920 2602 quod
951 2550 1141 2590 maxime
1163 2564 1275 2590 nunc
1307 2563 1414 2605 opus
1435 2558 1513 2598 est,
1537 2549 1684 2589 munio
1709 2563 1775 2590 me

343 2607 397 2652 ad
419 2606 514 2648 haec
545 2616 752 2662 tempora.
815 2605 865 2646 Id
896 2606 1139 2661 cujusmodi
1163 2607 1218 2647 sit
1239 2607 1412 2648 nescio:
1445 2615 1612 2646 tantum
1638 2606 1776 2656 video,

384 2737 424 2768 75
446 2735 606 2776 idemque]
633 2735 683 2765 Si<-
707 2734 787 2766 Mss.
810 2738 843 2765 et
866 2733 938 2765 edd.
961 2739 1039 2765 ante
1081 2735 1172 2771 dura,
1190 2740 1226 2764 ut
1252 2739 1337 2766 recte
1352 2734 1481 2775 judicat
1504 2734 1662 2770 Graevius,
1681 2741 1775 2766 nata—

341 2777 538 2815 Victorium,
567 2777 621 2817 qui
648 2778 732 2808 idem
759 2777 843 2817 quod
868 2776 981 2813 edidit,
1004 2780 1036 2807 et
1080 2787 1142 2816 que
1157 2788 1175 2807 e
1190 2777 1344 2808 divisione
1360 2777 1445 2807 idem
1465 2787 1536 2817 que,
1556 2782 1592 2807 ut
1612 2783 1662 2808 est
1684 2782 1719 2807 et
1741 2777 1775 2806 in

343 2819 428 2849 hauc
438 2820 607 2859 antiquam
621 2821 794 2850 lectionem
805 2825 912 2857 vocat,
920 2828 1037 2858 nempe
1081 2819 1143 2850 Ms.
1161 2828 1244 2849 meo.
1267 2827 1342 2850 ante
1366 2820 1437 2850 dedi
1457 2829 1474 2850 e
1498 2819 1575 2850 Mss.
1592 2825 1624 2851 et
1640 2818 1711 2851 edu.
1727 2829 1776 2858 pr.

341 2861 559 2902 antiquissimi
590 2861 670 2894 Cod.
701 2861 789 2893 Med.
834 2861 895 2893 Sed
923 2872 962 2892 ea
988 2867 1037 2892 est
1079 2862 1219 2901 quando.
