1817 3196
374 108 453 146 AD
478 105 858 148 TORQUATUM
883 105 958 142 ET
985 103 1260 142 CETEROS.
1484 109 1554 144 185

132 224 220 252 rem
250 211 392 262 etiam,
415 209 774 266 quemadmodum
806 208 892 260 hic,
922 215 966 248 et
995 215 1156 263 quanta
1185 208 1228 248 in
1261 207 1399 256 turba,
1421 222 1555 262 quan-

134 278 261 322 taque
287 269 328 309 in
360 267 612 309 confusione
641 280 780 307 rerum
811 265 1004 306 omnium
1027 265 1278 305 viveremus.
1299 277 1470 304 necesse
1491 276 1555 306 est

131 325 242 365 enim
284 325 449 365 minore
493 323 702 364 desiderio
750 322 917 378 perdita
963 321 1182 377 republica
1227 334 1383 372 carere,
1425 334 1554 375 quam

131 381 256 422 bona.
317 381 399 423 Sed
430 381 512 421 hoc
543 394 698 436 genere
728 379 833 420 nihil
865 393 972 434 opus
1003 388 1080 420 est.
1108 377 1364 419 ineolumem
1388 387 1428 417 te
1450 377 1552 427 cito,

130 446 177 477 ut
199 452 335 493 spero,
358 437 419 478 vel
453 437 610 493 potius,
633 446 680 477 ut
703 435 931 493 perspicio,
955 435 1209 476 videbimus.
1271 433 1440 476 Interea
1472 434 1551 474 tibi

129 494 309 545 absenti,
330 503 373 534 et
405 493 520 544 huic,
541 494 614 549 qui
648 494 781 545 adest,
803 493 979 549 imagini
1015 493 1146 533 animi
1178 502 1221 533 et
1252 491 1443 549 corporis
1475 491 1551 542 tui,

128 551 473 592 constantissimo
506 562 633 606 atque
666 552 832 607 optimo
869 550 956 590 filio
988 559 1077 600 tuo,
1110 549 1314 599 studium,
1345 548 1551 598 officium,

128 621 316 662 operam,
350 607 538 649 laborem
578 622 720 648 meum
754 606 1015 662 jampridem
1048 615 1091 647 et
1129 605 1344 662 pollicitus
1378 619 1469 645 sum
1509 615 1551 645 et

127 663 283 705 detuli:
316 677 429 706 nunc
468 665 549 705 hoc
584 664 780 720 amplius,
816 663 929 718 quod
964 677 1032 704 me
1067 664 1323 704 amicissime
1356 661 1550 718 quotidie

127 720 262 775 magis
298 719 445 762 Caesar
480 721 786 777 amplectitur,
809 720 1037 761 familiares
1070 720 1242 775 quidem
1281 719 1388 775 ejuS,
1422 719 1657 776 sicutip,35‚

125 777 355 818 neminem.
396 778 527 835 Apud
550 793 674 834 quem
699 777 906 833 quidquid
931 777 1081 818 valebo
1104 776 1169 817 vel
1191 777 1459 827 auctoritate,
1482 775 1587 816 vela-

124 834 277 889 gratia,
300 834 450 876 valebo
483 835 577 876 tibi.
637 834 701 876 Tu
727 849 842 885 cura,
865 844 913 874 ut
934 849 1031 876 cum
1055 833 1318 875 firmitudine
1339 843 1381 874 te
1402 833 1548 884 animi,

125 899 214 932 tum
236 891 366 932 etiam
389 907 463 948 spe
484 893 648 948 optima
669 900 893 933 sustentes,

633 981 1035 1019 ARGUMENTUM.
1564 985 1587 1025 7

123 1043 283 1080 Excusat
301 1046 397 1092 quod
413 1046 568 1081 alterum
587 1045 716 1081 librum
727 1045 829 1094 filius
845 1056 917 1079 non
935 1044 1145 1080 reddiderit.
1202 1042 1374 1084 Qum-itur
1390 1043 1459 1078 sibi
1479 1042 1551 1077 Cae-

175 1108 292 1132 sarem
311 1099 419 1133 irasci
435 1102 585 1145 propter
601 1098 737 1137 stilum,
758 1108 837 1132 cum
861 1098 999 1143 ignorit
1024 1097 1068 1131 iis
1090 1096 1151 1143 qui
1178 1100 1304 1130 contra
1330 1096 1446 1142 ipsum
1474 1095 1555 1130 deos

171 1151 313 1196 precati
329 1151 413 1185 sint.
469 1149 586 1185 Parce
603 1154 638 1184 et
655 1149 780 1184 timide
798 1149 840 1183 de
860 1149 1027 1183 Cicerone
1053 1159 1151 1194 aeque
1177 1152 1211 1182 et
1240 1148 1284 1182 de
1303 1147 1441 1182 Caesare
1466 1148 1555 1182 scri-

177 1200 254 1236 bere
284 1202 351 1243 ait,
383 1213 427 1236 ne
455 1201 546 1236 hanc
575 1201 745 1250 offendat.
800 1199 922 1245 Rogat
951 1200 1108 1241 tandem,
1141 1203 1181 1233 ut
1210 1199 1365 1233 reditum
1390 1199 1458 1234 sibi
1488 1200 1555 1234 im-

171 1257 317 1300 petret:
363 1264 427 1288 nec
461 1253 589 1288 librum
626 1253 723 1287 exire
752 1252 933 1299 patiatur,
971 1252 1041 1286 nisi
1076 1254 1273 1286 correctum
1310 1252 1375 1291 ita,
1412 1262 1455 1285 ize
1487 1250 1555 1286 sibi

173 1308 310 1340 noceat.

375 1370 429 1411 A.
451 1369 703 1412 CAECINA
735 1369 803 1411 M.
824 1368 1147 1420 CICERONI,
1178 1369 1223 1410 S.
1242 1368 1300 1410 D.

125 1425 316 1488 QUOD
338 1443 418 1485 tibi
450 1458 534 1484 non
571 1453 658 1484 tam
690 1442 884 1484 celeriter
916 1443 1025 1483 liber
1057 1452 1121 1482 est
1153 1442 1358 1491 redditus,
1381 1441 1557 1497 ignosce

123 1501 265 1541 timori
309 1509 468 1551 nostro,
507 1510 551 1541 et
591 1501 788 1542 miserere
831 1501 1052 1555 temporis.
1129 1498 1276 1549 Filius,
1319 1509 1367 1539 ut
1410 1498 1555 1548 audio,

124 1558 360 1613 pertimuit,
396 1571 531 1613 neque
572 1557 743 1612 injuria,
776 1557 809 1597 si
842 1557 949 1597 liber
984 1556 1168 1606 exisset3
1205 1555 1426 1610 3¹quando
1466 1570 1554 1596 non

125 1625 212 1654 tam
247 1616 437 1665 interest,
460 1629 545 1669 quo
579 1615 723 1654 animo
756 1614 981 1663 scribatur,
1002 1627 1130 1668 quam
1162 1626 1249 1666 quo
1282 1612 1552 1668 accipiatur;

125 1685 178 1712 ne
210 1685 260 1712 ea
282 1686 344 1712 res
379 1672 523 1727 inepte
556 1671 660 1711 mihi
695 1680 892 1721 noce1·et;
924 1685 1022 1711 cum
1047 1670 1284 1725 praesertim
1308 1669 1449 1710 adhue
1469 1668 1554 1710 stili

123 1742 277 1784 poenas
308 1729 420 1769 dem.
483 1728 582 1774 Qua
603 1728 775 1782 quidem
814 1727 854 1767 in
891 1741 934 1767 re
972 1726 1175 1781 singulari
1210 1741 1304 1766 sum
1327 1725 1431 1767 fato.
1456 1740 1553 1766 nam

122 1799 218 1825 cum
243 1785 444 1826 mendum
468 1786 689 1840 seripturae
715 1785 842 1825 litura
873 1783 1072 1836 tollatur3
1105 1782 1288 1823 stultitia
1310 1781 1425 1823 fama
1445 1782 1555 1824 mul-

123 1851 264 1894 tetur;
296 1857 414 1883 meus
451 1856 566 1882 error
603 1841 756 1882 exsilio
793 1841 1037 1897 corrigitur.
1098 1839 1236 1894 Cujus
1269 1855 1436 1881 summa
1471 1840 1553 1880 cri-

123 1899 250 1940 minis
282 1908 360 1950 est,
386 1899 499 1954 quod
534 1909 720 1940 armatus
750 1898 990 1939 adversario
1023 1897 1240 1938 maledixi.
1303 1897 1444 1937 Nemo
1476 1912 1554 1938 no-

123 1955 256 2001 strfim
279 1965 357 2008 est,
379 1966 426 1997 ut
448 1956 617 2012 opinor,
632 1956 735 2010 quin
762 1964 864 1996 vota
885 1955 1076 1996 victoriae
1101 1969 1189 1994 suae
1212 1954 1388 1995 fecerit:
1412 1969 1553 2005 nemo,

123 2014 241 2068 quin,
263 2014 392 2054 etiam
426 2028 524 2055 curn
557 2013 610 2053 (le
645 2013 727 2057 alia
762 2026 806 2053 re
835 2012 1091 2061 immolaret,
1119 2021 1263 2051 tamen
1295 2025 1346 2051 eo
1378 2012 1552 2065 quidem

123 2071 216 2126 ipso
239 2082 445 2126 tempore,
467 2079 515 2110 ut
535 2084 662 2125 quam
688 2069 868 2125 primum
898 2069 1045 2111 Caesar
1073 2078 1357 2123 superaretur,
1379 2070 1551 2124 3‘a'optae

123 2129 191 2168 rit.
254 2127 354 2168 Hoc
388 2128 419 2168 si
455 2141 540 2168 non
574 2127 754 2182 cogitat,
776 2127 976 2167 omnibus
1012 2126 1136 2166 rebus
1164 2123 1268 2165 felix
1291 2136 1378 2166 est:
1413 2126 1446 2166 si
1471 2126 1552 2166 scit

123 2185 218 2224 33et
248 2198 470 2239 persuasus
506 2193 598 2234 est3
628 2183 730 2239 quid
763 2183 960 2224 irascitur
995 2183 1049 2233 ei,
1082 2182 1154 2238 qui
1189 2181 1349 2237 aliquid
1384 2182 1553 2238 scripsit

123 2249 275 2281 contra
307 2255 424 2281 suam
447 2240 727 2290 voluntatem,
749 2255 847 2280 cum
884 2240 1046 2295 ignorit
1080 2239 1294 2290 omnibus,
1317 2240 1388 2294 qui
1418 2239 1554 2279 multa

124 2297 225 2338 deos
248 2298 435 2338 venerati
461 2297 545 2337 sint
566 2306 715 2342 contra
737 2296 828 2351 ejus
858 2297 1066 2343 salutem?
1126 2295 1225 2346 Sed,
1248 2307 1295 2336 ut
1317 2297 1466 2337 eodem
1490 2311 1553 2337 re-

126 2363 277 2404 vertar,
302 2369 429 2395 causa
451 2354 544 2396 haec
568 2354 650 2395 fuit
671 2354 852 2395 timoris.
905 2353 1066 2409 Scripsi
1089 2352 1142 2393 de
1164 2361 1205 2392 te
1227 2367 1367 2408 parce,
1389 2354 1553 2394 medius

125 2410 265 2464 fidius,
284 2421 326 2452 et
350 2412 513 2463 timide,
532 2426 617 2452 non
642 2425 845 2453 revocans
867 2424 936 2457 me
957 2411 1064 2468 ipse,
1082 2409 1154 2452 sed
1177 2424 1300 2466 paene
1322 2410 1554 2466 refugiens

162 2549 199 2578 31
224 2556 323 2586 quum
345 2555 409 2576 non
431 2550 454 2576 t.
476 2545 621 2586 interest]
650 2545 713 2575 Hic
737 2556 816 2585 quo·
858 2545 1121 2585 quin—optarit.-
1144 2548 1271 2585 optaret
1291 2545 1345 2575 hic
1367 2554 1424 2585 per
1446 2544 1556 2574 latini-
1586 2561 1590 2564 -

123 2599 184 2628 que
198 2589 325 2628 quando
348 2588 475 2628 reposui
498 2598 557 2627 pro
572 2598 684 2628 quum,
702 2598 739 2617 ex
763 2589 817 2618 iis-
858 2594 962 2618 tatem
985 2592 1072 2617 stare
1094 2597 1159 2617 non
1176 2592 1296 2627 potest,
1311 2597 1370 2618 nec
1393 2587 1427 2615 in
1447 2587 1556 2617 tirone

122 2631 208 2668 dem,
236 2631 352 2669 quibus
381 2630 537 2670 superiori
561 2630 701 2670 epistola
727 2630 817 2660 libris
859 2630 990 2660 ferrem.

124 2674 224 2703 etiam
242 2672 332 2704 Med.
903 2673 942 2703 33
957 2675 988 2701 et
997 2679 1176 2710 persuasus
1187 2671 1247 2711 est]
1264 2672 1296 2701 Si
1311 2670 1475 2700 Ciceronis
1485 2669 1556 2700 hoee

163 2717 205 2746 352
232 2713 371 2754 optaret]
404 2715 456 2745 Sic
482 2722 608 2750 omneS,
632 2723 712 2753 quos
739 2713 816 2745 vidi.
860 2714 1000 2754 epistola
1011 2719 1108 2751 esset,
1122 2723 1189 2744 non
1202 2713 1382 2743 dubitarem
1398 2713 1557 2751 corrigere

121 2755 248 2787 Tamen
258 2756 404 2797 rescripsi
418 2756 556 2796 optarit:
572 2765 646 2785 nam
658 2756 720 2787 hoe
730 2756 818 2787 clare
862 2760 892 2786 et
913 2757 943 2786 ez·
961 2765 1158 2796 persuasum
1180 2759 1248 2786 est.-
1270 2757 1306 2786 in
1335 2753 1465 2785 Caeeina
1492 2763 1560 2785 non

124 2797 268 2836 postulat
288 2799 385 2829 series
407 2803 441 2829 et
465 2798 633 2828 latinitas:
657 2808 749 2834 nemo
764 2808 819 2828 no·
863 2797 978 2829 audeo.

124 2839 229 2869 seram
255 2844 314 2878 est,
340 2842 417 2879 quin
448 2845 524 2871 vota
551 2838 819 2877 feeerit—nemo,

802 2887 884 2924 1³4
