1817 3196
426 83 504 121 AD
529 79 867 119 METELLUM
891 79 966 118 ET
992 79 1268 118 CETEROS.
1494 88 1572 122 121.

140 186 308 229 haecad
332 195 372 228 te
393 184 500 226 nihil
523 183 714 239 intelligo
739 183 965 239 pertinere.
1027 182 1137 224 Illud
1169 197 1237 224 me
1269 185 1567 227 nonanimad-

142 244 329 295 vertisse,
344 240 716 290 vmolesteferrem,
749 250 794 282 ut
815 240 1115 290 adscriberem,
1139 249 1179 281 te
1202 241 1245 280 in
1268 240 1368 280 fano
1393 244 1566 295 pecuni-

141 315 207 341 am
223 301 346 356 jussu
369 313 464 340 meo
486 297 746 353 deposuisse,
770 297 849 338 nisi
874 297 954 338 ista
977 297 1158 352 pecunia
1176 297 1439 352 gravissimis
1457 308 1568 338 esset

142 357 470 410 certissimisque
501 355 789 395 monumentis
822 363 989 404 testata,
1020 357 1088 395 cui
1120 354 1235 404 data,
1266 368 1352 408 quo
1376 363 1569 394 senatus-

140 414 349 463 consulto,
371 412 525 467 quibus
549 411 647 462 tuis,
668 411 823 466 quibus
853 411 958 451 meis
979 410 1132 452 litteris
1156 411 1206 451 P.
1237 410 1390 452 Sextio
1415 411 1571 452 tradita

141 480 265 512 esset.
310 470 434 515 1Quae
458 481 555 509 cum
579 468 765 509 viderem
789 477 854 508 tot
877 468 1069 524 vestigiis
1100 469 1319 524 impressa,
1350 478 1397 508 ut
1427 468 1470 508 in
1503 468 1568 508 his
1581 477 1612 507 P·
1630 470 1679 502 76-

140 527 266 568 errari
289 540 371 566 nou
396 534 562 581 posset:
596 540 679 566 non
703 525 906 580 adscripsi
939 525 995 575 id,
1028 526 1143 580 quod
1177 536 1248 565 tua
1278 524 1383 565 nihil
1415 519 1609 565 refere-a·

141 584 227 624 bat.
257 597 338 638 ego
364 591 504 622 tamen
528 582 802 639 adscripsisse
824 581 1006 632 mallem,
1028 596 1161 637 quum
1184 582 1224 622 id
1250 592 1291 623 te
1315 582 1437 623 video
1459 582 1570 623 desi-

140 640 298 680 derare.
330 639 452 680 Sicut
474 639 624 680 scribis
648 641 724 681 tibi
749 639 791 680 id
813 652 902 679 esse
922 638 1205 689 referendum,
1225 639 1338 680 idern
1363 640 1452 694 ipse
1476 653 1571 680 sen-

140 696 227 737 tio:
261 710 398 751 neque
420 696 463 736 in
485 710 535 736 eo
558 697 791 752 quidquam
813 711 837 736 a
860 696 963 736 meis
992 696 1230 736 rationibus
1265 696 1572 750 discrepabunt

141 763 240 794 t-uae.
300 754 341 784 86
356 752 500 794 Addes
522 754 636 794 enim
658 764 718 804 tu,
742 767 836 794 meo
853 752 976 808 jussu
996 770 1005 804 ;
1036 753 1151 808 quod
1184 767 1266 809 ego
1288 753 1461 808 quidem
1483 768 1570 794 non

139 809 308 851 addidi:
341 825 418 851 nec
440 825 568 851 eausa
588 820 667 862 est,
696 825 771 852 cur
792 824 972 866 negem3
1005 825 1097 861 nec,
1128 810 1159 850 si
1183 820 1308 861 esset,
1337 820 1380 851 et
1410 819 1454 850 tu
1478 809 1572 850 nol-

139 865 212 918 les,
245 881 460 923 negarem.
523 867 635 908 Nam
666 868 718 909 de
751 867 848 908 H-S
882 868 1110 922 nongentis
1142 867 1344 918 millibus,
1375 876 1490 908 certe
1512 867 1573 908 ita

140 923 319 965 relatum
349 933 427 973 est,
460 933 506 964 ut
536 933 596 975 tu,
630 925 718 966 sive
751 924 881 965 frater
912 933 1008 964 tuus
1033 924 1176 965 referri
1202 924 1352 964 voluit.
1415 924 1513 973 Sed,
1536 924 1571 965 si

139 981 242 1035 quid
264 991 342 1031 est,
365 983 399 1014 87
417 985 534 1033 (cum
561 981 614 1022 de
640 982 757 1037 logio
783 996 931 1036 parum
962 983 1198 1036 gratiosum
1221 982 1318 1031 est,)
1353 981 1465 1036 quod
1490 996 1572 1037 ego

140 1038 182 1078 in
207 1037 444 1078 rationibus
468 1037 697 1080 referendis
718 1039 847 1079 etiam
873 1053 984 1078 nunc
1008 1039 1220 1094 corrigere
1243 1038 1428 1094 possim:
1449 1038 1501 1079 de
1521 1053 1572 1078 eo

142 1094 264 1146 mihi,
297 1109 393 1135 cum
430 1104 599 1136 senatus
633 1095 829 1137 consulto
858 1109 944 1135 non
978 1110 1069 1135 sum
1103 1110 1215 1145 usus,
1237 1095 1338 1150 quid
1364 1109 1438 1150 per
1459 1096 1574 1151 leges

139 1151 280 1202 liceat,
302 1151 658 1194 considerandum
680 1161 759 1193 est.
790 1161 832 1193 te
854 1161 968 1192 certe
998 1154 1037 1183 38
1052 1152 1094 1192 in
1126 1152 1308 1208 pecunia
1334 1161 1489 1193 exacta
1515 1153 1577 1193 ita

140 1207 296 1252 referre
313 1222 367 1249 ex
394 1209 495 1249 meis
517 1210 754 1250 rationibus
777 1209 918 1249 relatis
942 1223 1025 1249 non
1049 1209 1257 1264 oportuit,
1280 1209 1359 1249 nisi
1382 1209 1486 1264 quid
1509 1223 1577 1250 me

141 1265 274 1306 fallit:
307 1274 405 1305 sunt
435 1265 550 1306 enim
581 1266 649 1306 alii
684 1265 922 1321 peritiores.
986 1264 1094 1306 Illud
1120 1280 1223 1306 cave
1254 1265 1439 1316 dubites,
1471 1265 1575 1321 quin

141 1336 223 1378 ego
245 1321 390 1363 omnia
412 1321 582 1372 faciam,
605 1337 700 1377 quae
724 1323 926 1363 interesse
949 1330 1034 1374 tua,
1057 1331 1131 1362 aut
1151 1322 1281 1362 etiam
1301 1322 1405 1363 velle
1425 1332 1466 1364 te
1483 1322 1576 1363 exi-

142 1380 326 1430 stime1n‚
350 1379 383 1419 si
406 1378 490 1419 ullo
513 1380 642 1420 modo
665 1379 804 1421 facere
827 1379 1002 1435 possim.
1046 1379 1175 1426 Quod
1199 1379 1349 1420 scribis
1371 1379 1424 1420 de
1445 1380 1576 1421 bene-

142 1436 276 1478 ficiis:
318 1436 425 1476 scito
464 1450 489 1475 a
519 1451 588 1477 me
620 1446 663 1477 et
697 1437 890 1477 tribunos
923 1436 1142 1487 militares,
1175 1446 1218 1477 et
1257 1435 1500 1492 praefectos,
1533 1445 1576 1477 et
1613 1478 1619 1482 ,

143 1493 485 1543 contubernales,
516 1493 728 1534 duntaxat
760 1507 892 1543 meos,
923 1493 1085 1534 delatos
1116 1507 1221 1534 esse.
1284 1493 1335 1534 In
1365 1508 1452 1548 quo
1482 1494 1576 1549 qui-

143 1551 239 1592 dem
263 1549 372 1590 ratio
394 1564 462 1590 me
484 1549 649 1591 fefellit.
679 1551 860 1592 liberum
883 1550 998 1591 enim
1021 1550 1125 1591 mihi
1150 1559 1318 1605 tempus
1340 1551 1393 1591 ad
1414 1565 1486 1592 eos
1504 1551 1577 1592 de-

142 1607 339 1649 ferendos
360 1607 662 1649 existimabam
695 1608 801 1648 dari.
832 1617 983 1663 postea
1012 1607 1168 1649 certior
1199 1622 1292 1647 sum
1316 1607 1470 1659 factus,
1503 1608 1577 1649 tri-

144 1664 266 1721 ginta
297 1664 447 1704 diebus
477 1663 630 1706 deferri
665 1678 837 1706 necesse
867 1679 973 1714 esse,
1006 1665 1162 1719 quibus
1193 1665 1379 1705 rationes
1412 1665 1578 1705 retulis-

143 1735 246 1761 sem.
306 1720 417 1761 Sane
440 1721 616 1762 moleste
639 1722 731 1772 tuli,
764 1736 852 1762 non
874 1721 944 1762 illa
967 1721 1174 1762 beneficia
1206 1731 1293 1765 tuae
1323 1722 1467 1777 potius
1489 1737 1578 1763 am-

142 1776 298 1820 b'itioni
322 1788 535 1819 reservata
555 1793 660 1830 esse,
689 1793 816 1834 quam
841 1792 962 1829 meae,
995 1779 1066 1834 qui
1098 1779 1335 1819 ambitione
1357 1778 1464 1819 nihil
1487 1788 1578 1820 ute-

142 1849 225 1876 rer.·
285 1834 352 1876 De
374 1836 697 1877 centurionibus
721 1846 878 1886 tamen,
897 1845 941 1877 et
959 1835 1012 1877 de
1035 1836 1305 1877 tribunorum
1327 1836 1579 1877 militarium

142 1891 536 1944 contubernalibus,
566 1908 630 1934 res
651 1893 780 1934 estin
803 1893 987 1948 integro.
1019 1907 1153 1949 genus
1183 1893 1297 1934 enim
1329 1893 1480 1934 horum
1506 1894 1580 1934 be-

142 1949 392 1990 neficiorum
416 1950 642 1991 definitum
663 1950 758 2006 lege
780 1965 865 1991 non
888 1955 992 1990 er‘at.
1054 1949 1287 2004 Reliquum
1310 1959 1375 1990 est
1404 1950 1456 1991 de
1481 1950 1610 2008 H-Sb

143 2015 316 2047 centum
339 2006 541 2058 millibus,
570 2008 622 2048 de
645 2008 801 2064 quibus
823 2007 998 2048 memini
1023 2006 1128 2048 mihi
1152 2022 1177 2047 a
1201 2016 1242 2047 te
1265 2006 1445 2063 Myrina
1466 2007 1580 2049 litte-
1615 2000 1624 2010 ⁶

143 2078 208 2105 ras
237 2077 328 2104 esse
356 2063 518 2115 allatas,
552 2079 636 2105 non
671 2065 754 2106 mei
776 2065 920 2115 errati,
951 2065 1023 2105 sed
1058 2063 1145 2105 tui:
1179 2063 1223 2104 in
1246 2078 1332 2119 quo
1355 2073 1580 2120 peccatum

143 2174 241 2218 dubio
258 2192 368 2219 autem
383 2189 588 2219 scribendum
602 2193 652 2219 est
666 2199 714 2219 ea.
738 2189 765 2218 si
780 2193 841 2219 tua
885 2188 942 2218 bus
956 2187 1162 2224 emendetur,
1185 2187 1224 2218 de
1239 2187 1301 2218 hoc
1316 2187 1398 2219 nihil
1421 2188 1487 2219 dici
1499 2189 1580 2220 certi

143 2239 257 2260 verum
279 2234 386 2267 esset;
408 2233 517 2261 totum
537 2231 619 2261 illud
634 2240 733 2271 quam
749 2235 786 2260 ta
808 2231 840 2261 d.
882 2234 1013 2270 potest:
1050 2239 1111 2260 nee
1143 2230 1259 2260 lectori
1286 2231 1581 2262 commemorandis

143 2272 350 2309 inanessesset.
379 2272 500 2313 Vulgg.
515 2276 554 2304 ut
567 2277 639 2310 tua,
654 2282 753 2312 quam
769 2277 841 2303 tam

142 2314 332 2353 deposuerat
348 2314 490 2346 Sextius.
537 2315 692 2346 Ceterum
711 2315 841 2346 Sextius

141 2355 376 2396 intelligendus
393 2357 436 2388 P.
451 2357 495 2388 L.
510 2356 548 2387 F.
560 2368 589 2388 v.
603 2356 694 2388 Clav.
710 2357 765 2396 qui
779 2357 840 2386 ini-

140 2399 191 2429 tio
208 2398 284 2429 belli
300 2398 401 2429 civilis
417 2399 591 2440 imperium
605 2399 725 2430 dicitur
738 2399 840 2429 habu-

141 2440 202 2478 isse
217 2441 258 2471 ad
271 2441 342 2472 Att.
359 2441 454 2478 VIII,
483 2444 527 2473 15.
551 2442 721 2480 fueratque
736 2441 769 2471 in
785 2441 839 2472 Ci-

142 2482 218 2514 licia
242 2493 282 2514 ex
310 2489 453 2524 praetura
480 2488 553 2525 post
581 2484 774 2514 Ciceronem
801 2493 840 2514 ex

143 2525 230 2556 SCto
256 2525 300 2566 (v.
325 2527 407 2557 Caes.
431 2526 469 2556 B.
493 2526 533 2556 C.
557 2525 585 2562 1,
609 2524 753 2565 6.)·cum
767 2535 839 2556 eam

144 2567 343 2607 provinciam
359 2568 491 2599 Paullus
505 2568 627 2599 frustra
643 2568 807 2598 ambisset.

156 2635 158 2637 .
188 2610 228 2641 86
253 2609 359 2640 Addes
380 2612 467 2641 enim
493 2611 542 2650 tu]
570 2609 622 2640 An
641 2610 766 2640 etiam?
788 2610 841 2639 Sic

145 2656 238 2692 puto.
283 2652 540 2684 Confunduntur
568 2651 733 2683 interdum
770 2651 841 2683 haec

144 2694 251 2725 verba.
842 2721 847 2725 ,

163 2739 219 2771 ςβῖ
236 2746 310 2766 cum
324 2737 362 2766 de
375 2736 459 2775 logio
475 2736 547 2776 &e.]
566 2735 630 2766 Res
642 2736 788 2776 pertinet
801 2735 842 2766 ad

149 2777 194 2814 id,
216 2778 301 2817 quod
321 2788 419 2818 supra
438 2782 528 2809 erat:
551 2788 632 2808 nam
655 2779 693 2816 ἄρ
710 2778 842 2809 [saceio.

151 2818 264 2859 ltaque
286 2820 363 2852 dum
381 2820 436 2852 ille
449 2820 540 2851 locus
554 2830 572 2851 e
585 2820 677 2852 libris
697 2819 841 2852 meliori-

882 2273 978 2303 variis
990 2271 1183 2303 lectionibus
1200 2277 1258 2303 aut
1269 2273 1465 2313 conjecturis
1479 2274 1581 2304 mole-

882 2315 925 2345 sti
939 2314 1072 2345 erimus.

925 2359 964 2388 88
977 2357 1012 2387 in
1021 2367 1091 2396 pec.
1107 2361 1225 2387 exacta
1236 2357 1285 2387 ita
1299 2355 1423 2396 aff'erre
1437 2367 1478 2388 ex
1493 2367 1536 2388 m.
1551 2367 1581 2388 r.

882 2398 1008 2439 relatis]
1036 2399 1117 2429 Haec
1129 2403 1179 2429 est
1194 2398 1292 2429 lectio
1308 2399 1441 2430 Gruteri
1455 2406 1489 2430 et
1501 2400 1582 2430 alio-

882 2450 968 2471 rum.
1013 2441 1076 2472 Sed
1089 2441 1181 2472 valde
1197 2442 1231 2471 in
1243 2441 1277 2471 h.
1294 2440 1315 2471 l.
1329 2441 1492 2472 fluctuant
1507 2441 1582 2472 libri

882 2491 945 2514 scr.
961 2488 994 2513 et
1010 2483 1081 2514 edd.
1126 2483 1274 2514 Graevius
1290 2493 1307 2513 e
1323 2483 1404 2513 libro
1419 2493 1477 2513 suo
1492 2483 1582 2514 dedit

883 2530 1000 2556 exacta
1012 2539 1020 2555 .·
1044 2525 1130 2565 quod
1152 2535 1219 2556 non
1242 2526 1390 2555 imitatus
1411 2535 1495 2556 sum.
1520 2534 1581 2565 pro

883 2566 1019 2607 afferre,
1042 2567 1128 2606 quod
1149 2577 1226 2598 sane
1242 2568 1395 2598 vitiosum
1420 2572 1482 2603 est,
1507 2566 1580 2598 dedi

882 2608 1017 2650 referre,
1033 2615 1070 2639 ut
1079 2614 1129 2640 est
1143 2610 1177 2639 in
1191 2609 1262 2640 edd.
1276 2608 1482 2649 quibusdam,
1497 2614 1533 2639 ut
1546 2612 1581 2640 et

884 2652 948 2684 ΜΒ.
965 2653 1030 2682 Gu.
1041 2652 1105 2682 Alii
1120 2652 1244 2682 habent
1259 2650 1387 2691 efferre.
1399 2651 1512 2681 relatis
1525 2650 1581 2681 de-

884 2695 982 2733 nique
995 2694 1074 2724 mihi
1085 2694 1224 2734 glossam
1240 2693 1336 2732 sapit.
1351 2694 1376 2722 si
1390 2702 1502 2723 verum
1516 2697 1579 2731 est,

883 2737 981 2768 dicit:
1005 2746 1079 2766 cum
1102 2746 1149 2766 eae
1166 2738 1238 2774 jam
1260 2734 1373 2765 relatae
1393 2734 1474 2767 sint.
1517 2735 1580 2769 Sed

884 2789 956 2820 quae
972 2780 1035 2809 ista
1049 2779 1134 2810 ratio
1149 2778 1204 2815 sit,
1222 2786 1290 2808 non
1304 2776 1407 2808 video.
