1817 3196
412 107 492 145 AD
518 103 861 144 METELLUM
887 102 961 140 ET
988 98 1262 139 CETEROS.
1506 104 1586 142 117?

148 211 353 253 accidisse
374 209 607 266 reputabis,
638 207 671 247 si
693 216 736 247 et
766 205 869 247 illud
904 205 1127 260 adjunges,
1149 202 1345 244 homines
1367 201 1578 257 sapientes

147 267 427 324 turpitudine,
459 280 542 307 non
572 279 687 315 casu,
709 273 751 304 et
784 263 942 304 delicto
976 276 1067 312 suo,
1101 275 1187 301 non
1220 259 1396 300 aliorum
1422 258 1577 312 injuria

143 325 420 366 commoveri.
481 321 590 377 Ego,
623 330 667 361 et
696 320 902 361 memoria
935 328 1091 359 nostrae
1115 316 1272 358 veteris
1294 315 1513 364 amicitiae,
1535 324 1577 354 et

145 382 300 422 virtute
322 389 449 436 atquc
470 378 743 420 observantia
763 376 836 417 filii
861 376 921 417 tui
946 376 1150 424 monitus,
1173 372 1288 414 nullo
1315 372 1410 413 loco
1431 371 1573 421 deero,

140 452 278 494 neque
300 438 351 479 ad
370 435 691 486 consolandum,
714 448 851 490 neque
881 433 930 473 ad
954 431 1179 473 levandum
1201 429 1417 470 fortunam
1440 436 1572 468 tuam.

140 493 203 535 Tu
236 495 268 536 si
300 493 401 549 quid
431 493 483 533 ad
516 505 582 532 me
618 491 728 532 forte
761 489 993 546 scripseriS,
1021 487 1254 545 perficiam,
1278 500 1331 527 ne
1354 495 1394 526 te
1417 484 1573 526 frustra

140 551 357 607 scripsisse
374 549 592 590 arbitrere.

658 601 1059 642 ARGUMENTUM.
1593 599 1606 632 l
1616 597 1640 633 8

142 669 180 706 T.
196 669 357 709 Fadium,
369 667 511 716 judicio
530 669 743 704 damnatum
771 672 805 703 et
832 667 912 702 ideo
940 665 1108 706 exsulem,
1141 663 1347 700 consolatur
1379 675 1403 698 α
1430 663 1576 699 miseria

187 723 376 763 communi,
396 725 431 756 et
450 723 583 756 virtute
608 721 773 768 propria,
804 730 867 754 nec
889 730 960 754 non
989 729 1012 753 a
1036 717 1229 753 commodis
1247 715 1377 756 exsilii,
1398 727 1467 762 quo
1487 715 1576 750 liber

147 770 151 772 ’
184 774 233 809 sit
249 773 293 808 ab
312 773 597 821 impendentibus
614 772 720 808 malis
731 786 744 812 ;
776 772 921 806 tandem
940 770 984 806 ab
1003 770 1215 805 innocentiae
1237 769 1464 804 testimonio:
1493 768 1574 814 qui-

185 825 247 861 bus
262 836 329 860 sua
348 824 517 872 adjungit
536 823 667 872 officia.

458 891 525 932 M.
550 889 784 932 CICERO
817 890 860 931 S.
883 889 940 931 D.
971 888 1022 930 T.
1044 887 1253 929 FADIO.

136 946 282 1000 ETSI
316 968 505 1014 egomet,
534 960 609 1014 qui
653 968 694 1000 te
731 957 943 999 consolari
974 957 1118 1012 cupio,
1156 954 1440 997 consolandus
1480 955 1571 1010 ipse

130 1030 246 1068 sum;
278 1027 505 1072 propterea
526 1016 642 1072 quod
666 1015 823 1056 nullam
847 1029 937 1056 rem
951 1013 1306 1070 graviusjamdiu
1329 1011 1422 1062 tuli,
1441 1026 1571 1066 quam

129 1071 453 1114 incommodum
478 1083 623 1115 tuum:
657 1082 800 1114 tamen
837 1082 878 1112 te
909 1085 1172 1127 magnopere
1205 1084 1290 1110 non
1324 1069 1473 1109 hortor
1503 1083 1571 1109 so-

128 1128 233 1181 lum,
253 1130 326 1170 sed
347 1130 493 1181 etiam,
517 1145 593 1186 pro
616 1143 760 1171 amore
792 1139 955 1179 nostro,
977 1142 1082 1183 rogo
1108 1136 1236 1181 atque
1260 1141 1351 1176 01·0‚
1378 1135 1420 1166 te
1450 1125 1570 1166 colli-

129 1200 221 1241 gas,
242 1187 464 1242 virumque
487 1187 694 1242 praebeas,
715 1195 772 1236 et,
794 1200 879 1240 qua
900 1184 1149 1225 conditione
1182 1197 1329 1223 omnes
1360 1182 1570 1233 homines,

129 1253 187 1293 et,
209 1243 365 1298 quibus
388 1243 653 1299 temporibus
676 1243 765 1282 nati
789 1243 934 1292 simus,
957 1241 1138 1297 cogites.
1200 1239 1301 1280 Plus
1335 1239 1414 1279 tibi
1435 1239 1570 1282 virtus

131 1308 206 1340 tua
226 1299 358 1350 dedit,
381 1314 510 1354 quam
541 1299 714 1340 fortuna
744 1298 944 1340 abstulit:
979 1306 1205 1354 propterea
1237 1296 1352 1351 quod
1389 1295 1569 1352 adeptus

127 1370 187 1407 es,
209 1355 323 1411 quod
346 1371 432 1397 non
460 1355 581 1397 multi
604 1356 800 1397 homines
835 1355 962 1407 novi3
993 1358 1029 1388 71
1048 1353 1244 1404 amisisti,
1267 1367 1363 1408 quae
1397 1352 1568 1408 plurimi

127 1411 324 1454 homines
353 1413 627 1454 nobilissimi.
690 1412 753 1453 Ea
774 1412 958 1468 denique
992 1412 1161 1452 videtur
1190 1409 1384 1452 conditio
1402 1410 1570 1466 impen-

126 1468 225 1510 dere
256 1470 414 1524 legum,
438 1470 720 1525 judiciorum,
756 1478 1013 1526 temporum,
1043 1477 1090 1509 ut
1112 1468 1276 1524 optime
1297 1475 1442 1508 actum
1464 1481 1564 1508 cum

126 1539 177 1570 eo
208 1525 402 1567 videatur
423 1540 527 1576 esse,
547 1527 619 1581 qui
642 1541 769 1581 quam
792 1526 1009 1567 levissima
1036 1540 1169 1581 poena
1196 1525 1250 1565 ab
1273 1524 1353 1566 hac
1377 1524 1565 1580 republi-

127 1597 180 1624 ca
201 1583 457 1624 discesserit.
517 1582 580 1624 Tu
607 1598 721 1633 νει-ο,
754 1584 827 1638 qui
857 1592 900 1624 et
932 1582 1126 1624 fortunas
1147 1591 1192 1628 et
1212 1582 1368 1622 liberos
1388 1580 1676 1632 habeas‚p.74.

124 1649 169 1680 et
191 1653 268 1680 nos
290 1650 539 1696 ceterosque
569 1641 882 1681 necessitudine
911 1650 954 1680 et
977 1639 1267 1680 benivolentia
1290 1646 1434 1678 tecum
1461 1653 1565 1679 con·
1576 1637 1606 1658 ³·

116 1695 441 1750 junctissimos:
473 1711 691 1752 quumque
728 1712 928 1752 magnam
958 1696 1208 1737 facultatem
1240 1695 1296 1735 sis
1324 1694 1566 1745 habiturus,

121 1753 349 1803 nobiscum
368 1763 411 1794 et
432 1768 530 1794 cum
554 1755 753 1795 omnibns
775 1755 857 1794 tuis
885 1753 1081 1795 vivendi:
1115 1756 1155 1787 72
1171 1762 1214 1793 et
1236 1766 1332 1793 cum
1357 1766 1487 1793 unum
1511 1752 1568 1793 sit

117 1808 348 1865 judicium,
371 1823 426 1851 ex
449 1821 534 1851 tam
560 1811 719 1862 multis,
749 1811 865 1866 quod
898 1810 1248 1866 reprehendatur,
1270 1818 1318 1849 ut
1346 1809 1461 1863 quod
1482 1823 1567 1850 una

124 1867 349 1918 sententia,
368 1868 502 1922 eaque
523 1868 669 1918 dubia,
702 1868 909 1924 potentiae
941 1868 1123 1922 alicujus
1154 1866 1446 1908 condonatum
1472 1866 1566 1906 exi-

123 1923 344 1977 stimetur:
377 1925 578 1965 omnibus
620 1924 685 1977 his
718 1926 771 1966 de
807 1925 948 1966 causis
989 1924 1118 1966 debes
1158 1924 1283 1964 istam
1322 1922 1564 1963 molestiam

122 1995 251 2036 quam
272 1980 486 2024 lenissime
517 1981 637 2022 ferre.
696 1979 829 2034 7Meus
862 1982 1030 2022 animus
1061 1982 1142 2022 erit
1175 1981 1219 2021 in
1253 1989 1294 2020 te
1322 1980 1563 2035 liberosque

123 2046 219 2083 tuos
241 2052 422 2094 semper,
445 2053 573 2094 quem
599 2048 643 2080 tu
667 2053 758 2081 esse
779 2039 856 2091 vis,
879 2048 923 2080 et
944 2039 1017 2094 qui
1039 2052 1129 2079 esse
1152 2037 1294 2079 debet.

636 2139 1039 2176 ARGUMENTUM.
1577 2145 1626 2187 19

123 2190 297 2238 Pompeio
312 2190 427 2226 Italia
437 2191 555 2239 pulso,
573 2191 768 2227 Mescinius
783 2192 913 2240 Rufus,
933 2192 1112 2228 Ciceronis
1127 2196 1236 2227 antea
1250 2194 1405 2239 quaestor
1422 2192 1458 2226 in
1469 2203 1556 2238 pro-

171 2243 301 2282 vincia,
323 2244 360 2278 in
379 2243 490 2286 illius,
510 2247 696 2291 tamquam
712 2244 917 2291 reipublic-cc
934 2249 1055 2280 castra
1074 2245 1240 2284 transire,
1265 2255 1337 2279 non
1354 2242 1463 2290 plane
1480 2255 1555 2278 cer·
1584 2254 1586 2256 ·

133 2311 136 2315 ⁴
173 2298 229 2330 tus
247 2295 455 2342 cogitabat:
484 2306 587 2342 quem
617 2295 739 2331 Cicero
768 2296 967 2345 confirmat,
997 2301 1031 2332 et
1059 2301 1100 2332 ut
1127 2299 1273 2332 maneat
1300 2297 1338 2331 in
1362 2296 1562 2338 sententia,

171 2347 311 2382 suadet.

118 2461 176 2497 pro
190 2453 394 2485 conscientia.
411 2463 488 2485 nam
503 2454 646 2486 cohaeret
663 2465 738 2485 cum
754 2455 812 2485 ad·
849 2460 929 2495 plus
950 2466 993 2493 es,
1009 2455 1092 2496 quod
1117 2456 1175 2486 διο.
1203 2454 1340 2495 adeptus
1355 2458 1466 2485 autem
1484 2457 1555 2485 erat

109 2503 244 2534 Junges.
261 2505 336 2526 mox
358 2496 385 2526 si
408 2501 439 2527 et
461 2497 547 2526 illud
565 2496 633 2538 adj.
649 2496 720 2527 dedi
736 2507 810 2528 cum
854 2498 1061 2529 tribunatum
1076 2502 1111 2529 et
1123 2502 1337 2537 quaesturam.

118 2535 264 2567 Graevio:
290 2538 345 2577 qui
360 2548 436 2569 mox
447 2539 531 2569 male
540 2538 660 2570 delevit
671 2549 727 2569 suo
741 2545 814 2580 post
899 2543 940 2574 72
962 2545 993 2571 et
1011 2550 1086 2571 cum
1100 2550 1135 2570 u.
1151 2541 1192 2570 sit
1205 2539 1374 2580 judicium
1397 2548 1437 2568 ex
1451 2541 1473 2567 t.
1490 2538 1549 2578 m.]

117 2577 242 2616 delicto,
254 2589 330 2610 cum
343 2580 497 2611 delictum
508 2591 605 2612 suum
616 2581 701 2612 clare
714 2591 814 2623 oppo-
856 2581 995 2613 Videtur
1018 2581 1172 2613 excidisse
1196 2583 1253 2612 hoc
1274 2580 1325 2611 vel
1348 2585 1455 2615 tuum,
1473 2589 1549 2611 nam

117 2623 216 2650 natur
228 2621 370 2652 aliorum
383 2620 525 2663 injur-icc.
856 2625 952 2655 nimis
975 2635 1055 2665 vage
1076 2624 1202 2654 dictum
1230 2627 1281 2654 est
1302 2623 1371 2652 sine
1393 2621 1452 2652 tali
1476 2631 1549 2661 pro-

158 2664 195 2696 71
219 2664 370 2701 amisisti,
387 2674 457 2705 quoe
472 2665 614 2704 plurimi
633 2665 705 2706 &c.]
732 2666 811 2696 Sen-
855 2667 1000 2698 nomine.
1042 2665 1225 2697 Referenda
1238 2665 1339 2696 etiam
1356 2673 1406 2693 res
1424 2663 1465 2693 ad
1481 2673 1549 2694 cer.

114 2710 170 2750 sus
182 2708 244 2740 est,
266 2705 378 2737 multis
400 2706 609 2737 nobilissimis
629 2707 703 2738 viris
726 2710 810 2739 acci·
853 2713 927 2739 tum
949 2714 1092 2749 tempus,
1107 2718 1170 2747 quo
1189 2707 1297 2738 multa
1303 2705 1428 2745 judicia
1443 2705 1546 2745 fuere,

114 2743 227 2792 ὠμοὶ
240 2747 432 2779 innoeentes
446 2748 594 2782 damnati
615 2750 647 2779 in
670 2750 805 2782 exilium
851 2751 1067 2782 Consulatum
1110 2750 1248 2780 tertium
1285 2747 1431 2787 Pompeii
1448 2759 1458 2786 ;
1504 2749 1545 2779 ad

114 2789 336 2836 mlttereptur.
391 2790 429 2821 ld
452 2791 608 2831 expressit
636 2792 694 2829 sic,
723 2797 760 2822 ut
787 2803 805 2823 e
849 2803 945 2832 quern
974 2798 1009 2823 et
1032 2792 1194 2832 pertinere
1221 2789 1363 2826 videtur,
1391 2789 1478 2830 quod
1505 2789 1563 2821 de‘

113 2831 277 2861 conti-ano
306 2832 514 2873 responderet
540 2835 698 2875 superiori
727 2835 804 2866 ade·
847 2835 998 2875 potentia
1011 2835 1148 2874 alicujus
1162 2833 1287 2864 dictum
1300 2836 1361 2863 est.

798 2883 862 2918 13
