<?xml version="1.0" encoding="UTF-8"?>
<!DOCTYPE html PUBLIC "-//W3C//DTD XHTML 1.0 Transitional//EN"
    "http://www.w3.org/TR/xhtml1/DTD/xhtml1-transitional.dtd">
<html xmlns="http://www.w3.org/1999/xhtml" xml:lang="en" lang="en">
 <head>
  <title>
</title>
<meta http-equiv="Content-Type" content="text/html;charset=utf-8" />
  <meta name='ocr-system' content='tesseract 3.04.00' />
  <meta name='ocr-capabilities' content='ocr_page ocr_carea ocr_par ocr_line ocrx_word'/>
</head>
<body>
  <div class='ocr_page' id='page_1' title='image "./p1operaomnia03ciceuoft_0171.png"; bbox 0 0 1860 3228; ppageno 0'>
   <div class='ocr_carea' id='block_1_1' title="bbox 390 95 1522 141">
    <p class='ocr_par' dir='ltr' id='par_1_1' title="bbox 390 95 1522 141">
     <span class='ocr_line' id='line_1_1' title="bbox 390 95 1522 141; baseline -0.008 0"><span class='ocrx_word' id='word_1_1' title='bbox 390 101 470 141; x_wconf 91' lang='lat' dir='ltr'>AD</span> <span class='ocrx_word' id='word_1_2' title='bbox 494 100 552 140; x_wconf 89' lang='lat' dir='ltr'>M.</span> <span class='ocrx_word' id='word_1_3' title='bbox 569 97 823 139; x_wconf 83' lang='lat' dir='ltr'>MARIUM</span> <span class='ocrx_word' id='word_1_4' title='bbox 848 97 922 135; x_wconf 88' lang='lat' dir='ltr'>ET</span> <span class='ocrx_word' id='word_1_5' title='bbox 948 95 1230 134; x_wconf 87' lang='lat' dir='ltr'><strong>CETEROS.</strong></span> <span class='ocrx_word' id='word_1_6' title='bbox 1453 98 1522 132; x_wconf 88' lang='lat'>161</span> 
     </span>
    </p>
   </div>
   <div class='ocr_carea' id='block_1_2' title="bbox 88 196 1567 1397">
    <p class='ocr_par' dir='ltr' id='par_1_2' title="bbox 88 196 1567 1397">
     <span class='ocr_line' id='line_1_2' title="bbox 90 196 1524 259; baseline -0.009 -8"><span class='ocrx_word' id='word_1_7' title='bbox 90 207 227 251; x_wconf 88' lang='lat' dir='ltr'>multo</span> <span class='ocrx_word' id='word_1_8' title='bbox 258 220 304 249; x_wconf 89' lang='lat' dir='ltr'>es</span> <span class='ocrx_word' id='word_1_9' title='bbox 340 205 522 256; x_wconf 85' lang='lat' dir='ltr'>cautior,</span> <span class='ocrx_word' id='word_1_10' title='bbox 553 216 683 259; x_wconf 85' lang='lat' dir='ltr'>quam</span> <span class='ocrx_word' id='word_1_11' title='bbox 716 203 757 242; x_wconf 91' lang='lat' dir='ltr'>in</span> <span class='ocrx_word' id='word_1_12' title='bbox 789 200 1172 250; x_wconf 81' lang='lat' dir='ltr'>advocationibus3</span> <span class='ocrx_word' id='word_1_13' title='bbox 1202 196 1275 253; x_wconf 93' lang='lat' dir='ltr'>qui</span> <span class='ocrx_word' id='word_1_14' title='bbox 1310 210 1448 251; x_wconf 88' lang='lat' dir='ltr'>neque</span> <span class='ocrx_word' id='word_1_15' title='bbox 1480 197 1524 239; x_wconf 89' lang='lat' dir='ltr'>in</span> 
     </span>
     <span class='ocr_line' id='line_1_3' title="bbox 91 253 1526 311; baseline -0.011 -3"><span class='ocrx_word' id='word_1_16' title='bbox 91 266 270 308; x_wconf 82' lang='lat' dir='ltr'>Oceano</span> <span class='ocrx_word' id='word_1_17' title='bbox 298 271 446 304; x_wconf 89' lang='lat' dir='ltr'>natare</span> <span class='ocrx_word' id='word_1_18' title='bbox 476 259 675 311; x_wconf 89' lang='lat' dir='ltr'>volueris,</span> <span class='ocrx_word' id='word_1_19' title='bbox 709 257 1045 300; x_wconf 83' lang='lat' dir='ltr'>studiosissimus</span> <span class='ocrx_word' id='word_1_20' title='bbox 1075 257 1206 296; x_wconf 84' lang='lat' dir='ltr'>homo</span> <span class='ocrx_word' id='word_1_21' title='bbox 1230 253 1420 303; x_wconf 85' lang='lat' dir='ltr'>natandi,</span> <span class='ocrx_word' id='word_1_22' title='bbox 1451 267 1526 294; x_wconf 89' lang='lat' dir='ltr'>ne-</span> 
     </span>
     <span class='ocr_line' id='line_1_4' title="bbox 90 310 1524 379; baseline -0.011 -14"><span class='ocrx_word' id='word_1_23' title='bbox 90 336 174 378; x_wconf 90' lang='lat' dir='ltr'>que</span> <span class='ocrx_word' id='word_1_24' title='bbox 196 329 388 379; x_wconf 89' lang='lat' dir='ltr'>spectare</span> <span class='ocrx_word' id='word_1_25' title='bbox 409 317 655 368; x_wconf 87' lang='lat' dir='ltr'>essedarios,</span> <span class='ocrx_word' id='word_1_26' title='bbox 677 330 804 371; x_wconf 87' lang='lat' dir='ltr'>quem</span> <span class='ocrx_word' id='word_1_27' title='bbox 824 325 949 356; x_wconf 83' lang='lat' dir='ltr'>antea</span> <span class='ocrx_word' id='word_1_28' title='bbox 970 328 1023 355; x_wconf 91' lang='lat' dir='ltr'>ne</span> <span class='ocrx_word' id='word_1_29' title='bbox 1052 313 1325 354; x_wconf 78' lang='lat' dir='ltr'>Andabatam</span> <span class='ocrx_word' id='word_1_30' title='bbox 1349 310 1524 365; x_wconf 89' lang='lat' dir='ltr'>quidem</span> 
     </span>
     <span class='ocr_line' id='line_1_5' title="bbox 88 365 1522 433; baseline -0.01 -12"><span class='ocrx_word' id='word_1_31' title='bbox 88 378 341 421; x_wconf 83' lang='lat' dir='ltr'>defraudare</span> <span class='ocrx_word' id='word_1_32' title='bbox 363 386 621 433; x_wconf 80' lang='lat' dir='ltr'>poteramus.</span> <span class='ocrx_word' id='word_1_33' title='bbox 681 373 763 414; x_wconf 87' lang='lat' dir='ltr'>Sed</span> <span class='ocrx_word' id='word_1_34' title='bbox 780 372 872 427; x_wconf 86' lang='lat' dir='ltr'>jam</span> <span class='ocrx_word' id='word_1_35' title='bbox 904 370 1005 412; x_wconf 88' lang='lat' dir='ltr'>satis</span> <span class='ocrx_word' id='word_1_36' title='bbox 1031 371 1169 425; x_wconf 87' lang='lat' dir='ltr'>jocati</span> <span class='ocrx_word' id='word_1_37' title='bbox 1203 383 1363 410; x_wconf 89' lang='lat' dir='ltr'>sumus.</span> <span class='ocrx_word' id='word_1_38' title='bbox 1426 365 1522 422; x_wconf 85' lang='lat' dir='ltr'>Ego</span> 
     </span>
     <span class='ocr_line' id='line_1_6' title="bbox 91 424 1567 486; baseline -0.009 -9"><span class='ocrx_word' id='word_1_39' title='bbox 91 437 144 476; x_wconf 90' lang='lat' dir='ltr'>de</span> <span class='ocrx_word' id='word_1_40' title='bbox 166 445 209 477; x_wconf 87' lang='lat' dir='ltr'>te</span> <span class='ocrx_word' id='word_1_41' title='bbox 239 435 291 477; x_wconf 86' lang='lat' dir='ltr'>ad</span> <span class='ocrx_word' id='word_1_42' title='bbox 315 433 529 475; x_wconf 85' lang='lat' dir='ltr'>Caesarem</span> <span class='ocrx_word' id='word_1_43' title='bbox 567 445 696 486; x_wconf 88' lang='lat' dir='ltr'>quam</span> <span class='ocrx_word' id='word_1_44' title='bbox 729 430 959 486; x_wconf 83' lang='lat' dir='ltr'>diligenter</span> <span class='ocrx_word' id='word_1_45' title='bbox 994 426 1252 484; x_wconf 82' lang='lat' dir='ltr'>scripserim,</span> <span class='ocrx_word' id='word_1_46' title='bbox 1291 434 1383 466; x_wconf 85' lang='lat' dir='ltr'>tute</span> <span class='ocrx_word' id='word_1_47' title='bbox 1412 424 1567 474; x_wconf 82' lang='lat' dir='ltr'>scis3b·</span> 
     </span>
     <span class='ocr_line' id='line_1_7' title="bbox 89 480 1523 548; baseline -0.009 -14"><span class='ocrx_word' id='word_1_48' title='bbox 89 507 220 548; x_wconf 86' lang='lat' dir='ltr'>quam</span> <span class='ocrx_word' id='word_1_49' title='bbox 243 503 371 546; x_wconf 86' lang='lat' dir='ltr'>saepe,</span> <span class='ocrx_word' id='word_1_50' title='bbox 393 502 490 544; x_wconf 85' lang='lat' dir='ltr'>ego.</span> <span class='ocrx_word' id='word_1_51' title='bbox 551 487 635 529; x_wconf 88' lang='lat' dir='ltr'>Sed</span> <span class='ocrx_word' id='word_1_52' title='bbox 668 485 1016 541; x_wconf 86' lang='lat' dir='ltr'>meherculejam</span> <span class='ocrx_word' id='word_1_53' title='bbox 1039 484 1366 532; x_wconf 86' lang='lat' dir='ltr'>intermiseram,</span> <span class='ocrx_word' id='word_1_54' title='bbox 1383 495 1439 521; x_wconf 88' lang='lat' dir='ltr'>ne</span> <span class='ocrx_word' id='word_1_55' title='bbox 1462 480 1523 521; x_wconf 89' lang='lat' dir='ltr'>vi-</span> 
     </span>
     <span class='ocr_line' id='line_1_8' title="bbox 88 537 1525 598; baseline -0.008 -8"><span class='ocrx_word' id='word_1_56' title='bbox 88 550 210 591; x_wconf 90' lang='lat' dir='ltr'>derer</span> <span class='ocrx_word' id='word_1_57' title='bbox 242 545 526 589; x_wconf 84' lang='lat' dir='ltr'>liberalissimi</span> <span class='ocrx_word' id='word_1_58' title='bbox 571 545 756 585; x_wconf 88' lang='lat' dir='ltr'>hominis</span> <span class='ocrx_word' id='word_1_59' title='bbox 790 544 960 598; x_wconf 85' lang='lat' dir='ltr'>meique</span> <span class='ocrx_word' id='word_1_60' title='bbox 991 541 1274 583; x_wconf 83' lang='lat' dir='ltr'>amantissimi</span> <span class='ocrx_word' id='word_1_61' title='bbox 1313 537 1525 580; x_wconf 90' lang='lat' dir='ltr'>voluntati</span> 
     </span>
     <span class='ocr_line' id='line_1_9' title="bbox 91 596 1527 662; baseline -0.008 -16"><span class='ocrx_word' id='word_1_62' title='bbox 91 621 196 662; x_wconf 85' lang='lat' dir='ltr'>erga</span> <span class='ocrx_word' id='word_1_63' title='bbox 225 618 294 645; x_wconf 91' lang='lat' dir='ltr'>me</span> <span class='ocrx_word' id='word_1_64' title='bbox 315 602 522 644; x_wconf 81' lang='lat' dir='ltr'>diffidere.</span> <span class='ocrx_word' id='word_1_65' title='bbox 583 602 667 643; x_wconf 91' lang='lat' dir='ltr'>Sed</span> <span class='ocrx_word' id='word_1_66' title='bbox 707 611 846 642; x_wconf 86' lang='lat' dir='ltr'>tamen</span> <span class='ocrx_word' id='word_1_67' title='bbox 880 599 947 640; x_wconf 93' lang='lat' dir='ltr'>his</span> <span class='ocrx_word' id='word_1_68' title='bbox 980 599 1147 649; x_wconf 91' lang='lat' dir='ltr'>litteris,</span> <span class='ocrx_word' id='word_1_69' title='bbox 1179 612 1285 653; x_wconf 89' lang='lat' dir='ltr'>quas</span> <span class='ocrx_word' id='word_1_70' title='bbox 1329 596 1527 652; x_wconf 89' lang='lat' dir='ltr'>proxime</span> 
     </span>
     <span class='ocr_line' id='line_1_10' title="bbox 91 653 1526 717; baseline -0.008 -13"><span class='ocrx_word' id='word_1_71' title='bbox 91 663 204 713; x_wconf 90' lang='lat' dir='ltr'>dedi,</span> <span class='ocrx_word' id='word_1_72' title='bbox 227 660 376 717; x_wconf 87' lang='lat' dir='ltr'>putavi</span> <span class='ocrx_word' id='word_1_73' title='bbox 399 674 490 701; x_wconf 89' lang='lat' dir='ltr'>esse</span> <span class='ocrx_word' id='word_1_74' title='bbox 505 660 723 700; x_wconf 88' lang='lat' dir='ltr'>hominem</span> <span class='ocrx_word' id='word_1_75' title='bbox 737 655 1170 699; x_wconf 89' lang='lat' dir='ltr'>commonendum.id</span> <span class='ocrx_word' id='word_1_76' title='bbox 1187 654 1285 695; x_wconf 82' lang='lat' dir='ltr'>feci.</span> <span class='ocrx_word' id='word_1_77' title='bbox 1305 653 1407 708; x_wconf 90' lang='lat' dir='ltr'>quid</span> <span class='ocrx_word' id='word_1_78' title='bbox 1431 667 1526 708; x_wconf 88' lang='lat' dir='ltr'>pro-</span> 
     </span>
     <span class='ocr_line' id='line_1_11' title="bbox 92 711 1526 769; baseline -0.007 -9"><span class='ocrx_word' id='word_1_79' title='bbox 92 718 282 769; x_wconf 87' lang='lat' dir='ltr'>fecerim,</span> <span class='ocrx_word' id='word_1_80' title='bbox 303 716 435 758; x_wconf 83' lang='lat' dir='ltr'>facias</span> <span class='ocrx_word' id='word_1_81' title='bbox 454 730 522 757; x_wconf 89' lang='lat' dir='ltr'>me</span> <span class='ocrx_word' id='word_1_82' title='bbox 545 716 671 757; x_wconf 90' lang='lat' dir='ltr'>velim</span> <span class='ocrx_word' id='word_1_83' title='bbox 695 715 946 756; x_wconf 84' lang='lat' dir='ltr'>certiorem:</span> <span class='ocrx_word' id='word_1_84' title='bbox 978 722 1022 754; x_wconf 93' lang='lat' dir='ltr'>et</span> <span class='ocrx_word' id='word_1_85' title='bbox 1052 711 1178 753; x_wconf 90' lang='lat' dir='ltr'>simul</span> <span class='ocrx_word' id='word_1_86' title='bbox 1210 712 1262 752; x_wconf 91' lang='lat' dir='ltr'>de</span> <span class='ocrx_word' id='word_1_87' title='bbox 1296 720 1389 751; x_wconf 90' lang='lat' dir='ltr'>toto</span> <span class='ocrx_word' id='word_1_88' title='bbox 1412 718 1526 751; x_wconf 86' lang='lat' dir='ltr'>statu</span> 
     </span>
     <span class='ocr_line' id='line_1_12' title="bbox 92 767 1527 829; baseline -0.007 -13"><span class='ocrx_word' id='word_1_89' title='bbox 92 784 168 817; x_wconf 87' lang='lat' dir='ltr'>tuo</span> <span class='ocrx_word' id='word_1_90' title='bbox 200 774 476 829; x_wconf 86' lang='lat' dir='ltr'>consiliisque</span> <span class='ocrx_word' id='word_1_91' title='bbox 515 773 730 814; x_wconf 87' lang='lat' dir='ltr'>omnibus.</span> <span class='ocrx_word' id='word_1_92' title='bbox 793 772 912 812; x_wconf 86' lang='lat' dir='ltr'>Scire</span> <span class='ocrx_word' id='word_1_93' title='bbox 947 771 1059 812; x_wconf 89' lang='lat' dir='ltr'>enim</span> <span class='ocrx_word' id='word_1_94' title='bbox 1094 770 1239 825; x_wconf 89' lang='lat' dir='ltr'>cupio,</span> <span class='ocrx_word' id='word_1_95' title='bbox 1272 767 1377 824; x_wconf 90' lang='lat' dir='ltr'>quid</span> <span class='ocrx_word' id='word_1_96' title='bbox 1409 781 1527 822; x_wconf 79' lang='lat' dir='ltr'>agas,</span> 
     </span>
     <span class='ocr_line' id='line_1_13' title="bbox 91 827 1528 888; baseline -0.006 -15"><span class='ocrx_word' id='word_1_97' title='bbox 91 832 196 888; x_wconf 88' lang='lat' dir='ltr'>quid</span> <span class='ocrx_word' id='word_1_98' title='bbox 215 840 456 887; x_wconf 84' lang='lat' dir='ltr'>exspectes,</span> <span class='ocrx_word' id='word_1_99' title='bbox 475 844 604 886; x_wconf 86' lang='lat' dir='ltr'>quam</span> <span class='ocrx_word' id='word_1_100' title='bbox 637 829 814 885; x_wconf 90' lang='lat' dir='ltr'>longum</span> <span class='ocrx_word' id='word_1_101' title='bbox 845 829 976 869; x_wconf 88' lang='lat' dir='ltr'>istum</span> <span class='ocrx_word' id='word_1_102' title='bbox 1007 837 1128 868; x_wconf 89' lang='lat' dir='ltr'>tuum</span> <span class='ocrx_word' id='word_1_103' title='bbox 1147 827 1381 867; x_wconf 89' lang='lat' dir='ltr'>discessum</span> <span class='ocrx_word' id='word_1_104' title='bbox 1405 839 1430 865; x_wconf 86' lang='lat' dir='ltr'>a</span> <span class='ocrx_word' id='word_1_105' title='bbox 1450 838 1528 864; x_wconf 88' lang='lat' dir='ltr'>no-</span> 
     </span>
     <span class='ocr_line' id='line_1_14' title="bbox 90 882 1528 944; baseline -0.006 -14"><span class='ocrx_word' id='word_1_106' title='bbox 90 890 157 931; x_wconf 93' lang='lat' dir='ltr'>bis</span> <span class='ocrx_word' id='word_1_107' title='bbox 177 889 368 930; x_wconf 88' lang='lat' dir='ltr'>futurum</span> <span class='ocrx_word' id='word_1_108' title='bbox 395 897 532 944; x_wconf 87' lang='lat' dir='ltr'>putes.</span> <span class='ocrx_word' id='word_1_109' title='bbox 593 887 664 928; x_wconf 89' lang='lat' dir='ltr'>Sic</span> <span class='ocrx_word' id='word_1_110' title='bbox 693 887 809 927; x_wconf 89' lang='lat' dir='ltr'>enim</span> <span class='ocrx_word' id='word_1_111' title='bbox 840 886 920 927; x_wconf 90' lang='lat' dir='ltr'>tibi</span> <span class='ocrx_word' id='word_1_112' title='bbox 957 884 1207 941; x_wconf 85' lang='lat' dir='ltr'>persuadeas</span> <span class='ocrx_word' id='word_1_113' title='bbox 1231 882 1372 934; x_wconf 86' lang='lat' dir='ltr'>velim,</span> <span class='ocrx_word' id='word_1_114' title='bbox 1397 895 1528 922; x_wconf 90' lang='lat' dir='ltr'>unum</span> 
     </span>
     <span class='ocr_line' id='line_1_15' title="bbox 92 939 1528 1000; baseline -0.006 -13"><span class='ocrx_word' id='word_1_115' title='bbox 92 947 200 988; x_wconf 88' lang='lat' dir='ltr'>mihi</span> <span class='ocrx_word' id='word_1_116' title='bbox 222 960 313 987; x_wconf 85' lang='lat' dir='ltr'>esse</span> <span class='ocrx_word' id='word_1_117' title='bbox 332 945 547 995; x_wconf 86' lang='lat' dir='ltr'>solatium,</span> <span class='ocrx_word' id='word_1_118' title='bbox 580 957 710 1000; x_wconf 88' lang='lat' dir='ltr'>quare</span> <span class='ocrx_word' id='word_1_119' title='bbox 743 943 910 985; x_wconf 87' lang='lat' dir='ltr'>facilius</span> <span class='ocrx_word' id='word_1_120' title='bbox 944 943 1106 998; x_wconf 88' lang='lat' dir='ltr'>possim</span> <span class='ocrx_word' id='word_1_121' title='bbox 1137 941 1242 997; x_wconf 88' lang='lat' dir='ltr'>pati,</span> <span class='ocrx_word' id='word_1_122' title='bbox 1266 951 1306 980; x_wconf 89' lang='lat' dir='ltr'>te</span> <span class='ocrx_word' id='word_1_123' title='bbox 1328 953 1419 980; x_wconf 86' lang='lat' dir='ltr'>esse</span> <span class='ocrx_word' id='word_1_124' title='bbox 1437 939 1528 979; x_wconf 89' lang='lat' dir='ltr'>sine</span> 
     </span>
     <span class='ocr_line' id='line_1_16' title="bbox 90 995 1528 1054; baseline -0.006 -10"><span class='ocrx_word' id='word_1_125' title='bbox 90 1003 232 1054; x_wconf 85' lang='lat' dir='ltr'>nobis,</span> <span class='ocrx_word' id='word_1_126' title='bbox 255 1003 288 1044; x_wconf 91' lang='lat' dir='ltr'>si</span> <span class='ocrx_word' id='word_1_127' title='bbox 314 1002 392 1043; x_wconf 92' lang='lat' dir='ltr'>tibi</span> <span class='ocrx_word' id='word_1_128' title='bbox 412 1016 502 1043; x_wconf 88' lang='lat' dir='ltr'>esse</span> <span class='ocrx_word' id='word_1_129' title='bbox 524 1001 567 1042; x_wconf 93' lang='lat' dir='ltr'>id</span> <span class='ocrx_word' id='word_1_130' title='bbox 597 1001 888 1042; x_wconf 86' lang='lat' dir='ltr'>emolumento</span> <span class='ocrx_word' id='word_1_131' title='bbox 912 1000 1070 1041; x_wconf 86' lang='lat' dir='ltr'>sciam:</span> <span class='ocrx_word' id='word_1_132' title='bbox 1105 999 1168 1039; x_wconf 88' lang='lat' dir='ltr'>sin</span> <span class='ocrx_word' id='word_1_133' title='bbox 1193 1006 1337 1038; x_wconf 87' lang='lat' dir='ltr'>autem</span> <span class='ocrx_word' id='word_1_134' title='bbox 1369 995 1413 1036; x_wconf 91' lang='lat' dir='ltr'>id</span> <span class='ocrx_word' id='word_1_135' title='bbox 1441 1010 1528 1036; x_wconf 88' lang='lat' dir='ltr'>non</span> 
     </span>
     <span class='ocr_line' id='line_1_17' title="bbox 88 1052 1528 1112; baseline -0.006 -11"><span class='ocrx_word' id='word_1_136' title='bbox 88 1071 180 1112; x_wconf 81' lang='lat' dir='ltr'>est3</span> <span class='ocrx_word' id='word_1_137' title='bbox 211 1059 319 1101; x_wconf 86' lang='lat' dir='ltr'>nihil</span> <span class='ocrx_word' id='word_1_138' title='bbox 335 1059 504 1101; x_wconf 84' lang='lat' dir='ltr'>duobus</span> <span class='ocrx_word' id='word_1_139' title='bbox 522 1058 647 1100; x_wconf 88' lang='lat' dir='ltr'>nobis</span> <span class='ocrx_word' id='word_1_140' title='bbox 666 1067 730 1099; x_wconf 87' lang='lat' dir='ltr'>est</span> <span class='ocrx_word' id='word_1_141' title='bbox 746 1058 942 1099; x_wconf 87' lang='lat' dir='ltr'>stultius:</span> <span class='ocrx_word' id='word_1_142' title='bbox 976 1071 1059 1107; x_wconf 90' lang='lat' dir='ltr'>me,</span> <span class='ocrx_word' id='word_1_143' title='bbox 1077 1057 1150 1111; x_wconf 90' lang='lat' dir='ltr'>qui</span> <span class='ocrx_word' id='word_1_144' title='bbox 1176 1065 1216 1095; x_wconf 86' lang='lat' dir='ltr'>te</span> <span class='ocrx_word' id='word_1_145' title='bbox 1240 1069 1325 1094; x_wconf 90' lang='lat' dir='ltr'>non</span> <span class='ocrx_word' id='word_1_146' title='bbox 1341 1052 1528 1094; x_wconf 88' lang='lat' dir='ltr'>Romam</span> 
     </span>
     <span class='ocr_line' id='line_1_18' title="bbox 90 1111 1531 1172; baseline -0.006 -14"><span class='ocrx_word' id='word_1_147' title='bbox 90 1116 326 1168; x_wconf 84' lang='lat' dir='ltr'>attraham3</span> <span class='ocrx_word' id='word_1_148' title='bbox 358 1124 415 1168; x_wconf 90' lang='lat' dir='ltr'>te,</span> <span class='ocrx_word' id='word_1_149' title='bbox 436 1116 615 1172; x_wconf 89' lang='lat' dir='ltr'>quinon</span> <span class='ocrx_word' id='word_1_150' title='bbox 635 1115 720 1157; x_wconf 89' lang='lat' dir='ltr'>huc</span> <span class='ocrx_word' id='word_1_151' title='bbox 738 1115 925 1156; x_wconf 88' lang='lat' dir='ltr'>advoles.</span> <span class='ocrx_word' id='word_1_152' title='bbox 985 1113 1085 1155; x_wconf 87' lang='lat' dir='ltr'>Una</span> <span class='ocrx_word' id='word_1_153' title='bbox 1114 1111 1356 1153; x_wconf 88' lang='lat' dir='ltr'>mehercule</span> <span class='ocrx_word' id='word_1_154' title='bbox 1384 1119 1531 1151; x_wconf 88' lang='lat' dir='ltr'>nostra</span> 
     </span>
     <span class='ocr_line' id='line_1_19' title="bbox 90 1167 1528 1229; baseline -0.006 -14"><span class='ocrx_word' id='word_1_155' title='bbox 90 1174 157 1216; x_wconf 89' lang='lat' dir='ltr'>vel</span> <span class='ocrx_word' id='word_1_156' title='bbox 175 1188 335 1225; x_wconf 85' lang='lat' dir='ltr'>severa,</span> <span class='ocrx_word' id='word_1_157' title='bbox 360 1174 423 1215; x_wconf 93' lang='lat' dir='ltr'>vel</span> <span class='ocrx_word' id='word_1_158' title='bbox 449 1174 606 1229; x_wconf 84' lang='lat' dir='ltr'>jocosa</span> <span class='ocrx_word' id='word_1_159' title='bbox 640 1172 904 1228; x_wconf 84' lang='lat' dir='ltr'>congressio,</span> <span class='ocrx_word' id='word_1_160' title='bbox 944 1169 1075 1225; x_wconf 88' lang='lat' dir='ltr'>pluris</span> <span class='ocrx_word' id='word_1_161' title='bbox 1110 1170 1206 1220; x_wconf 87' lang='lat' dir='ltr'>erit,</span> <span class='ocrx_word' id='word_1_162' title='bbox 1237 1182 1368 1222; x_wconf 87' lang='lat' dir='ltr'>quam</span> <span class='ocrx_word' id='word_1_163' title='bbox 1388 1167 1429 1198; x_wconf 88' lang='lat'>36</span> <span class='ocrx_word' id='word_1_164' title='bbox 1442 1182 1528 1208; x_wconf 91' lang='lat' dir='ltr'>non</span> 
     </span>
     <span class='ocr_line' id='line_1_20' title="bbox 90 1224 1530 1282; baseline -0.006 -10"><span class='ocrx_word' id='word_1_165' title='bbox 90 1231 222 1272; x_wconf 90' lang='lat' dir='ltr'>modo</span> <span class='ocrx_word' id='word_1_166' title='bbox 243 1231 403 1282; x_wconf 81' lang='lat' dir='ltr'>hostes,</span> <span class='ocrx_word' id='word_1_167' title='bbox 425 1230 496 1271; x_wconf 85' lang='lat' dir='ltr'>sed</span> <span class='ocrx_word' id='word_1_168' title='bbox 520 1230 651 1270; x_wconf 88' lang='lat' dir='ltr'>etiam</span> <span class='ocrx_word' id='word_1_169' title='bbox 679 1230 830 1269; x_wconf 83' lang='lat' dir='ltr'>fratres</span> <span class='ocrx_word' id='word_1_170' title='bbox 853 1226 988 1268; x_wconf 85' lang='lat' dir='ltr'>nostri</span> <span class='ocrx_word' id='word_1_171' title='bbox 1012 1225 1160 1267; x_wconf 84' lang='lat' dir='ltr'>AEdui.</span> <span class='ocrx_word' id='word_1_172' title='bbox 1222 1226 1367 1271; x_wconf 81' lang='lat' dir='ltr'>Quare</span> <span class='ocrx_word' id='word_1_173' title='bbox 1390 1224 1530 1265; x_wconf 88' lang='lat' dir='ltr'>omni-</span> 
     </span>
     <span class='ocr_line' id='line_1_21' title="bbox 91 1281 1530 1342; baseline -0.006 -13"><span class='ocrx_word' id='word_1_174' title='bbox 91 1289 170 1330; x_wconf 93' lang='lat' dir='ltr'>bus</span> <span class='ocrx_word' id='word_1_175' title='bbox 193 1288 245 1328; x_wconf 91' lang='lat' dir='ltr'>de</span> <span class='ocrx_word' id='word_1_176' title='bbox 266 1288 391 1328; x_wconf 88' lang='lat' dir='ltr'>rebus</span> <span class='ocrx_word' id='word_1_177' title='bbox 413 1286 482 1328; x_wconf 85' lang='lat' dir='ltr'>fac</span> <span class='ocrx_word' id='word_1_178' title='bbox 511 1295 556 1326; x_wconf 90' lang='lat' dir='ltr'>ut</span> <span class='ocrx_word' id='word_1_179' title='bbox 588 1300 717 1342; x_wconf 85' lang='lat' dir='ltr'>quam</span> <span class='ocrx_word' id='word_1_180' title='bbox 748 1285 934 1342; x_wconf 88' lang='lat' dir='ltr'>primum</span> <span class='ocrx_word' id='word_1_181' title='bbox 965 1283 1114 1325; x_wconf 85' lang='lat' dir='ltr'>seiam.</span> <span class='ocrx_word' id='word_1_182' title='bbox 1145 1291 1220 1324; x_wconf 88' lang='lat' dir='ltr'>aut</span> <span class='ocrx_word' id='word_1_183' title='bbox 1251 1281 1530 1333; x_wconf 86' lang='lat' dir='ltr'>consolando,</span> 
     </span>
     <span class='ocr_line' id='line_1_22' title="bbox 89 1341 729 1397; baseline -0.006 -10"><span class='ocrx_word' id='word_1_184' title='bbox 89 1354 165 1386; x_wconf 87' lang='lat' dir='ltr'>aut</span> <span class='ocrx_word' id='word_1_185' title='bbox 185 1344 381 1396; x_wconf 90' lang='lat' dir='ltr'>consilio,</span> <span class='ocrx_word' id='word_1_186' title='bbox 402 1353 476 1384; x_wconf 88' lang='lat' dir='ltr'>aut</span> <span class='ocrx_word' id='word_1_187' title='bbox 498 1357 542 1383; x_wconf 86' lang='lat' dir='ltr'>re</span> <span class='ocrx_word' id='word_1_188' title='bbox 556 1341 729 1397; x_wconf 88' lang='lat' dir='ltr'>juvero.</span> 
     </span>
    </p>
   </div>
   <div class='ocr_carea' id='block_1_3' title="bbox 605 1430 1595 1475">
    <p class='ocr_par' dir='ltr' id='par_1_3' title="bbox 605 1430 1595 1475">
     <span class='ocr_line' id='line_1_23' title="bbox 605 1430 1595 1475; baseline -0.001 -5"><span class='ocrx_word' id='word_1_189' title='bbox 605 1430 950 1470; x_wconf 86' lang='lat' dir='ltr'><strong>ARGUMENTU</strong></span> <span class='ocrx_word' id='word_1_190' title='bbox 954 1431 1010 1469; x_wconf 90' lang='lat' dir='ltr'>M.</span> <span class='ocrx_word' id='word_1_191' title='bbox 1548 1436 1595 1475; x_wconf 91' lang='lat'>11</span> 
     </span>
    </p>
   </div>
   <div class='ocr_carea' id='block_1_4' title="bbox 90 1493 1538 1598">
    <p class='ocr_par' dir='ltr' id='par_1_4' title="bbox 90 1493 1538 1598">
     <span class='ocr_line' id='line_1_24' title="bbox 90 1493 1538 1547; baseline -0.003 -12"><span class='ocrx_word' id='word_1_192' title='bbox 90 1498 247 1535; x_wconf 81' lang='lat' dir='ltr'>Jocatur</span> <span class='ocrx_word' id='word_1_193' title='bbox 262 1499 421 1547; x_wconf 78' lang='lat' dir='ltr'>primum</span> <span class='ocrx_word' id='word_1_194' title='bbox 439 1498 482 1533; x_wconf 86' lang='lat' dir='ltr'>cle</span> <span class='ocrx_word' id='word_1_195' title='bbox 500 1498 716 1543; x_wconf 80' lang='lat' dir='ltr'>interregnis</span> <span class='ocrx_word' id='word_1_196' title='bbox 728 1512 740 1532; x_wconf 82' lang='lat'>.-</span> <span class='ocrx_word' id='word_1_197' title='bbox 769 1497 897 1531; x_wconf 79' lang='lat' dir='ltr'>deinde</span> <span class='ocrx_word' id='word_1_198' title='bbox 912 1495 1055 1536; x_wconf 83' lang='lat' dir='ltr'>suadet,</span> <span class='ocrx_word' id='word_1_199' title='bbox 1082 1495 1115 1530; x_wconf 84' lang='lat' dir='ltr'>si</span> <span class='ocrx_word' id='word_1_200' title='bbox 1132 1505 1152 1529; x_wconf 91' lang='lat' dir='ltr'>e</span> <span class='ocrx_word' id='word_1_201' title='bbox 1167 1504 1207 1529; x_wconf 79' lang='lat' dir='ltr'>re</span> <span class='ocrx_word' id='word_1_202' title='bbox 1223 1505 1290 1529; x_wconf 84' lang='lat' dir='ltr'>sua</span> <span class='ocrx_word' id='word_1_203' title='bbox 1305 1493 1366 1534; x_wconf 80' lang='lat' dir='ltr'>sit,</span> <span class='ocrx_word' id='word_1_204' title='bbox 1391 1498 1538 1531; x_wconf 84' lang='lat' dir='ltr'>maneat</span> 
     </span>
     <span class='ocr_line' id='line_1_25' title="bbox 342 1547 1304 1598; baseline -0.004 -13"><span class='ocrx_word' id='word_1_205' title='bbox 342 1550 442 1598; x_wconf 77' lang='lat' dir='ltr'>apud</span> <span class='ocrx_word' id='word_1_206' title='bbox 461 1549 635 1584; x_wconf 80' lang='lat' dir='ltr'>Coesarem</span> <span class='ocrx_word' id='word_1_207' title='bbox 648 1564 661 1585; x_wconf 93' lang='lat'>.·</span> <span class='ocrx_word' id='word_1_208' title='bbox 687 1550 744 1584; x_wconf 76' lang='lat' dir='ltr'>sin</span> <span class='ocrx_word' id='word_1_209' title='bbox 763 1549 890 1588; x_wconf 80' lang='lat' dir='ltr'>minus,</span> <span class='ocrx_word' id='word_1_210' title='bbox 913 1547 1068 1582; x_wconf 87' lang='lat' dir='ltr'>Romam</span> <span class='ocrx_word' id='word_1_211' title='bbox 1085 1558 1121 1582; x_wconf 86' lang='lat' dir='ltr'>se</span> <span class='ocrx_word' id='word_1_212' title='bbox 1139 1547 1304 1594; x_wconf 77' lang='lat' dir='ltr'>recipiat.</span> 
     </span>
    </p>
   </div>
   <div class='ocr_carea' id='block_1_5' title="bbox 522 1611 1110 1657">
    <p class='ocr_par' dir='ltr' id='par_1_5' title="bbox 522 1611 1110 1657">
     <span class='ocr_line' id='line_1_26' title="bbox 522 1611 1110 1657; baseline -0.005 0"><span class='ocrx_word' id='word_1_213' title='bbox 522 1614 758 1657; x_wconf 90' lang='lat' dir='ltr'>CICERO</span> <span class='ocrx_word' id='word_1_214' title='bbox 779 1611 1110 1655; x_wconf 88' lang='lat' dir='ltr'><strong>TREBATIO.</strong></span> 
     </span>
    </p>
   </div>
   <div class='ocr_carea' id='block_1_6' title="bbox 93 1672 1667 2483">
    <p class='ocr_par' dir='ltr' id='par_1_6' title="bbox 93 1672 1667 2483">
     <span class='ocr_line' id='line_1_27' title="bbox 97 1672 1540 1739; baseline -0.005 -12"><span class='ocrx_word' id='word_1_215' title='bbox 97 1672 241 1727; x_wconf 88' lang='lat' dir='ltr'>NISI</span> <span class='ocrx_word' id='word_1_216' title='bbox 264 1693 364 1726; x_wconf 86' lang='lat' dir='ltr'>ante</span> <span class='ocrx_word' id='word_1_217' title='bbox 384 1682 525 1725; x_wconf 85' lang='lat' dir='ltr'>Roma</span> <span class='ocrx_word' id='word_1_218' title='bbox 549 1682 769 1739; x_wconf 89' lang='lat' dir='ltr'>profectus</span> <span class='ocrx_word' id='word_1_219' title='bbox 790 1696 916 1733; x_wconf 88' lang='lat' dir='ltr'>esses,</span> <span class='ocrx_word' id='word_1_220' title='bbox 939 1696 1054 1722; x_wconf 91' lang='lat' dir='ltr'>nunc</span> <span class='ocrx_word' id='word_1_221' title='bbox 1075 1695 1169 1722; x_wconf 84' lang='lat' dir='ltr'>eam</span> <span class='ocrx_word' id='word_1_222' title='bbox 1189 1689 1305 1721; x_wconf 90' lang='lat' dir='ltr'>certe</span> <span class='ocrx_word' id='word_1_223' title='bbox 1326 1679 1540 1735; x_wconf 90' lang='lat' dir='ltr'>relinque-</span> 
     </span>
     <span class='ocr_line' id='line_1_28' title="bbox 93 1736 1538 1795; baseline -0.003 -12"><span class='ocrx_word' id='word_1_224' title='bbox 93 1756 173 1785; x_wconf 89' lang='lat' dir='ltr'>res.</span> <span class='ocrx_word' id='word_1_225' title='bbox 234 1745 273 1776; x_wconf 86' lang='grc'>37</span> <span class='ocrx_word' id='word_1_226' title='bbox 291 1741 402 1788; x_wconf 82' lang='lat' dir='ltr'>Quis</span> <span class='ocrx_word' id='word_1_227' title='bbox 434 1741 564 1791; x_wconf 89' lang='lat' dir='ltr'>enim,</span> <span class='ocrx_word' id='word_1_228' title='bbox 598 1748 664 1780; x_wconf 86' lang='lat' dir='ltr'>tot</span> <span class='ocrx_word' id='word_1_229' title='bbox 695 1739 966 1795; x_wconf 80' lang='lat' dir='ltr'>interregniS‚</span> <span class='ocrx_word' id='word_1_230' title='bbox 992 1736 1339 1793; x_wconf 87' lang='lat' dir='ltr'>jureconsultum</span> <span class='ocrx_word' id='word_1_231' title='bbox 1370 1737 1538 1779; x_wconf 90' lang='lat' dir='ltr'>deside-</span> 
     </span>
     <span class='ocr_line' id='line_1_29' title="bbox 95 1794 1540 1856; baseline -0.003 -16"><span class='ocrx_word' id='word_1_232' title='bbox 95 1802 187 1842; x_wconf 86' lang='lat' dir='ltr'>rat?</span> <span class='ocrx_word' id='word_1_233' title='bbox 220 1798 315 1856; x_wconf 89' lang='lat' dir='ltr'>Ego</span> <span class='ocrx_word' id='word_1_234' title='bbox 337 1798 554 1848; x_wconf 87' lang='lat' dir='ltr'>omnibus,</span> <span class='ocrx_word' id='word_1_235' title='bbox 576 1797 691 1838; x_wconf 92' lang='lat' dir='ltr'>unde</span> <span class='ocrx_word' id='word_1_236' title='bbox 712 1797 888 1854; x_wconf 89' lang='lat' dir='ltr'>petitur,</span> <span class='ocrx_word' id='word_1_237' title='bbox 912 1795 996 1836; x_wconf 90' lang='lat' dir='ltr'>hoc</span> <span class='ocrx_word' id='word_1_238' title='bbox 1015 1794 1185 1836; x_wconf 88' lang='lat' dir='ltr'>consilii</span> <span class='ocrx_word' id='word_1_239' title='bbox 1207 1794 1414 1846; x_wconf 87' lang='lat' dir='ltr'>dederim,</span> <span class='ocrx_word' id='word_1_240' title='bbox 1445 1803 1494 1835; x_wconf 87' lang='lat' dir='ltr'>ut</span> <span class='ocrx_word' id='word_1_241' title='bbox 1514 1810 1540 1836; x_wconf 85' lang='lat' dir='ltr'>a</span> 
     </span>
     <span class='ocr_line' id='line_1_30' title="bbox 97 1852 1540 1914; baseline -0.003 -16"><span class='ocrx_word' id='word_1_242' title='bbox 97 1856 278 1914; x_wconf 87' lang='lat' dir='ltr'>singulis</span> <span class='ocrx_word' id='word_1_243' title='bbox 301 1855 589 1911; x_wconf 85' lang='lat' dir='ltr'>interregibus</span> <span class='ocrx_word' id='word_1_244' title='bbox 609 1854 732 1895; x_wconf 88' lang='lat' dir='ltr'>binas</span> <span class='ocrx_word' id='word_1_245' title='bbox 753 1853 1059 1896; x_wconf 87' lang='lat' dir='ltr'>advocationes</span> <span class='ocrx_word' id='word_1_246' title='bbox 1084 1852 1317 1909; x_wconf 82' lang='lat' dir='ltr'>postulent.</span> <span class='ocrx_word' id='word_1_247' title='bbox 1369 1852 1540 1894; x_wconf 87' lang='lat' dir='ltr'>Satisne</span> 
     </span>
     <span class='ocr_line' id='line_1_31' title="bbox 98 1909 1539 1966; baseline -0.003 -10"><span class='ocrx_word' id='word_1_248' title='bbox 98 1914 177 1956; x_wconf 88' lang='lat' dir='ltr'>tibi</span> <span class='ocrx_word' id='word_1_249' title='bbox 213 1914 360 1956; x_wconf 88' lang='lat' dir='ltr'>videor</span> <span class='ocrx_word' id='word_1_250' title='bbox 393 1913 468 1953; x_wconf 84' lang='lat' dir='ltr'>abs</span> <span class='ocrx_word' id='word_1_251' title='bbox 502 1921 545 1952; x_wconf 88' lang='lat' dir='ltr'>te</span> <span class='ocrx_word' id='word_1_252' title='bbox 567 1911 641 1966; x_wconf 90' lang='lat' dir='ltr'>jus</span> <span class='ocrx_word' id='word_1_253' title='bbox 673 1911 800 1953; x_wconf 89' lang='lat' dir='ltr'>civile</span> <span class='ocrx_word' id='word_1_254' title='bbox 832 1911 1061 1952; x_wconf 86' lang='lat' dir='ltr'>didicisse?</span> <span class='ocrx_word' id='word_1_255' title='bbox 1094 1909 1178 1951; x_wconf 90' lang='lat' dir='ltr'>Sed</span> <span class='ocrx_word' id='word_1_256' title='bbox 1212 1909 1320 1950; x_wconf 89' lang='lat' dir='ltr'>heus</span> <span class='ocrx_word' id='word_1_257' title='bbox 1350 1918 1411 1961; x_wconf 94' lang='lat' dir='ltr'>tu,</span> <span class='ocrx_word' id='word_1_258' title='bbox 1433 1909 1539 1965; x_wconf 93' lang='lat' dir='ltr'>quid</span> 
     </span>
     <span class='ocr_line' id='line_1_32' title="bbox 97 1966 1536 2027; baseline -0.002 -15"><span class='ocrx_word' id='word_1_259' title='bbox 97 1971 219 2027; x_wconf 65' lang='lat' dir='ltr'>agis?</span> <span class='ocrx_word' id='word_1_260' title='bbox 250 1970 404 2025; x_wconf 88' lang='lat' dir='ltr'>ecquid</span> <span class='ocrx_word' id='word_1_261' title='bbox 439 1968 516 2011; x_wconf 79' lang='lat' dir='ltr'>fit?</span> <span class='ocrx_word' id='word_1_262' title='bbox 559 1969 684 2010; x_wconf 89' lang='lat' dir='ltr'>video</span> <span class='ocrx_word' id='word_1_263' title='bbox 718 1969 850 2020; x_wconf 86' lang='lat' dir='ltr'>enim,</span> <span class='ocrx_word' id='word_1_264' title='bbox 890 1977 931 2008; x_wconf 93' lang='lat' dir='ltr'>te</span> <span class='ocrx_word' id='word_1_265' title='bbox 954 1967 1048 2022; x_wconf 85' lang='lat' dir='ltr'>jam</span> <span class='ocrx_word' id='word_1_266' title='bbox 1071 1966 1213 2022; x_wconf 84' lang='lat' dir='ltr'>jocari</span> <span class='ocrx_word' id='word_1_267' title='bbox 1250 1981 1325 2023; x_wconf 86' lang='lat' dir='ltr'>per</span> <span class='ocrx_word' id='word_1_268' title='bbox 1356 1966 1536 2009; x_wconf 85' lang='lat' dir='ltr'>litteras.</span> 
     </span>
     <span class='ocr_line' id='line_1_33' title="bbox 98 2023 1536 2085; baseline -0.004 -15"><span class='ocrx_word' id='word_1_269' title='bbox 98 2027 212 2070; x_wconf 86' lang='lat' dir='ltr'>Haec</span> <span class='ocrx_word' id='word_1_270' title='bbox 239 2029 363 2085; x_wconf 84' lang='lat' dir='ltr'>signa</span> <span class='ocrx_word' id='word_1_271' title='bbox 383 2026 557 2067; x_wconf 85' lang='lat' dir='ltr'>meliora</span> <span class='ocrx_word' id='word_1_272' title='bbox 580 2037 694 2076; x_wconf 86' lang='lat' dir='ltr'>sunt,</span> <span class='ocrx_word' id='word_1_273' title='bbox 715 2029 894 2081; x_wconf 80' lang='lat' dir='ltr'>38quam</span> <span class='ocrx_word' id='word_1_274' title='bbox 927 2025 970 2065; x_wconf 83' lang='lat' dir='ltr'>in</span> <span class='ocrx_word' id='word_1_275' title='bbox 1002 2039 1098 2065; x_wconf 88' lang='lat' dir='ltr'>meo</span> <span class='ocrx_word' id='word_1_276' title='bbox 1128 2023 1389 2065; x_wconf 85' lang='lat' dir='ltr'>Tusculano.</span> <span class='ocrx_word' id='word_1_277' title='bbox 1451 2023 1536 2065; x_wconf 91' lang='lat' dir='ltr'>Sed</span> 
     </span>
     <span class='ocr_line' id='line_1_34' title="bbox 97 2080 1533 2141; baseline -0.002 -14"><span class='ocrx_word' id='word_1_278' title='bbox 97 2085 202 2141; x_wconf 93' lang='lat' dir='ltr'>quid</span> <span class='ocrx_word' id='word_1_279' title='bbox 221 2086 290 2136; x_wconf 90' lang='lat' dir='ltr'>sit,</span> <span class='ocrx_word' id='word_1_280' title='bbox 313 2085 420 2126; x_wconf 91' lang='lat' dir='ltr'>scire</span> <span class='ocrx_word' id='word_1_281' title='bbox 441 2083 586 2139; x_wconf 87' lang='lat' dir='ltr'>cupio.</span> <span class='ocrx_word' id='word_1_282' title='bbox 649 2081 828 2124; x_wconf 87' lang='lat' dir='ltr'>Consuli</span> <span class='ocrx_word' id='word_1_283' title='bbox 848 2082 1022 2137; x_wconf 85' lang='lat' dir='ltr'>quidem</span> <span class='ocrx_word' id='word_1_284' title='bbox 1045 2090 1088 2122; x_wconf 89' lang='lat' dir='ltr'>te</span> <span class='ocrx_word' id='word_1_285' title='bbox 1115 2096 1140 2122; x_wconf 85' lang='lat' dir='ltr'>a</span> <span class='ocrx_word' id='word_1_286' title='bbox 1162 2080 1333 2122; x_wconf 82' lang='lat' dir='ltr'>Caesare</span> <span class='ocrx_word' id='word_1_287' title='bbox 1357 2081 1533 2124; x_wconf 85' lang='lat' dir='ltr'>scribis:</span> 
     </span>
     <span class='ocr_line' id='line_1_35' title="bbox 97 2137 1534 2198; baseline -0.002 -15"><span class='ocrx_word' id='word_1_288' title='bbox 97 2142 170 2183; x_wconf 89' lang='lat' dir='ltr'>sed</span> <span class='ocrx_word' id='word_1_289' title='bbox 191 2157 274 2198; x_wconf 88' lang='lat' dir='ltr'>ego</span> <span class='ocrx_word' id='word_1_290' title='bbox 296 2141 377 2182; x_wconf 90' lang='lat' dir='ltr'>tibi</span> <span class='ocrx_word' id='word_1_291' title='bbox 397 2141 452 2181; x_wconf 90' lang='lat' dir='ltr'>ab</span> <span class='ocrx_word' id='word_1_292' title='bbox 475 2140 546 2181; x_wconf 91' lang='lat' dir='ltr'>illo</span> <span class='ocrx_word' id='word_1_293' title='bbox 567 2140 733 2181; x_wconf 85' lang='lat' dir='ltr'>consuli</span> <span class='ocrx_word' id='word_1_294' title='bbox 757 2140 943 2180; x_wconf 82' lang='lat' dir='ltr'>mallem.</span> <span class='ocrx_word' id='word_1_295' title='bbox 965 2138 1081 2195; x_wconf 87' lang='lat' dir='ltr'>quod</span> <span class='ocrx_word' id='word_1_296' title='bbox 1114 2139 1148 2179; x_wconf 85' lang='lat' dir='ltr'>si</span> <span class='ocrx_word' id='word_1_297' title='bbox 1179 2148 1252 2179; x_wconf 88' lang='lat' dir='ltr'>aut</span> <span class='ocrx_word' id='word_1_298' title='bbox 1282 2138 1347 2189; x_wconf 89' lang='lat' dir='ltr'>fit,</span> <span class='ocrx_word' id='word_1_299' title='bbox 1366 2147 1443 2180; x_wconf 89' lang='lat' dir='ltr'>aut</span> <span class='ocrx_word' id='word_1_300' title='bbox 1465 2137 1534 2180; x_wconf 87' lang='lat' dir='ltr'>fu-</span> 
     </span>
     <span class='ocr_line' id='line_1_36' title="bbox 98 2195 1667 2255; baseline -0.001 -15"><span class='ocrx_word' id='word_1_301' title='bbox 98 2208 241 2240; x_wconf 85' lang='lat' dir='ltr'>turum</span> <span class='ocrx_word' id='word_1_302' title='bbox 266 2208 415 2255; x_wconf 86' lang='lat' dir='ltr'>putas;</span> <span class='ocrx_word' id='word_1_303' title='bbox 447 2195 587 2253; x_wconf 82' lang='lat' dir='ltr'>perfer</span> <span class='ocrx_word' id='word_1_304' title='bbox 610 2198 734 2238; x_wconf 81' lang='lat' dir='ltr'>istam</span> <span class='ocrx_word' id='word_1_305' title='bbox 757 2197 971 2247; x_wconf 82' lang='lat' dir='ltr'>militiam,</span> <span class='ocrx_word' id='word_1_306' title='bbox 993 2205 1036 2236; x_wconf 89' lang='lat' dir='ltr'>et</span> <span class='ocrx_word' id='word_1_307' title='bbox 1058 2209 1284 2252; x_wconf 89' lang='lat' dir='ltr'>permane:</span> <span class='ocrx_word' id='word_1_308' title='bbox 1311 2210 1394 2252; x_wconf 88' lang='lat' dir='ltr'>ego</span> <span class='ocrx_word' id='word_1_309' title='bbox 1415 2195 1531 2237; x_wconf 91' lang='lat' dir='ltr'>enim</span> <span class='ocrx_word' id='word_1_310' title='bbox 1545 2208 1577 2239; x_wconf 82' lang='lat' dir='ltr'>P·</span> <span class='ocrx_word' id='word_1_311' title='bbox 1596 2200 1667 2232; x_wconf 88' lang='lat'>¹01·</span> 
     </span>
     <span class='ocr_line' id='line_1_37' title="bbox 97 2250 1578 2310; baseline -0.003 -12"><span class='ocrx_word' id='word_1_312' title='bbox 97 2256 355 2298; x_wconf 87' lang='lat' dir='ltr'>desiderium</span> <span class='ocrx_word' id='word_1_313' title='bbox 380 2254 458 2305; x_wconf 92' lang='lat' dir='ltr'>tui,</span> <span class='ocrx_word' id='word_1_314' title='bbox 480 2268 555 2310; x_wconf 86' lang='lat' dir='ltr'>spe</span> <span class='ocrx_word' id='word_1_315' title='bbox 586 2264 756 2296; x_wconf 90' lang='lat' dir='ltr'>tuorum</span> <span class='ocrx_word' id='word_1_316' title='bbox 793 2253 1120 2295; x_wconf 90' lang='lat' dir='ltr'>commodorum</span> <span class='ocrx_word' id='word_1_317' title='bbox 1154 2252 1434 2296; x_wconf 87' lang='lat' dir='ltr'>consolabor:</span> <span class='ocrx_word' id='word_1_318' title='bbox 1467 2250 1578 2294; x_wconf 63' lang='lat' dir='ltr'>sina·</span> 
     </span>
     <span class='ocr_line' id='line_1_38' title="bbox 98 2310 1538 2368; baseline -0.001 -13"><span class='ocrx_word' id='word_1_319' title='bbox 98 2323 243 2355; x_wconf 87' lang='lat' dir='ltr'>autem</span> <span class='ocrx_word' id='word_1_320' title='bbox 266 2313 350 2353; x_wconf 88' lang='lat' dir='ltr'>ista</span> <span class='ocrx_word' id='word_1_321' title='bbox 367 2320 466 2352; x_wconf 87' lang='lat' dir='ltr'>sunt</span> <span class='ocrx_word' id='word_1_322' title='bbox 495 2311 716 2364; x_wconf 86' lang='lat' dir='ltr'>inaniora;</span> <span class='ocrx_word' id='word_1_323' title='bbox 747 2312 889 2368; x_wconf 77' lang='lat' dir='ltr'>recipe</span> <span class='ocrx_word' id='word_1_324' title='bbox 916 2321 958 2351; x_wconf 89' lang='lat' dir='ltr'>te</span> <span class='ocrx_word' id='word_1_325' title='bbox 979 2310 1032 2352; x_wconf 89' lang='lat' dir='ltr'>ad</span> <span class='ocrx_word' id='word_1_326' title='bbox 1055 2325 1149 2352; x_wconf 88' lang='lat' dir='ltr'>nos.</span> <span class='ocrx_word' id='word_1_327' title='bbox 1211 2310 1325 2352; x_wconf 89' lang='lat' dir='ltr'>Nam</span> <span class='ocrx_word' id='word_1_328' title='bbox 1359 2319 1434 2352; x_wconf 87' lang='lat' dir='ltr'>aut</span> <span class='ocrx_word' id='word_1_329' title='bbox 1454 2312 1538 2353; x_wconf 84' lang='lat' dir='ltr'>erit</span> 
     </span>
     <span class='ocr_line' id='line_1_39' title="bbox 97 2366 1539 2426; baseline -0.001 -15"><span class='ocrx_word' id='word_1_330' title='bbox 97 2369 170 2412; x_wconf 88' lang='lat' dir='ltr'>hic</span> <span class='ocrx_word' id='word_1_331' title='bbox 192 2369 352 2426; x_wconf 91' lang='lat' dir='ltr'>aliquid</span> <span class='ocrx_word' id='word_1_332' title='bbox 372 2368 625 2424; x_wconf 85' lang='lat' dir='ltr'>aliquando:</span> <span class='ocrx_word' id='word_1_333' title='bbox 658 2378 747 2420; x_wconf 90' lang='lat' dir='ltr'>aut,</span> <span class='ocrx_word' id='word_1_334' title='bbox 770 2368 802 2408; x_wconf 90' lang='lat' dir='ltr'>si</span> <span class='ocrx_word' id='word_1_335' title='bbox 827 2369 983 2420; x_wconf 85' lang='lat' dir='ltr'>minus,</span> <span class='ocrx_word' id='word_1_336' title='bbox 1016 2382 1102 2409; x_wconf 85' lang='lat' dir='ltr'>una</span> <span class='ocrx_word' id='word_1_337' title='bbox 1129 2366 1374 2410; x_wconf 86' lang='lat' dir='ltr'>mehercule</span> <span class='ocrx_word' id='word_1_338' title='bbox 1405 2367 1539 2410; x_wconf 88' lang='lat' dir='ltr'>collo-</span> 
     </span>
     <span class='ocr_line' id='line_1_40' title="bbox 99 2424 1541 2483; baseline -0.002 -14"><span class='ocrx_word' id='word_1_339' title='bbox 99 2429 218 2470; x_wconf 90' lang='lat' dir='ltr'>cutio</span> <span class='ocrx_word' id='word_1_340' title='bbox 237 2436 383 2469; x_wconf 89' lang='lat' dir='ltr'>nostra</span> <span class='ocrx_word' id='word_1_341' title='bbox 404 2426 537 2483; x_wconf 90' lang='lat' dir='ltr'>pluris</span> <span class='ocrx_word' id='word_1_342' title='bbox 565 2427 662 2478; x_wconf 91' lang='lat' dir='ltr'>erit,</span> <span class='ocrx_word' id='word_1_343' title='bbox 685 2440 815 2482; x_wconf 87' lang='lat' dir='ltr'>quam</span> <span class='ocrx_word' id='word_1_344' title='bbox 837 2440 986 2467; x_wconf 89' lang='lat' dir='ltr'>omnes</span> <span class='ocrx_word' id='word_1_345' title='bbox 1009 2425 1342 2468; x_wconf 80' lang='lat' dir='ltr'>Samarobrivae.</span> <span class='ocrx_word' id='word_1_346' title='bbox 1404 2424 1541 2467; x_wconf 89' lang='lat' dir='ltr'>Deni-</span> 
     </span>
    </p>
   </div>
   <div class='ocr_carea' id='block_1_7' title="bbox 99 2537 1545 2792">
    <p class='ocr_par' dir='ltr' id='par_1_7' title="bbox 99 2537 1545 2792">
     <span class='ocr_line' id='line_1_41' title="bbox 139 2537 1538 2581; baseline -0.001 -9"><span class='ocrx_word' id='word_1_347' title='bbox 139 2541 181 2572; x_wconf 80' lang='lat'>36</span> <span class='ocrx_word' id='word_1_348' title='bbox 201 2550 266 2572; x_wconf 81' lang='lat' dir='ltr'>non</span> <span class='ocrx_word' id='word_1_349' title='bbox 289 2540 382 2572; x_wconf 83' lang='lat' dir='ltr'>modo</span> <span class='ocrx_word' id='word_1_350' title='bbox 405 2541 518 2578; x_wconf 79' lang='lat' dir='ltr'>hostes,</span> <span class='ocrx_word' id='word_1_351' title='bbox 542 2539 600 2570; x_wconf 83' lang='lat' dir='ltr'>sed</span> <span class='ocrx_word' id='word_1_352' title='bbox 620 2549 649 2570; x_wconf 85' lang='lat' dir='ltr'>e.</span> <span class='ocrx_word' id='word_1_353' title='bbox 661 2538 798 2579; x_wconf 82' lang='lat' dir='ltr'>fratres</span> <span class='ocrx_word' id='word_1_354' title='bbox 882 2542 921 2574; x_wconf 84' lang='lat'>37</span> <span class='ocrx_word' id='word_1_355' title='bbox 959 2539 1046 2581; x_wconf 73' lang='lat' dir='ltr'>Quis</span> <span class='ocrx_word' id='word_1_356' title='bbox 1074 2542 1099 2570; x_wconf 77' lang='lat' dir='ltr'>t.</span> <span class='ocrx_word' id='word_1_357' title='bbox 1123 2539 1149 2570; x_wconf 87' lang='lat' dir='ltr'>i.</span> <span class='ocrx_word' id='word_1_358' title='bbox 1176 2537 1307 2570; x_wconf 65' lang='lat' dir='ltr'>«Ictum</span> <span class='ocrx_word' id='word_1_359' title='bbox 1332 2538 1496 2569; x_wconf 78' lang='lat' dir='ltr'>desiderat</span> <span class='ocrx_word' id='word_1_360' title='bbox 1504 2539 1538 2580; x_wconf 62' lang='grc' dir='ltr'>ἵ]</span> 
     </span>
     <span class='ocr_line' id='line_1_42' title="bbox 101 2580 1540 2625; baseline 0 -11"><span class='ocrx_word' id='word_1_361' title='bbox 101 2581 227 2623; x_wconf 79' lang='lat' dir='ltr'>AEdui]</span> <span class='ocrx_word' id='word_1_362' title='bbox 259 2582 388 2625; x_wconf 85' lang='lat' dir='ltr'>Nempe</span> <span class='ocrx_word' id='word_1_363' title='bbox 413 2586 487 2613; x_wconf 85' lang='lat' dir='ltr'>tum</span> <span class='ocrx_word' id='word_1_364' title='bbox 517 2583 552 2613; x_wconf 90' lang='lat' dir='ltr'>in</span> <span class='ocrx_word' id='word_1_365' title='bbox 582 2582 697 2613; x_wconf 89' lang='lat' dir='ltr'>AEduis</span> <span class='ocrx_word' id='word_1_366' title='bbox 720 2592 796 2612; x_wconf 87' lang='lat' dir='ltr'>cum</span> <span class='ocrx_word' id='word_1_367' title='bbox 841 2581 939 2613; x_wconf 85' lang='lat' dir='ltr'>Forte</span> <span class='ocrx_word' id='word_1_368' title='bbox 965 2580 1173 2612; x_wconf 83' lang='lat' dir='ltr'>scribendum</span> <span class='ocrx_word' id='word_1_369' title='bbox 1200 2581 1385 2611; x_wconf 77' lang='lat' dir='ltr'>desideret?</span> <span class='ocrx_word' id='word_1_370' title='bbox 1421 2591 1540 2622; x_wconf 85' lang='lat' dir='ltr'>nempe</span> 
     </span>
     <span class='ocr_line' id='line_1_43' title="bbox 103 2623 1543 2665; baseline -0.001 -9"><span class='ocrx_word' id='word_1_371' title='bbox 103 2624 232 2656; x_wconf 81' lang='lat' dir='ltr'>Caesare</span> <span class='ocrx_word' id='word_1_372' title='bbox 256 2630 339 2656; x_wconf 87' lang='lat' dir='ltr'>erat.</span> <span class='ocrx_word' id='word_1_373' title='bbox 382 2625 454 2662; x_wconf 89' lang='lat' dir='ltr'>Ait,</span> <span class='ocrx_word' id='word_1_374' title='bbox 481 2624 509 2655; x_wconf 87' lang='lat' dir='ltr'>si</span> <span class='ocrx_word' id='word_1_375' title='bbox 533 2625 675 2655; x_wconf 85' lang='lat' dir='ltr'>maxime</span> <span class='ocrx_word' id='word_1_376' title='bbox 698 2623 798 2656; x_wconf 84' lang='lat' dir='ltr'>AEdui</span> <span class='ocrx_word' id='word_1_377' title='bbox 841 2625 918 2664; x_wconf 84' lang='lat' dir='ltr'>quia</span> <span class='ocrx_word' id='word_1_378' title='bbox 938 2623 1031 2654; x_wconf 86' lang='lat' dir='ltr'>nullo</span> <span class='ocrx_word' id='word_1_379' title='bbox 1053 2633 1149 2665; x_wconf 88' lang='lat' dir='ltr'>opus,</span> <span class='ocrx_word' id='word_1_380' title='bbox 1171 2633 1248 2655; x_wconf 83' lang='lat' dir='ltr'>cum</span> <span class='ocrx_word' id='word_1_381' title='bbox 1270 2632 1329 2663; x_wconf 86' lang='lat' dir='ltr'>per</span> <span class='ocrx_word' id='word_1_382' title='bbox 1351 2623 1543 2664; x_wconf 81' lang='lat' dir='ltr'>interregna</span> 
     </span>
     <span class='ocr_line' id='line_1_44' title="bbox 99 2665 1138 2707; baseline -0.002 -9"><span class='ocrx_word' id='word_1_383' title='bbox 99 2676 133 2698; x_wconf 73' lang='lat' dir='ltr'>ne</span> <span class='ocrx_word' id='word_1_384' title='bbox 155 2667 285 2704; x_wconf 84' lang='lat' dir='ltr'>fratres,</span> <span class='ocrx_word' id='word_1_385' title='bbox 300 2666 411 2698; x_wconf 78' lang='lat' dir='ltr'>fideles</span> <span class='ocrx_word' id='word_1_386' title='bbox 424 2667 542 2704; x_wconf 88' lang='lat' dir='ltr'>socios,</span> <span class='ocrx_word' id='word_1_387' title='bbox 560 2672 600 2699; x_wconf 88' lang='lat' dir='ltr'>ut</span> <span class='ocrx_word' id='word_1_388' title='bbox 614 2666 708 2705; x_wconf 88' lang='lat' dir='ltr'>olim,</span> <span class='ocrx_word' id='word_1_389' title='bbox 723 2676 799 2707; x_wconf 86' lang='lat' dir='ltr'>pro-</span> <span class='ocrx_word' id='word_1_390' title='bbox 842 2676 910 2697; x_wconf 87' lang='lat' dir='ltr'>non</span> <span class='ocrx_word' id='word_1_391' title='bbox 926 2667 994 2697; x_wconf 86' lang='lat' dir='ltr'>sint</span> <span class='ocrx_word' id='word_1_392' title='bbox 1000 2665 1138 2706; x_wconf 86' lang='lat' dir='ltr'>judicia.</span> 
     </span>
     <span class='ocr_line' id='line_1_45' title="bbox 101 2705 1545 2750; baseline 0.001 -11"><span class='ocrx_word' id='word_1_393' title='bbox 101 2714 174 2748; x_wconf 84' lang='lat' dir='ltr'>pter</span> <span class='ocrx_word' id='word_1_394' title='bbox 187 2709 274 2749; x_wconf 88' lang='lat' dir='ltr'>quod</span> <span class='ocrx_word' id='word_1_395' title='bbox 288 2710 405 2741; x_wconf 83' lang='lat' dir='ltr'>fratres</span> <span class='ocrx_word' id='word_1_396' title='bbox 429 2709 587 2750; x_wconf 83' lang='lat' dir='ltr'>appellati</span> <span class='ocrx_word' id='word_1_397' title='bbox 608 2713 699 2748; x_wconf 83' lang='lat' dir='ltr'>sunt,</span> <span class='ocrx_word' id='word_1_398' title='bbox 713 2719 798 2750; x_wconf 83' lang='lat' dir='ltr'>prae-</span> <span class='ocrx_word' id='word_1_399' title='bbox 883 2711 924 2740; x_wconf 87' lang='grc'>38</span> <span class='ocrx_word' id='word_1_400' title='bbox 945 2718 1046 2749; x_wconf 83' lang='lat' dir='ltr'>quam</span> <span class='ocrx_word' id='word_1_401' title='bbox 1067 2708 1104 2738; x_wconf 80' lang='lat' dir='ltr'>in</span> <span class='ocrx_word' id='word_1_402' title='bbox 1127 2717 1196 2738; x_wconf 84' lang='lat' dir='ltr'>meo</span> <span class='ocrx_word' id='word_1_403' title='bbox 1217 2705 1418 2747; x_wconf 76' lang='lat' dir='ltr'>Tusculano]</span> <span class='ocrx_word' id='word_1_404' title='bbox 1442 2706 1545 2740; x_wconf 85' lang='lat' dir='ltr'>Ludit</span> 
     </span>
     <span class='ocr_line' id='line_1_46' title="bbox 102 2748 1544 2792; baseline 0.001 -11"><span class='ocrx_word' id='word_1_405' title='bbox 102 2755 241 2788; x_wconf 77' lang='lat' dir='ltr'>starent,</span> <span class='ocrx_word' id='word_1_406' title='bbox 255 2755 370 2783; x_wconf 86' lang='lat' dir='ltr'>tamen</span> <span class='ocrx_word' id='word_1_407' title='bbox 395 2752 513 2782; x_wconf 79' lang='lat' dir='ltr'>melior</span> <span class='ocrx_word' id='word_1_408' title='bbox 525 2757 612 2782; x_wconf 85' lang='lat' dir='ltr'>esset</span> <span class='ocrx_word' id='word_1_409' title='bbox 632 2756 693 2782; x_wconf 87' lang='lat' dir='ltr'>tua</span> <span class='ocrx_word' id='word_1_410' title='bbox 707 2761 798 2782; x_wconf 85' lang='lat' dir='ltr'>com·</span> <span class='ocrx_word' id='word_1_411' title='bbox 842 2751 877 2782; x_wconf 90' lang='lat' dir='ltr'>in</span> <span class='ocrx_word' id='word_1_412' title='bbox 904 2750 1170 2791; x_wconf 82' lang='lat' dir='ltr'>magnitudinem</span> <span class='ocrx_word' id='word_1_413' title='bbox 1198 2748 1360 2789; x_wconf 79' lang='lat' dir='ltr'>pecuniae,</span> <span class='ocrx_word' id='word_1_414' title='bbox 1385 2758 1460 2789; x_wconf 86' lang='lat' dir='ltr'>quae</span> <span class='ocrx_word' id='word_1_415' title='bbox 1482 2760 1544 2792; x_wconf 87' lang='lat' dir='ltr'>pro</span> 
     </span>
    </p>
   </div>
   <div class='ocr_carea' id='block_1_8' title="bbox 102 2790 1460 2876">
    <p class='ocr_par' dir='ltr' id='par_1_8' title="bbox 102 2790 1460 2876">
     <span class='ocr_line' id='line_1_47' title="bbox 102 2790 1460 2835; baseline 0.001 -13"><span class='ocrx_word' id='word_1_416' title='bbox 102 2793 242 2823; x_wconf 67' lang='lat' dir='ltr'>moi-atio</span> <span class='ocrx_word' id='word_1_417' title='bbox 252 2793 339 2834; x_wconf 86' lang='lat' dir='ltr'>apud</span> <span class='ocrx_word' id='word_1_418' title='bbox 350 2802 428 2824; x_wconf 87' lang='lat' dir='ltr'>nos:</span> <span class='ocrx_word' id='word_1_419' title='bbox 444 2799 570 2833; x_wconf 85' lang='lat' dir='ltr'>quanto</span> <span class='ocrx_word' id='word_1_420' title='bbox 582 2794 686 2835; x_wconf 86' lang='lat' dir='ltr'>magis</span> <span class='ocrx_word' id='word_1_421' title='bbox 697 2803 799 2831; x_wconf 85' lang='lat' dir='ltr'>nunc,</span> <span class='ocrx_word' id='word_1_422' title='bbox 841 2793 881 2824; x_wconf 82' lang='lat' dir='ltr'>iis</span> <span class='ocrx_word' id='word_1_423' title='bbox 896 2794 997 2834; x_wconf 83' lang='lat' dir='ltr'>signis</span> <span class='ocrx_word' id='word_1_424' title='bbox 1011 2792 1090 2824; x_wconf 79' lang='lat' dir='ltr'>data</span> <span class='ocrx_word' id='word_1_425' title='bbox 1102 2796 1187 2823; x_wconf 74' lang='lat' dir='ltr'>erat.</span> <span class='ocrx_word' id='word_1_426' title='bbox 1200 2801 1231 2821; x_wconf 83' lang='lat' dir='ltr'>v-</span> <span class='ocrx_word' id='word_1_427' title='bbox 1247 2790 1325 2823; x_wconf 80' lang='lat' dir='ltr'>infr.</span> <span class='ocrx_word' id='word_1_428' title='bbox 1339 2800 1391 2832; x_wconf 77' lang='lat' dir='ltr'>ep.</span> <span class='ocrx_word' id='word_1_429' title='bbox 1407 2793 1460 2824; x_wconf 71' lang='lat'>23.</span> 
     </span>
     <span class='ocr_line' id='line_1_48' title="bbox 102 2834 523 2876; baseline 0.005 -12"><span class='ocrx_word' id='word_1_430' title='bbox 102 2844 178 2864; x_wconf 78' lang='lat' dir='ltr'>eum</span> <span class='ocrx_word' id='word_1_431' title='bbox 192 2843 225 2864; x_wconf 85' lang='lat' dir='ltr'>se</span> <span class='ocrx_word' id='word_1_432' title='bbox 239 2834 348 2865; x_wconf 78' lang='lat' dir='ltr'>hostes</span> <span class='ocrx_word' id='word_1_433' title='bbox 363 2836 523 2876; x_wconf 69' lang='lat' dir='ltr'>praebent.</span> 
     </span>
    </p>
   </div>
   <div class='ocr_carea' id='block_1_9' title="bbox 167 2890 857 2921">
    <p class='ocr_par' dir='ltr' id='par_1_9' title="bbox 167 2890 857 2921">
     <span class='ocr_line' id='line_1_49' title="bbox 167 2890 857 2921; baseline 0.009 -5"><span class='ocrx_word' id='word_1_434' title='bbox 167 2890 276 2919; x_wconf 59' lang='grc' dir='ltr'>ΥΟΕ.</span> <span class='ocrx_word' id='word_1_435' title='bbox 296 2890 375 2921; x_wconf 82' lang='lat'>111.</span> <span class='ocrx_word' id='word_1_436' title='bbox 397 2892 439 2921; x_wconf 78' lang='lat' dir='ltr'>P.</span> <span class='ocrx_word' id='word_1_437' title='bbox 460 2891 492 2920; x_wconf 90' lang='lat'>1.</span> <span class='ocrx_word' id='word_1_438' title='bbox 824 2890 857 2918; x_wconf 70' lang='grc' dir='ltr'>Π</span> 
     </span>
    </p>
   </div>
  </div>
 </body>
</html>
