1903 3218
406 110 485 149 AD
511 109 567 148 M.
598 96 939 150 VARRONEM
967 106 1042 144 ET
1069 106 1346 147 CETEROS.
1513 115 1589 149 213

161 227 329 256 mecum
360 213 474 270 ipse:
516 212 616 270 quid
640 212 704 253 hic
731 211 832 252 milei
847 209 984 268 faciet
1008 209 1157 265 patri?
1217 210 1370 267 Itaque
1402 225 1486 253 non
1517 213 1590 255 de-

161 271 254 312 sino
275 271 387 328 apud
420 272 539 322 istos,
561 269 634 325 qui
657 283 772 309 nunc
802 268 1093 318 dominantur,
1114 268 1316 309 cenitare.
1379 267 1496 314 Quid
1528 270 1590 311 fa-

160 328 299 370 ciam?
350 328 532 384 tempori
579 325 848 366 serviendum
899 334 978 365 est.
1039 326 1075 354 2¹
1096 323 1179 366 Sed
1221 323 1400 366 ridicula
1439 325 1590 379 missa;

161 385 399 441 praesertim
422 398 520 425 cum
543 383 598 423 sit
621 382 742 434 nihil,
761 381 878 438 quod
901 381 1129 423 rideamus.

412 457 543 507 Africa
562 457 718 492 terribili
738 457 857 492 tremit
879 455 1030 491 horrida
1049 459 1147 492 terra
1166 455 1335 492 tumultu.

162 517 314 575 Itaque
335 518 496 560 nullum
519 527 584 559 est
604 519 877 572 ἁποπςοηγμένον,
901 516 1015 572 quod
1043 531 1129 558 non
1153 531 1311 558 verear.
1370 516 1454 559 Sed
1476 518 1591 574 quod

160 577 332 631 quaeris,
355 575 542 631 quando,
572 588 670 630 qua,
702 588 803 628 quo,
835 573 943 615 nihil
971 572 1111 614 adhuc
1145 573 1317 615 scimus.
1377 573 1496 617 Istuc
1527 575 1591 631 ip-

160 647 253 674 sum
284 633 387 674 22de
419 632 552 683 Baiis,
580 629 772 673 nonnulli
803 630 1019 682 dubitant,
1050 645 1102 671 an
1136 644 1211 686 per
1247 630 1488 674 Sardiniam
1519 646 1591 679 ve-¹

157 689 262 730 niat.
322 687 434 731 Illud
464 690 578 730 enim
610 686 750 730 adhuc
774 687 983 743 praedium
1006 701 1128 729 suum
1153 701 1238 729 non
1262 687 1479 744 inspexit:
1511 703 1591 732 nec

158 744 290 786 ullum
312 746 444 787 habet
465 745 666 796 deterius,
689 743 760 785 sed
793 753 934 785 tamen
958 759 1044 785 non
1066 745 1321 786 contemnit.
1381 745 1476 801 Ego
1499 760 1592 787 om-

160 802 263 843 nino
279 804 417 860 magis
436 804 619 845 arbitror
638 815 712 857 per
731 800 944 843 Siciliam:
972 800 1144 857 veljam
1164 802 1361 844 sciemus.
1388 804 1593 844 adventat

158 859 270 900 enim
301 859 540 901 Dolabella.
575 873 670 900 eum
697 866 803 913 puto
833 858 1088 915 magistrum
1120 857 1227 899 fore.
1288 863 1414 898 Πολλοὶ
1437 861 1591 909 μαθηταὶ

158 918 324 970 κςείττονες
345 918 567 957 διδασκάλων.
630 916 712 956 Sed
744 925 901 967 tamen,
924 916 957 956 si
983 916 1130 966 sciam,
1153 915 1254 971 quid
1287 922 1330 953 tu
1357 913 1590 954 constitue-

158 971 231 1022 ris,
262 986 404 1013 meum
435 972 661 1013 consilium
693 972 1032 1014 accommodabo
1066 972 1338 1029 potissimum
1369 971 1420 1012 ad
1455 979 1590 1011 tuum.

161 1028 307 1075 Quare
327 1040 532 1086 exspecto
556 1038 649 1070 tuas
671 1028 848 1071 litteras.

672 1103 1075 1141 ARGUMENTUM.
1606 1117 1631 1154 3

159 1164 384 1202 Promiserat
407 1165 520 1202 Varro
541 1166 704 1202 Ciceroni
721 1177 758 1201 se
785 1166 894 1202 libros
921 1167 1128 1202 dicaturum
1142 1181 1154 1202 :
1186 1165 1309 1202 Cicero
1327 1176 1406 1200 eum
1426 1166 1596 1213 promissi

351 1219 520 1254 admonet
537 1220 654 1254 missis
673 1222 830 1265 quatuor
845 1219 1148 1254 Academicarum
1167 1219 1413 1265 quaestionum.

587 1283 822 1325 CICERO
854 1282 1158 1325 VARRONI.

161 1337 307 1392 ETSI
330 1366 486 1393 munus
518 1351 728 1406 flagitare,
751 1352 948 1406 quamvis
971 1352 1067 1406 quis
1098 1350 1349 1401 ostenderit,
1375 1364 1428 1391 ne
1459 1364 1597 1406 popu-

156 1407 222 1450 lus
243 1409 415 1463 quidem
440 1407 562 1459 solet,
585 1408 665 1449 nisi
698 1408 966 1450 concitatus:
1001 1418 1143 1450 tamen
1165 1422 1248 1463 ego
1269 1409 1599 1464 exspectatione

157 1466 355 1522 promissi
392 1467 454 1507 tui
489 1479 682 1516 moveor,
712 1474 761 1505 ut
799 1465 1051 1516 admoneam
1097 1475 1153 1517 te,
1182 1479 1269 1505 non
1304 1475 1352 1506 ut
1386 1465 1594 1521 flagitem.

158 1521 267 1564 Misi
291 1532 431 1564 autem
457 1523 508 1563 ad
534 1533 574 1563 te
602 1532 787 1577 quatuor
809 1522 1099 1563 admonitores
1122 1536 1206 1563 non
1241 1521 1368 1562 nimis
1392 1536 1595 1562 verecun-

158 1579 251 1621 dos.
312 1579 440 1621 Nosti
465 1580 577 1620 enim
605 1578 798 1635 profecto
824 1582 863 1610 23
878 1594 925 1620 os
959 1579 1309 1620 adolescentioris
1332 1578 1595 1621 Academiae.

161 1635 228 1677 Ex
251 1639 301 1677 ea
322 1637 456 1693 igitur
477 1637 616 1677 media
649 1637 862 1677 excitatos
894 1636 1015 1678 misi:
1048 1636 1121 1691 qui
1151 1646 1295 1677 metuo
1325 1650 1378 1676 ne
1410 1645 1452 1676 te
1485 1635 1596 1678 forte

160 1693 380 1749 flagitent:
413 1708 494 1749 ego
518 1703 660 1734 autem
686 1693 901 1744 mandavi,
924 1703 970 1733 ut
992 1702 1210 1749 rogarent.
1275 1691 1595 1748 Exspectabam

159 1750 537 1806 omninojamdiu,
558 1764 709 1805 meque
729 1751 1008 1802 sustinebam,
1031 1764 1083 1791 ne
1105 1750 1157 1791 ad
1181 1760 1222 1791 te
1239 1750 1355 1806 prius
1378 1750 1469 1806 ipse
1490 1751 1593 1805 quid

160 1807 405 1859 scriberem,
427 1821 556 1863 quam
583 1807 742 1862 aliquid
775 1807 1051 1862 accepissem,
1073 1816 1121 1848 ut
1144 1821 1312 1864 possem
1337 1815 1377 1847 te
1399 1809 1593 1849 remuness-
1606 1831 1638 1861 p.
1661 1824 1729 1852 130,

160 1865 242 1906 rari
261 1879 389 1920 quam
405 1864 622 1906 simillimo
644 1878 834 1905 munere.
867 1864 967 1916 Sed,
986 1879 1083 1905 cum
1107 1872 1151 1905 tu
1173 1865 1335 1906 tardius
1358 1864 1534 1916 faceres,
1550 1865 1634 1907 ida-

160 1930 238 1974 est,
270 1932 318 1963 ut
347 1936 429 1978 ego
456 1921 728 1977 interpretor,
751 1921 1023 1978 diligentius:
1056 1922 1191 1963 teneri
1219 1936 1305 1963 non
1329 1921 1466 1977 potui,
1489 1923 1593 1977 quin

159 1979 515 2035 conjunctionem
530 1979 773 2020 studiorum
794 1979 1037 2034 amorisque
1054 1979 1205 2030 nostri,
1226 1994 1313 2035 quo
1338 1993 1504 2034 possem
1526 1979 1596 2021 lit-

158 2044 345 2078 terarum
381 2050 550 2092 genere,
575 2035 849 2077 declararem.
914 2036 1014 2077 Feci
1049 2035 1183 2092 igitur
1213 2050 1452 2077 sermonem
1483 2036 1597 2078 inter

159 2108 238 2135 nos
268 2094 467 2135 habitum
499 2094 542 2134 in
573 2092 786 2145 Cumano,
815 2107 914 2135 cum
943 2103 1056 2135 esset
1085 2108 1170 2135 una
1199 2093 1482 2149 PomponiuS.
1514 2093 1595 2135 tibi

160 2150 258 2191 dedi
290 2159 431 2207 partes
462 2153 503 2181 24
520 2149 823 2200 Antiochinam,
855 2165 960 2205 quas
991 2166 1017 2192 a
1047 2159 1089 2191 te
1126 2150 1297 2206 probari
1334 2150 1597 2192 intellexisse

161 2207 270 2249 mihi
302 2207 503 2249 videbar:
545 2207 648 2247 mihi
684 2207 813 2248 sumsi
853 2207 1064 2249 Philonis.
1125 2208 1239 2249 Puto
1271 2207 1376 2258 fore,
1404 2217 1466 2258 ut,
1495 2222 1595 2250 cum

159 2263 328 2320 legeris,
350 2264 519 2316 mirere,
540 2278 618 2305 nos
650 2264 692 2305 id
718 2263 884 2305 locutos
906 2279 997 2305 esse
1017 2264 1129 2306 inter
1150 2279 1243 2316 nOS,
1272 2267 1313 2297 25
1326 2265 1442 2320 quod
1472 2279 1596 2306 num-

158 2336 288 2377 quam
318 2321 452 2363 locuti
483 2335 644 2362 sumus,
675 2321 747 2362 sed
779 2321 892 2362 nosti
924 2336 1087 2363 morem
1123 2322 1410 2378 dialogorum.
1469 2321 1596 2363 Post-

160 2378 257 2421 haec
278 2386 438 2430 autem,
456 2379 515 2419 mi
538 2378 690 2430 Varro,
708 2393 835 2434 quam
860 2378 1057 2435 plurima,
1076 2379 1109 2421 si
1133 2379 1316 2432 videtur,
1332 2387 1375 2420 et
1395 2379 1448 2421 de
1472 2380 1595 2421 nobis

200 2525 237 2553 21
263 2522 332 2554 Sed
342 2524 486 2555 vidicula
500 2523 612 2564 missa]
644 2523 823 2555 Lambinus
838 2534 856 2555 e
892 2525 1058 2565 proedium
1072 2534 1170 2556 suum
1183 2525 1292 2556 adhuc
1306 2535 1369 2555 non
1383 2525 1534 2565 inspexit.

160 2564 242 2596 Mss.
256 2564 382 2596 duobus
396 2566 520 2597 addidit
520 2564 710 2606 faciurum,
723 2566 808 2606 quod
822 2571 857 2597 et
942 2569 982 2598 23
1004 2577 1037 2598 οε
1049 2566 1120 2609 ejus
1134 2568 1219 2599 adol.
1235 2567 1356 2607 Amat]
1381 2567 1495 2597 Delevi
1513 2565 1595 2607 ejus,

159 2606 196 2637 in
218 2611 332 2638 nostro
349 2612 411 2646 est,
425 2608 482 2639 sed
503 2619 524 2639 a
545 2618 591 2640 m.
612 2618 675 2640 sec.
691 2612 725 2639 et
740 2609 805 2640 Gu.
827 2611 855 2640 l.
900 2609 987 2649 quod
1000 2613 1036 2640 et
1057 2620 1078 2641 a.
1098 2610 1162 2641 Ms.
1185 2614 1299 2641 nostro
1317 2610 1409 2640 abest
1431 2612 1465 2638 et
1484 2609 1549 2639 Gu.
1568 2612 1596 2639 l.

159 2648 242 2679 item
273 2649 308 2680 in
330 2649 382 2682 ed.
409 2653 500 2685 1471.
524 2651 614 2682 Med.
636 2650 718 2682 mihi
742 2650 858 2683 melius
901 2651 973 2682 edd.
995 2652 1094 2683 Rom.
1113 2655 1203 2686 1471.
1228 2651 1319 2682 Med.
1338 2651 1485 2680 Graevius
1508 2650 1598 2681 dedit

159 2690 289 2722 videtur
301 2692 424 2724 omitti.
898 2694 989 2725 illius
1002 2704 1020 2725 e
1035 2694 1115 2725 Mss.
1132 2694 1271 2730 duobus,
1286 2703 1344 2723 nec
1360 2692 1422 2723 hoc
1437 2692 1533 2723 male.

175 2774 177 2777 Ι
199 2734 240 2764 22
262 2732 302 2763 de
314 2733 413 2766 Baiis
428 2734 504 2775 δια]
530 2734 627 2775 Quod
650 2735 766 2767 dicunt
780 2745 857 2767 eum
942 2738 984 2768 24
1004 2735 1230 2775 Antiochinas]
1254 2735 1372 2766 Davies
1393 2735 1426 2764 in
1450 2734 1530 2765 Mss.
1547 2745 1597 2766 re-

156 2774 332 2822 pen-‘Baias
359 2780 650 2819 venturum—per
673 2778 858 2809 Sardiniam
900 2778 988 2818 perit
1014 2778 1216 2815 Antiochiam,
1239 2782 1273 2808 et
1300 2777 1345 2807 sic
1366 2776 1468 2807 edidit
1491 2777 1525 2808 in
1547 2777 1596 2808 ed.

157 2824 284 2854 venisse
306 2817 342 2848 in
370 2818 504 2851 ltaliam
530 2818 627 2850 docet
654 2819 798 2857 Hirtius,
820 2825 860 2851 ut
901 2820 1184 2851 Academicorum.
1201 2819 1249 2850 nil
1263 2819 1374 2850 refert.

153 2857 226 2898 ,iam
240 2859 367 2891 notavit
380 2860 563 2892 Manutius.
579 2861 664 2893 belle
678 2861 762 2893 dixit
775 2862 862 2893 illud
945 2865 988 2894 25
1009 2862 1096 2902 quod
1108 2872 1140 2893 n.
1160 2864 1181 2893 l.
1195 2861 1322 2902 sumus]
1361 2860 1414 2893 An
1426 2862 1528 2893 simus
1540 2861 1558 2893 7

844 2909 922 2947 1²3
