1860 3228
266 105 340 146 176
619 101 794 141 EPIST.
821 101 1010 141 LIBER
1036 103 1334 142 SEPTIMUS

133 230 165 261 p.
185 222 253 253 109.
265 205 402 262 egerit
433 219 517 246 non
546 204 743 247 multum.
802 205 863 248 At
897 206 967 248 illa
1001 216 1146 249 nostra
1175 206 1427 264 praedicatio
1445 206 1594 262 quanti
1613 213 1693 257 est,

223 271 358 314 a·nos‚
379 262 494 317 quod
514 262 659 312 simus,
683 264 829 319 6quod
854 263 1100 315 habeamus,
1123 265 1236 320 quod
1262 264 1455 306 homines
1472 263 1693 304 existime-

264 335 375 371 mur,
394 319 437 360 id
459 333 585 361 omne
607 320 683 361 abs
705 330 744 361 te
767 320 951 362 habere?
984 321 1144 371 Quare,
1175 321 1329 363 Cicero
1361 321 1436 370 mi,
1468 333 1695 376 persevera

263 385 511 418 constanter
531 391 609 417 nos
630 391 896 428 conservare,
917 387 961 418 et
983 377 1161 433 Sulpicii
1186 378 1417 420 successori
1440 391 1517 417 nos
1536 377 1589 417 de
1607 390 1696 417 me-

264 433 371 475 liore
392 442 495 474 nota
516 434 783 484 commenda,
806 448 892 488 quo
915 433 1082 474 facilius
1116 435 1200 475 tuis
1223 434 1450 490 praeceptis
1473 434 1697 489 obtempe-

265 505 358 532 rare
381 491 607 546 possimus,
631 499 757 545 teque
778 491 829 530 ad
855 504 927 530 ver
948 490 1142 531 lubentes
1169 492 1325 542 videre,
1348 495 1365 525 7
1380 501 1423 531 et
1456 498 1604 531 nostra
1631 503 1698 530 re-

267 547 399 604 figere
441 548 750 603 deportareque
789 555 883 587 tuto
924 547 1150 602 possimus.
1210 548 1309 598 Sed,
1348 548 1484 588 amice
1523 541 1695 602 magne,

267 605 353 646 noli
379 603 489 645 hanc
511 603 735 659 epistolam
767 603 916 644 Attico
946 603 1191 644 ostendere:
1225 604 1315 645 sine
1348 618 1446 645 eum
1476 618 1628 654 errare,
1651 612 1696 643 et

269 670 434 718 putare,
456 674 524 700 me
551 660 687 701 virum
723 661 883 701 bonum
921 674 1025 711 esse,
1059 675 1138 701 nec
1177 660 1310 701 solere
1331 661 1416 702 duo
1442 661 1622 717 parietes
1644 660 1697 701 de

268 719 417 759 eadem
441 717 582 758 fidelia
603 717 814 757 dealbare.
881 716 1007 772 Ergo,
1027 726 1206 773 patrone
1228 717 1301 767 mi,
1325 718 1432 758 bene
1449 718 1555 768 vale,
1574 716 1698 758 Tiro·

268 789 453 831 nemque
483 788 625 815 meum
659 773 796 814 saluta
825 775 980 814 nostris
1005 775 1159 815 verbis.
1222 773 1325 815 Dat.
1347 789 1386 814 a.
1407 774 1450 815 d.
1474 788 1574 816 1111.
1600 773 1697 815 Kal.

270 831 486 873 Novemb.

199 895 255 932 30
784 886 1188 924 ARGUMENTUM.

265 951 438 988 Ostendit
457 962 563 998 qaam
584 951 711 985 misere
728 954 862 997 agatur
881 962 960 985 cum
978 950 1173 998 republica,
1201 962 1280 986 cum
1302 949 1420 985 Coesar
1441 949 1631 985 Caninium
1651 949 1700 984 ad

316 1004 458 1051 aliquot
477 1003 583 1038 horas
601 1002 780 1037 consulem
796 1003 993 1038 creaverit.-
1023 1007 1058 1038 et
1087 1003 1131 1038 de
1158 1003 1291 1038 litteris
1318 1002 1623 1038 commendaticiis
1653 1001 1702 1036 ad

317 1057 478 1092 Acilium
495 1054 688 1103 significat.

677 1118 913 1162 CICERO
937 1119 1134 1162 CURIO
1168 1121 1211 1162 S.
1237 1120 1294 1162 D.

271 1178 412 1233 EGO
437 1205 536 1232 vero
561 1189 655 1245 jam
680 1200 720 1231 te
743 1204 820 1230 nec
838 1188 1003 1240 hortor,
1024 1204 1101 1230 nec
1124 1204 1245 1246 rogo,
1268 1199 1316 1231 ut
1337 1189 1513 1230 domum
1533 1187 1699 1230 redeas:

267 1249 370 1306 quin
390 1249 492 1289 hinc
517 1247 607 1303 ipse
639 1246 807 1287 evolare
833 1246 978 1302 cupio,
1004 1256 1048 1286 et
1071 1246 1246 1302 8aliquo
1280 1247 1518 1302 pervenire,
1539 1244 1612 1286 ubi
1631 1259 1701 1286 nec

269 1305 566 1361 Pelopidarum
584 1318 742 1354 nomen,
760 1301 963 1359 necfacta
984 1302 1165 1344 audiam.
1200 1302 1457 1344 Incredibile
1474 1311 1553 1354 est,
1571 1316 1701 1357 quam

269 1364 451 1420 turpiter
473 1361 578 1402 mihi
602 1360 743 1401 facere
766 1360 925 1410 videar,
948 1360 1020 1414 qui
1043 1360 1107 1400 his
1131 1361 1255 1400 rebus
1275 1360 1483 1400 intersim.
1548 1359 1627 1400 Nae
1653 1369 1699 1399 tu

268 1420 425 1463 videris
460 1418 595 1459 multo
618 1426 717 1458 ante
752 1417 1002 1472 providisse,
1025 1417 1128 1471 quid
1164 1417 1430 1473 impenderet
1464 1427 1570 1467 tum,
1604 1429 1703 1456 cum

267 1477 370 1519 hinc
401 1474 648 1532 profugisti.
676 1488 937 1528 quamquam
961 1473 1055 1514 haee
1079 1473 1208 1514 etiam
1231 1473 1379 1514 auditu
1403 1474 1558 1514 acerba
1578 1482 1704 1524 sunt;

269 1543 412 1575 tamen
434 1532 581 1573 audire
603 1530 868 1572 tolerabilius
890 1541 969 1580 est,
991 1544 1120 1584 quam
1144 1530 1301 1571 videre.
1342 1529 1392 1570 In
1413 1544 1567 1585 campo
1589 1538 1704 1570 certe

267 1606 354 1633 non
379 1588 514 1640 fuisti,
537 1603 636 1629 cum
671 1587 732 1628 H.
758 1600 813 1629 11.
847 1587 1035 1628 comitiis
1068 1587 1312 1643 quaestoriis
1344 1587 1568 1638 institutis,
1604 1584 1706 1626 sella

269 1649 327 1696 Q.
371 1645 578 1694 Maximi,
609 1649 769 1700 9quem
812 1644 871 1685 illi
914 1644 1132 1685 consulem
1174 1658 1265 1685 esse
1302 1643 1520 1695 dicebant,
1564 1643 1706 1700 posita

268 1714 407 1746 esset:
440 1718 526 1758 quo
557 1711 728 1743 mortuo
751 1701 966 1751 nuntiato,
994 1701 1095 1742 sella
1116 1701 1284 1742 sublata
1304 1709 1383 1741 est.
1445 1700 1522 1741 Ille
1543 1710 1705 1750 autem,

267 1763 342 1818 qui
386 1759 574 1803 comitiis
608 1758 781 1799 tributis
817 1768 928 1798 esset
966 1759 1227 1813 auspicatus,
1260 1757 1500 1798 centuriata
1529 1757 1703 1799 habuit:

268 1834 357 1861 cos.
384 1818 444 1860 H.
469 1831 540 1859 v11
566 1814 842 1865 renuntiavit,
865 1815 938 1870 qni
965 1830 1096 1870 usque
1115 1815 1167 1856 ad
1196 1814 1409 1855 Kalendas
1438 1813 1538 1856 Jan.
1569 1823 1705 1856 esset:

267 1891 366 1932 quae
387 1883 509 1917 erant
542 1872 699 1913 futurae
733 1886 859 1912 mane
897 1872 1116 1927 postridie.
1178 1871 1260 1922 Ita,
1296 1870 1482 1912 Caninio
1515 1871 1705 1920 consule,

269 1934 379 1975 scito
410 1936 446 1963 10
461 1931 678 1972 neminem
716 1928 949 1985 prandisse.
986 1928 1095 1970 nihil
1131 1937 1273 1969 tamen
1307 1943 1358 1969 eo
1395 1927 1570 1969 consule
1606 1927 1704 1969 mali

267 2074 380 2110 tiones,
404 2081 483 2111 quos
511 2071 613 2101 etiam
642 2069 775 2109 quidam
797 2069 857 2099 viri
879 2068 967 2100 docti
1051 2072 1070 2103 7
1093 2073 1123 2100 et
1150 2072 1262 2099 nostra
1277 2068 1430 2109 defigere]
1457 2069 1509 2099 Sic
1530 2076 1643 2098 ornnes
1669 2067 1709 2097 li-

268 2115 322 2146 hic
339 2114 540 2145 intellexere.
559 2113 655 2143 male.
699 2111 804 2142 Probo
820 2117 854 2142 et
878 2112 967 2141 Grae—
1010 2111 1071 2142 bri.
1106 2110 1285 2141 Lambinus
1302 2116 1389 2141 recte
1403 2110 1543 2141 correxit
1558 2110 1708 2150 refigere,

267 2158 310 2188 vii
334 2156 546 2192 sententiam,
570 2157 624 2194 qui
640 2155 754 2184 venale
776 2164 835 2194 pro
862 2153 969 2193 glossa
1010 2153 1032 2183 i.
1049 2164 1079 2184 e.
1098 2153 1214 2183 tollere
1229 2152 1269 2183 ad
1283 2152 1560 2192 adsportandum:
1579 2152 1707 2182 volebat

267 2199 367 2230 deleri
384 2198 467 2235 vult,
483 2197 569 2236 quod
586 2198 618 2227 in
635 2197 698 2227 Ms.
713 2206 771 2226 suo
789 2206 854 2226 non
875 2206 964 2235 repe·
1007 2196 1095 2226 enim
1114 2195 1254 2226 Romam
1279 2195 1432 2234 migrare,
1458 2204 1488 2224 v.
1516 2194 1612 2234 epist.
1635 2203 1704 2231 seq.

269 2247 368 2272 rer-at.
392 2240 537 2270 Omnino
552 2239 606 2270 hie
623 2239 712 2269 locus
728 2239 762 2268 in
775 2238 864 2268 libris
882 2243 964 2269 vett.
1009 2247 1058 2267 res
1073 2242 1121 2268 est
1138 2238 1185 2267 ita
1199 2237 1342 2276 evidens,
1356 2241 1396 2267 ut
1409 2237 1549 2266 stultum
1563 2236 1618 2273 sit,
1630 2245 1706 2266 eum

269 2283 362 2314 valde
387 2281 605 2321 interpolatus
625 2286 686 2311 est.
741 2281 860 2311 Verum
884 2279 966 2310 alius
1009 2289 1076 2310 non
1093 2279 1228 2310 imitari.

269 2324 442 2366 scrupulus
471 2328 583 2354 restat.
637 2326 702 2359 An,
726 2323 752 2353 si
777 2323 966 2363 separatim,
1052 2326 1070 2352 8
1094 2323 1203 2361 aliquo
1223 2321 1408 2361 pervenire]
1437 2320 1576 2352 Videtur
1599 2318 1709 2359 legen-

268 2376 337 2398 non
352 2376 426 2397 cum
454 2365 524 2395 aliis
546 2366 644 2395 servis
658 2366 769 2402 simul,
786 2365 965 2405 proscribe-
1009 2364 1087 2394 dum
1102 2364 1223 2393 venire.

269 2414 334 2447 ret,
350 2408 492 2439 multum
506 2408 640 2446 ageret?
666 2407 699 2437 id
711 2408 736 2436 si
751 2412 848 2443 esset,
864 2406 966 2436 stulte
1051 2409 1072 2440 9
1093 2415 1187 2446 quem
1214 2406 1238 2435 i.
1266 2405 1428 2435 consulem
1456 2412 1520 2433 esse
1544 2401 1707 2442 dicebant]

269 2451 358 2482 inter
385 2449 619 2481 coemtionales
642 2450 808 2480 venderet.
854 2449 967 2487 ltaque
1010 2448 1073 2484 illi,
1112 2447 1300 2478 Caesariani.
1331 2455 1448 2485 nempe
1485 2454 1550 2476 non
1581 2450 1710 2474 creatus

268 2500 352 2535 puto
366 2491 541 2532 legendum
556 2492 629 2521 nisi.
645 2491 784 2531 primam
809 2490 966 2531 syllabam
1011 2495 1081 2520 erat
1099 2489 1258 2529 legitime,
1274 2497 1333 2518 nec
1360 2497 1417 2528 pro
1434 2495 1511 2517 vero
1532 2486 1675 2517 Consule
1692 2497 1712 2518 a

270 2535 430 2576 absorpsit
447 2533 566 2564 ultima
580 2534 676 2563 litera
689 2533 722 2562 in
738 2534 876 2573 quidem.
902 2531 968 2562 Ita-
1012 2532 1126 2562 multis
1147 2531 1339 2561 habebatur.
1360 2540 1390 2559 v.
1412 2529 1546 2559 Sueton.
1570 2529 1605 2558 in
1628 2529 1711 2559 Caes.

271 2588 334 2618 que
349 2578 459 2609 locum
486 2576 531 2605 sic
557 2576 775 2606 constituam:
800 2575 886 2615 quod
906 2575 969 2604 nisi
1012 2583 1042 2604 c.
1060 2576 1110 2603 80.

269 2622 357 2651 inter
379 2619 601 2651 coemtionales
626 2618 864 2658 proscripserit,
893 2626 966 2655 ege·
1056 2618 1093 2646 10
1115 2616 1276 2645 neminem
1298 2612 1481 2653 prandisse]
1522 2611 1600 2642 Non
1629 2611 1710 2644 dicit

267 2664 314 2693 rie
330 2672 393 2693 non
407 2662 563 2692 multum.
1010 2666 1155 2687 cenasse.-
1180 2667 1257 2687 nam
1287 2655 1388 2686 semel
1411 2654 1542 2693 quidem
1565 2665 1604 2684 eo
1631 2665 1710 2685 con·

312 2704 332 2734 6
354 2705 438 2743 quod
462 2701 653 2741 habeamus]
678 2710 724 2731 sc.
753 2700 871 2731 Curius
895 2704 966 2730 erat
1009 2699 1079 2729 sule
1093 2703 1248 2729 cenatum
1265 2702 1334 2728 est:
1359 2697 1414 2727 sed
1431 2695 1616 2736 prandisse,
1631 2698 1709 2736 quia

272 2747 459 2786 negotiator
486 2745 586 2775 dives.
642 2742 705 2773 Sed
744 2746 965 2782 negotiatores
1008 2747 1086 2771 ante
1101 2740 1268 2771 meridiem
1285 2739 1360 2770 novi
1374 2739 1523 2769 consules
1545 2739 1646 2770 creati
1671 2738 1712 2769 ab

270 2789 384 2819 Cicero
413 2788 448 2819 in
474 2786 647 2817 consulatu
678 2793 797 2825 magno
825 2784 970 2825 periculo
1012 2793 1064 2820 eo,
1080 2784 1148 2823 ipse
1163 2788 1236 2823 post
1249 2781 1419 2813 meridiem
1433 2785 1574 2812 creatus.

272 2831 436 2861 liberarat.
453 2829 517 2860 vid.
532 2838 631 2871 supra
643 2828 686 2866 V,
702 2827 732 2858 6.
