1817 3196
262 62 314 98 62
639 59 820 98 EPIST.
847 59 1032 98 LIBER
1059 59 1324 101 TERTIUS

263 161 615 216 essequibusdam
625 163 813 205 edictum
828 179 985 215 meum,
1000 166 1117 220 quasi
1131 165 1327 207 consulto
1339 165 1390 206 ad
1403 165 1504 206 istas
1517 164 1697 221 legatio-

261 232 337 259 nes
357 219 647 274 impediendas
662 236 751 262 esse
767 223 1169 264 accommodatum?
1191 222 1290 265 Jam
1310 232 1495 263 nontam
1516 222 1621 262 mihi
1637 222 1699 263 vi-

260 275 416 316 dentur
433 278 474 306 34
490 276 547 331 inj
557 278 690 318 uriam
706 278 858 328 faeere,
882 279 1001 334 siqui
1022 279 1115 320 haec
1128 281 1363 335 disputant,
1380 294 1507 336 quam
1528 280 1560 320 si
1575 278 1699 333 cujus

259 347 381 374 aures
405 333 454 373 ad
481 333 589 375 lianc
611 335 946 390 disputationem
972 347 1131 392 patent.
1189 337 1339 377 Romae
1360 336 1584 391 composui
1609 335 1699 377 edi-

261 398 402 432 ctum:
428 390 533 431 nihil
555 391 715 442 addidi,
735 392 814 433 nisi
839 393 952 446 quod
980 394 1195 448 publicani
1218 408 1283 434 me
1304 402 1524 448 rogarunt,
1546 395 1587 423 35
1598 407 1698 434 cum

258 445 435 487 Samum
469 449 521 489 ad
554 463 622 489 me
652 449 881 497 venissent,
917 458 962 489 nt
991 450 1043 489 de
1071 459 1144 490 tuo
1175 451 1318 491 edicto
1353 449 1534 490 totidem
1556 449 1697 493 verbis

258 504 530 545 transferrem
563 505 604 545 in
639 520 793 546 meum.
857 504 1199 561 Diligentissime
1231 507 1436 561 seriptum
1466 515 1598 562 caput
1618 516 1698 558 est,

257 561 370 615 quod
399 562 581 616 pertinet
603 562 655 602 ad
680 562 932 603 minuendos
965 575 1127 604 sumtus
1150 563 1403 604 civitatum:
1436 578 1522 618 quo
1552 563 1594 604 in
1628 577 1698 604 ea-

259 617 349 672 pite
372 627 470 658 suut
492 619 687 673 quaedam
724 635 849 668 nova,
889 619 1087 661 salutaria
1119 620 1396 670 civitatibus3
1427 619 1582 674 quibus
1614 634 1696 676 ego

258 688 521 731 magnopere
544 676 745 717 delector.
809 677 907 717 lloc
941 692 1053 727 vero,
1085 692 1138 718 ex
1174 692 1260 732 quo
1291 677 1477 732 suspicio
1501 685 1600 717 nata
1619 685 1698 728 est,

214 740 247 772 b.
260 745 329 771 me
366 733 603 787 exquisisse
629 733 803 788 aliquid,
837 734 879 774 in
914 749 998 789 quo
1031 745 1071 775 te
1093 733 1369 783 offenderem,
1393 733 1697 775 translatitium

259 797 338 829 est.
401 789 552 843 Neque
574 790 687 829 enim
710 804 824 830 eram
854 800 940 830 tam
965 791 1191 847 desipiens,
1216 802 1262 831 ut
1286 791 1464 846 privatae
1486 790 1544 831 rei
1568 805 1697 832 causa

256 845 388 900 legari
415 856 622 900 putarem,
646 847 718 901 qui
742 856 784 887 et
808 846 885 887 tibi
920 862 1004 888 nou
1043 849 1226 903 privato,
1260 858 1302 888 et
1335 861 1410 903 pro
1437 861 1478 888 re
1502 862 1587 888 non
1610 847 1696 903 pri-

257 912 359 942 vata
380 917 469 952 sua,
493 902 563 942 sed
590 903 785 958 publiea3
818 919 902 944 non
936 905 978 944 in
1005 906 1185 960 privato,
1209 906 1280 946 sed
1307 906 1347 945 in
1372 904 1547 960 publico
1577 903 1693 945 orbis

256 966 379 1000 terrae
403 959 598 1010 consilio,
618 960 658 990 36
675 961 735 1013 [id
760 970 837 1011 est,
861 962 902 1001 iu
927 963 1109 1016 senatu‚]
1134 974 1180 1004 ut
1202 962 1362 1018 gratias
1384 971 1576 1017 agerent,
1596 961 1698 1002 mit-

255 1016 480 1057 tebantur:
507 1031 643 1071 neque
659 1032 756 1057 eum
777 1018 909 1067 edixi,
930 1033 981 1058 ne
997 1019 1091 1073 quis
1107 1019 1270 1073 injussu
1290 1034 1384 1059 meo
1400 1018 1694 1074 proficiscere-

253 1081 336 1123 tur,
355 1073 516 1114 exclusi
532 1075 703 1127 eos,qui
717 1089 785 1115 me
801 1075 841 1115 in
852 1085 1004 1125 eastra,
1022 1086 1062 1115 et
1077 1077 1148 1130 qui
1167 1085 1280 1115 trans
1294 1075 1479 1115 'faurum
1498 1074 1693 1130 persequi

250 1144 339 1170 non
374 1140 562 1186 possent.
625 1131 737 1172 Nam
772 1131 814 1172 id
845 1140 910 1172 est
938 1132 1127 1173 maxime
1158 1133 1201 1173 in
1235 1132 1317 1173 tuis
1340 1132 1491 1172 litteris
1515 1131 1693 1172 irriden-

251 1187 370 1228 dum.
432 1188 547 1233 Quid
572 1188 685 1227 enim
708 1198 813 1239 erat,
840 1189 956 1244 quod
986 1204 1054 1229 ine
1086 1199 1438 1244 persequerentur
1466 1189 1508 1229 in
1537 1197 1692 1239 castra,

250 1242 496 1285 Taurumve
519 1245 761 1296 transirent,
792 1260 890 1286 eum
912 1260 993 1301 ego
1020 1246 1232 1287 Laodicea
1257 1260 1388 1301 usque
1411 1245 1462 1286 ad
1490 1245 1691 1286 [conium

252 1301 333 1342 iter
354 1302 414 1344 ita
437 1301 625 1353 fecerim,
649 1311 695 1342 ut
717 1317 785 1343 me
807 1303 999 1344 omnium
1020 1303 1183 1344 illarum
1208 1303 1478 1352 dioecesium,
1507 1318 1604 1358 quae
1628 1303 1689 1345 cis

249 1355 438 1400 Taurum
462 1368 575 1409 sunt,
597 1359 876 1414 omniumque
906 1374 1049 1401 earum
1073 1361 1300 1402 civitatum
1324 1360 1598 1416 magistratus
1629 1359 1689 1401 le-

250 1417 532 1470 gationesque
552 1416 855 1459 convenirent?
880 1417 975 1458 Nisi
997 1417 1106 1458 forte
1123 1428 1271 1472 postea
1290 1417 1691 1472 eoeperuntlegare,

250 1487 379 1526 quam
402 1488 484 1528 ego
501 1472 688 1513 Taurum
708 1484 994 1528 transgressus
1015 1488 1132 1515 sum:
1157 1474 1268 1528 quod
1290 1485 1405 1514 certe
1424 1488 1508 1514 non
1531 1474 1591 1514 ita.
1607 1482 1687 1515 est.

250 1528 363 1570 Cum
398 1530 512 1570 enim
548 1530 787 1580 Laodiceae,
820 1545 917 1571 eum
945 1531 1167 1586 Apameae,
1199 1545 1294 1571 eum
1329 1530 1558 1586 Synnadis)
1589 1544 1688 1572 cum

248 1585 495 1637 Philomeli,
528 1601 626 1627 cum
661 1586 798 1628 Iconii
831 1602 987 1639 essem,
1021 1588 1176 1643 quibus
1209 1588 1250 1627 in
1287 1588 1458 1685 olppidis
1486 1587 1687 1628 omnibus

247 1655 538 1684 commoratus
562 1659 679 1685 sum:
703 1659 851 1686 omnes
867 1645 960 1700 jam
985 1645 1107 1685 istius
1123 1646 1289 1701 generis
1326 1645 1547 1700 egationes
1564 1653 1686 1685 erant

245 1702 511 1742 constitutae.
571 1700 716 1756 Atque
751 1701 833 1744 hoe
874 1712 1017 1742 tamen
1051 1711 1092 1743 te
1124 1701 1230 1742 scire
1265 1701 1375 1752 volo,
1409 1716 1490 1752 me,
1521 1701 1573 1742 de
1606 1701 1688 1742 isto

244 1767 387 1799 sumtu
422 1757 688 1814 legationum
721 1769 796 1799 aut
834 1759 1081 1810 minuendo,
1119 1770 1193 1799 aut
1231 1759 1504 1808 remittendo,
1541 1758 1688 1799 decre-

242 1815 353 1856 visse
388 1815 511 1866 nillil,
546 1815 626 1855 nisi
661 1816 776 1870 quod
815 1816 1029 1871 principes
1061 1816 1286 1857 civitatum
1318 1831 1343 1856 a
1375 1830 1440 1856 me
1474 1816 1684 1871 postulas-

243 1882 359 1914 sent:
392 1876 498 1912 37'i1e
532 1873 574 1912 in
601 1872 891 1913 venditionem
928 1874 1203 1923 tributorum,
1235 1882 1280 1913 et
1310 1872 1423 1913 illam
1456 1871 1679 1913 acerbissi-

242 1944 356 1970 mam
396 1931 667 1970 exactionem
704 1934 852 1984 (quam
886 1939 931 1970 tu
972 1945 1057 1971 non
1105 1931 1295 1986 ignoras)
1328 1930 1520 1986 capitum
1554 1939 1684 1984 atque

241 1988 467 2037 ostiorum,
510 1987 813 2027 inducerentur
856 1996 1020 2028 sumtus
1067 1988 1244 2028 minime
1285 1987 1526 2028 necessarii.
1587 1985 1683 2042 Ego

239 2054 381 2084 autem
413 2059 511 2085 eum
536 2043 617 2084 hoe
642 2045 936 2100 suscepissem,
968 2059 1053 2085 non
1092 2044 1229 2085 solum
1247 2043 1434 2099 justitia,
1457 2043 1529 2084 sed
1551 2044 1683 2084 etiam

236 2101 531 2142 misericordia
553 2100 778 2153 adductus,
806 2111 853 2142 ut
881 2101 1064 2143 levarem
1102 2102 1281 2143 miseriis
1312 2102 1499 2158 perditas
1527 2100 1681 2141 civita-

277 2218 318 2246 34
339 2213 625 2255 ivjuriamfitcere
639 2215 675 2251 ii,
692 2215 761 2254 qui]
788 2215 839 2245 Sic
863 2214 931 2255 ple-
1017 2218 1054 2249 :37
1080 2226 1119 2246 ne
1141 2216 1177 2246 in
1196 2215 1409 2245 venditionem
1435 2214 1677 2244 tributorum—-

233 2256 323 2296 rique
348 2257 443 2288 libri:
468 2257 599 2296 quidam
626 2258 678 2287 lii.-
703 2267 815 2287 verum
831 2257 932 2293 est,sz'
975 2259 1208 2288 inducerentur
1234 2257 1375 2296 sumtus]
1407 2256 1553 2287 mnditia
1581 2256 1676 2287 eribb.

232 2301 288 2339 qui
303 2301 333 2329 Ῑι.
352 2299 381 2328 d.
399 2309 473 2329 nam
489 2300 634 2337 seqnitur
649 2309 746 2337 quam
771 2300 798 2329 si
813 2301 928 2335 eujus:
975 2307 1037 2336 est,
1054 2300 1157 2339 qualis
1173 2300 1311 2329 venditio
1331 2299 1592 2337 vectigaliorum‚
1605 2307 1679 2337 quae

234 2347 269 2372 et
285 2343 317 2372 in
334 2341 391 2371 illo
412 2340 577 2371 interdurn
593 2341 715 2371 haesere
731 2341 854 2372 librarii
868 2357 874 2371 :
899 2348 937 2371 ut
979 2348 1012 2372 ct
1030 2344 1142 2372 locatio
1157 2342 1277 2372 dicitur
1291 2352 1301 2371 :
1324 2341 1399 2380 qnia
1413 2340 1469 2370 illa
1482 2340 1619 2380 pecunia
1632 2339 1678 2370 le-

234 2384 430 2420 Scelsianus,
447 2384 500 2422 qui
523 2384 598 2412 feeit
624 2384 657 2412 in
681 2383 755 2419 hoe,
779 2394 879 2422 quam
895 2385 933 2420 is,
978 2386 1062 2423 gatis
1093 2384 1222 2415 decreta
1260 2383 1413 2414 solvenda
1441 2388 1525 2413 esset
1560 2383 1674 2413 statim

231 2425 340 2467 mgjus,
371 2425 457 2464 quod
482 2425 567 2455 male
592 2426 750 2465 proLabat
773 2427 932 2456 Graevius.
977 2427 1184 2463 abeuntibus,
1220 2426 1376 2465 quaesitus
1411 2429 1473 2459 est,
1512 2425 1566 2463 qui
1600 2434 1674 2454 eam

232 2468 346 2499 Simile
364 2467 450 2498 illius
466 2467 581 2496 vitium
607 2477 705 2506 supra
730 2469 930 2504 notavimus,
976 2468 1081 2505 daret,
1104 2473 1137 2498 et
1160 2477 1217 2507 per
1240 2472 1346 2507 partes
1369 2477 1388 2496 a
1406 2465 1543 2505 singulis
1557 2466 1674 2497 deinde

233 2510 318 2549 quod
332 2510 477 2540 Granius
499 2510 579 2539 adeo
603 2509 772 2549 probabat.
817 2510 931 2540 Libra-
976 2521 1032 2549 per
1049 2510 1157 2550 capita
1171 2515 1203 2540 et
1219 2510 1303 2540 ostia
1324 2509 1480 2548 exigeret,
1504 2509 1589 2547 quod
1614 2508 1674 2548 ipsi

232 2554 299 2583 rins
314 2552 379 2582 Ms.
396 2552 498 2582 nostri
513 2551 590 2581 fecit.
605 2553 637 2581 Ιιιῖ
653 2552 758 2591 cujus.
975 2552 1165 2583 solvendum
1180 2556 1275 2588 esset,
1293 2552 1325 2581 in
1339 2561 1415 2590 quo,
1431 2556 1469 2580 ut
1485 2551 1519 2581 in
1531 2551 1675 2580 exactio-

274 2597 314 2625 35
338 2605 412 2625 cum
430 2594 569 2625 Samum
583 2594 691 2624 adme
705 2593 788 2633 vem]
804 2594 932 2634 Nempe
975 2595 1070 2624 nibus
1093 2593 1355 2634 publicanorum,
1378 2593 1521 2623 multum
1545 2593 1675 2632 injuriae

232 2643 323 2672 ante,
354 2647 451 2676 quam
478 2637 521 2666 ·in
552 2636 750 2675 provinciam
780 2637 929 2666 venisset.
974 2637 1110 2667 factum.
1148 2635 1209 2666 Sed
1227 2635 1340 2665 modus
1357 2634 1510 2673 loquendi
1526 2634 1669 2665 insolens

232 2689 309 2709 cum
337 2679 376 2709 de
404 2679 511 2710 edicto
538 2677 645 2709 adhuc
672 2682 757 2708 esset
785 2678 814 2708 ei
845 2679 931 2709 inte·
973 2685 1043 2709 est:
1067 2682 1194 2708 sumtus
1205 2688 1267 2708 non
1282 2678 1452 2707 necessarii
1466 2677 1672 2707 inducuntur

232 2730 340 2760 grum.
973 2721 1007 2750 iu
1022 2721 1236 2751 vendicionem
1251 2721 1448 2750 tributorum
1464 2720 1521 2750 διο.
1544 2719 1565 2750 i.
1589 2729 1615 2749 e.
1632 2722 1672 2748 ut

273 2763 314 2793 36
336 2763 372 2792 id
395 2767 452 2798 est,
478 2763 512 2792 in
533 2761 662 2801 senatu]
690 2761 771 2793 Haee
785 2763 855 2795 sine
870 2762 929 2796 du·
971 2762 1139 2793 vendenda
1153 2762 1221 2792 sint
1241 2763 1369 2794 tributa
1388 2766 1423 2793 et
1439 2759 1597 2801 exigenda
1612 2769 1669 2804 per

230 2803 284 2834 bio
299 2805 407 2845 glossa
422 2808 482 2836 est.
500 2805 594 2836 uncis
609 2804 737 2836 inclusi,
972 2805 1080 2846 capita
1094 2810 1129 2836 et
1142 2805 1236 2837 ostia.
