1817 3196
277 104 330 143 54
648 100 829 142 EPIST.
857 100 1044 141 LIBER
1069 99 1336 142 TERTIUS

276 220 346 248 re:
379 206 466 258 sed,
488 221 584 249 cum
611 208 700 272 ipse
722 223 747 248 a
768 217 809 248 te
839 207 1089 258 disceder,et
1112 208 1328 264 integrum
1351 207 1537 249 militum
1557 213 1705 251 nu'rne-

275 277 371 305 rum
391 264 535 306 fuisse.
561 264 610 305 Id
633 265 664 305 si
686 265 745 306 ita
765 273 851 305 est·
843 274 1119 320 spergiatum
1136 266 1241 306 mihi
1262 265 1426 315 f-ece1is‚
1446 266 1478 306 si
1499 266 1601 306 istas
1617 267 1709 307 exi-

276 335 383 377 guas
405 322 565 377 copias,
595 336 699 376 quas
722 298 925 372 habuisti,
945 337 1072 376 qnam
1096 322 1273 362 minime
1302 323 1589 364 imminueris:
1623 337 1707 378 qua

274 379 328 419 de
362 393 405 419 rc
437 378 821 419 6senatusconsult
815 394 852 428 ι,
885 393 981 433 quae
1016 378 1130 419 ficta
1161 388 1273 429 sunt,
1296 380 1346 420 ad
1382 389 1421 419 te
1454 379 1584 420 missa
1615 393 1705 421 esse

273 435 471 476 arbitror.
533 434 740 490 Equidem
777 449 852 490 pro
874 449 940 485 eo,
963 436 1111 489 quanti
1136 444 1177 476 te
1207 435 1335 486 facio,
1357 436 1565 491 quidquid
1594 435 1708 477 fece-

272 492 344 543 ris,
358 493 633 548 ἱιρριίυὶιὼοι
655 492 725 532 sed
742 501 782 531 te
804 506 975 547 quoque
989 491 1160 533 confido
1179 506 1229 532 ea
1247 492 1475 541 facturum,
1490 508 1586 547 quae
1601 492 1708 534 mihi

272 549 484 605 intelliges
514 550 703 590 maxime
724 563 814 589 esse
842 549 1182 590 accommodata.
1243 549 1338 605 Ego
1362 549 1413 590 C.
1440 550 1707 601 Pomtinum,

269 583 460 662 legatum
492 621 650 657 meum,
671 606 887 647 Brundisii
913 607 1242 661 exspectabam:
1281 621 1464 662 eumque
1495 615 1593 647 ante
1618 606 1707 648 Ka·

270 663 366 703 lend
372 678 416 703 ιι5
446 664 550 706 Jun.
584 663 861 708 Brundisium
886 666 902 696 7
922 673 1147 704 venturum
1180 663 1432 704 arbitrabar.
1495 663 1582 710 Qui
1606 678 1705 705 cum

268 721 450 772 venerit,
480 736 576 777 qnae
617 721 803 776 primum
837 720 1070 776 navigandi
1110 721 1234 761 nobis
1265 720 1447 762 facultas
1476 721 1578 762 dats
1611 721 1706 772 erit,

265 786 450 819 utemur.
512 777 630 818 Vale.

225 845 253 881 4
782 834 1186 872 ARGUMENTUM.

266 898 482 945 Exspectari
509 910 584 934 ase
615 898 739 933 scribit
769 897 812 933 L.
845 897 1010 932 Clodium
1043 910 1122 933 cum
1150 899 1346 936 mandatis.

665 951 874 998 pollicetur,
892 948 991 994 cujus
1006 961 1131 985 causas
1149 952 1306 998 exponit.

511 1016 579 1058 M.
603 1016 654 1057 T.
680 1017 731 1058 C.
761 1015 954 1059 APPIO
979 1016 1295 1069 PULCHRO,
1327 1017 1371 1059 S.
1397 1017 1454 1058 D.

263 1073 494 1132 PRIDIE
517 1105 649 1131 nonas
673 1090 777 1132 Jun.
800 1104 898 1132 cum
921 1103 1057 1130 essem
1078 1090 1311 1142 Brundisii,
1330 1091 1492 1132 litteras
1514 1099 1608 1133 tuas
1630 1106 1702 1133 ac·
1731 1109 1736 1114 ·

260 1148 381 1204 cepi:
420 1149 576 1203 quibus
612 1155 700 1188 erat
731 1147 954 1202 scriptum,
985 1155 1027 1188 te
1060 1147 1106 1188 L.
1144 1147 1298 1189 Clodio
1331 1148 1570 1199 mandasse,
1602 1162 1699 1208 quae

258 1203 377 1246 illum
397 1220 563 1247 mecum
582 1204 701 1259 loqui
721 1204 861 1246 velles.
886 1203 996 1244 Eum
1016 1219 1116 1245 sane
1132 1206 1439 1261 exspectabam
1456 1214 1505 1246 ut
1519 1219 1584 1256 ea,
1600 1218 1698 1261 quae

257 1277 283 1302 a
306 1272 346 1304 te
367 1262 552 1313 afferret,
575 1276 702 1317 qnam
726 1262 920 1326 prinlum·
935 1276 1259 1317 cognoscerem.
1320 1262 1474 1304 Meum
1505 1263 1697 1304 studium

256 1333 359 1376 erga
380 1330 436 1371 te,
459 1329 502 1360 et
523 1319 730 1370 officium,
753 1319 923 1360 tametsi
953 1319 1207 1374 multisjam
1233 1321 1357 1361 rebus
1381 1334 1505 1375 spero
1529 1320 1608 1360 tibi
1633 1335 1699 1361 cs-

256 1391 300 1417 se
319 1376 794 1433 cognitun12ta1ne11i11
819 1376 869 1416 iis
888 1376 1077 1416 maxime
1094 1376 1234 1417 declar
1238 1378 1334 1428 abo,
1359 1380 1376 1407 8
1391 1377 1547 1431 quibus
1566 1377 1701 1433 pluri-

253 1448 372 1475 mum
387 1434 631 1490 significare
646 1442 940 1489 potero,tuam
955 1433 1058 1473 mihi
1074 1434 1439 1475 existimationem
1454 1443 1496 1474 et
1509 1434 1700 1490 dignita—

255 1498 341 1532 tem
360 1492 622 1533 carissimam
645 1505 750 1531 esse.
812 1490 928 1530 Mihi
953 1498 995 1530 et
1019 1490 1076 1536 Q.
1100 1490 1260 1531 Fabius
1277 1491 1556 1546 Virgilianus,
1578 1500 1621 1531 et
1641 1490 1695 1532 C.

255 1546 451 1599 Flaccus,
487 1548 608 1588 Lucii
641 1547 767 1599 filius,
790 1556 834 1587 ct
863 1546 1193 1602 diligentissime
1221 1547 1290 1588 M.
1323 1547 1547 1598 Octavius,
1571 1547 1695 1589 Cnaei

254 1604 382 1657 filius,
416 1605 743 1655 ἀεηιοιιειιινιίι,
777 1619 844 1645 me
879 1619 905 1645 a
937 1614 979 1645 te
1012 1604 1183 1659 plurimi
1218 1605 1334 1646 fieri:
1370 1605 1486 1660 quod
1519 1615 1696 1661 egomet·

231 1662 398 1706 ‚multis
420 1662 685 1718 argumentis
701 1662 795 1716 jam
822 1660 1222 1716 anteajudicatam,
1245 1662 1519 1717 maximeque
1549 1662 1621 1703 illo
1644 1661 1696 1703 li-

253 1718 330 1760 bro
352 1719 562 1775 augur-mli,
584 1733 710 1774 quem
734 1719 787 1759 ad
821 1733 889 1760 me
911 1719 1204 1759 amantissime
1237 1721 1460 1775 scriptum,
1491 1719 1693 1760 suavissi-

248 1789 368 1818 mum
394 1777 562 1817 misisti.
625 1775 729 1816 Mea
764 1776 806 1816 in
831 1786 872 1816 te
898 1776 1013 1816 omni
1020 1791 1044 1816 ιι
1063 1790 1229 1817 summa
1250 1777 1577 1818 necessitudinis
1599 1777 1695 1818 offi-

250 1834 319 1874 cia
340 1834 616 1875 constabunt.
678 1833 793 1874 Nam
816 1837 949 1873 9cum
980 1842 1022 1873 te
1054 1833 1209 1888 ipsum,
1232 1848 1286 1874 ex
1318 1849 1404 1888 quo
1428 1844 1622 1890 tempore
1645 1844 1692 1875 tu

250 1906 320 1932 me
352 1891 530 1947 diligere
553 1890 743 1954 coepisti,
777 1890 972 1946 quotidie
997 1890 1127 1946 pluris
1151 1890 1261 1932 feci:
1295 1900 1386 1932 tum
1419 1900 1692 1932 accesserunt

250 1949 379 1989 etiam
425 1948 755 2004 conjunctiones
797 1949 1135 1988 necessmwiorum
1178 1957 1366 1989 tuorum.
1428 1948 1530 1990 Duo
1571 1949 1688 1989 enim

248 2005 429 2046 dunum
464 2014 641 2047 zet-itum
673 2004 846 2061 plurimi
881 2004 1117 2056 f.1ci0,Cn.
1155 2004 1427 2061 Pompeium,
1463 2005 1563 2047 filiae
1600 2016 1687 2047 tuae

246 2077 362 2104 socer
361 2078 458 2114 um,
485 2074 528 2104 et
551 2062 619 2103 Μ.
642 2062 842 2113 Brutum,
872 2076 1079 2117 generum
1113 2072 1260 2105 tuum:
1293 2063 1551 2120 collegiique
1583 2078 1687 2104 con-

238 2119 428 2174 junctio,
461 2119 697 2176 {)l··aeselti111
723 2128 809 2160 tam
833 2119 1070 2160 honorifice
1096 2135 1120 2160 a
1141 2129 1183 2161 te
1212 2121 1465 2176 approbata,
1488 2135 1573 2161 non
1597 2134 1687 2161 me·

244 2177 390 2218 diome
414 2177 632 2219 vinculum
657 2176 763 2218 mihi
789 2177 963 2233 quidem
990 2180 1026 2208 ¹0
1038 2177 1231 2218 attulisse
1253 2177 1421 2218 videtur
1450 2177 1502 2218 ad
1536 2177 1687 2219 volun-

1399 897 1513 933 Suum
1542 897 1626 933 stud
1630 899 1702 934 ium

282 2291 302 2321 6
326 2290 424 2327 SCto,
440 2288 615 2331 quoefizcta.
625 2290 715 2330 sunt]
740 2291 841 2321 Recte
854 2290 944 2320 Grae-
988 2294 1067 2328 tero,
1084 2291 1170 2330 quod
1186 2296 1219 2322 et
1239 2290 1388 2322 latinitas
1409 2291 1556 2332 postulat
1578 2294 1611 2321 et
1628 2291 1686 2322 ha-

239 2333 311 2363 vius
334 2334 480 2363 restituit
505 2333 608 2370 SCM,
625 2334 711 2372 quod
734 2342 847 2363 ornnes
870 2332 941 2363 cdd.
987 2333 1067 2363 bent
1082 2333 1153 2364 cdd.
1169 2334 1264 2364 Rom.
1283 2335 1372 2367 1469.
1394 2337 1479 2367 1471.
1500 2336 1590 2367 1477.
1607 2333 1683 2365 Ald.

237 2375 361 2406 habent
376 2380 453 2406 ante
476 2376 573 2406 Grut.
592 2381 625 2405 ct
644 2377 703 2405 Ms.
721 2375 785 2405 Gu.
810 2384 886 2405 narn
903 2375 941 2405 il-
986 2375 1073 2405 Vict.
1091 2377 1148 2406 διο.
1161 2377 1242 2406 item
1259 2376 1321 2406 Ms.
1339 2376 1403 2406 Gn.

238 2417 296 2448 lud
313 2418 345 2448 in
364 2418 452 2447 libris
467 2418 536 2448 sinc
551 2418 649 2448 dubio
666 2422 714 2448 est
733 2428 751 2447 a
766 2417 846 2447 vitio
862 2418 941 2446 scri-

235 2465 354 2500 pturae.
379 2459 526 2491 latinitas
541 2460 713 2490 manifeste
728 2460 848 2498 arguit.
864 2460 939 2489 mis-

234 2512 273 2533 sa
287 2503 374 2533 enim
397 2502 576 2533 necessario
590 2507 639 2532 cst
654 2502 693 2533 de
708 2502 816 2532 sctis.

277 2549 296 2579 7
318 2549 495 2576 venturum
518 2545 674 2584 arbitror]
715 2545 834 2581 Causa,
862 2553 938 2583 pro-

235 2591 310 2626 pter
328 2597 425 2626 quam
446 2587 575 2626 scripsit
599 2592 676 2617 ante
699 2587 936 2625 eanspeetabam,

234 2629 365 2659 videtur
379 2629 541 2668 requirere
556 2629 766 2659 arbitrabar:
792 2629 935 2667 itemque

234 2671 436 2701 consuetudo
460 2671 626 2702 Ciceronis
651 2674 809 2710 perpetua
832 2671 864 2700 in
886 2680 934 2700 re-

233 2712 293 2742 bus
316 2713 450 2751 talibus,
471 2722 543 2753 quae
564 2717 640 2753 post
662 2713 774 2742 literas
797 2712 935 2752 scriptas

231 2756 353 2785 mutari
375 2760 521 2795 possunt.
545 2759 641 2794 atque
664 2755 711 2784 ita
738 2755 772 2784 in
788 2755 936 2793 margine

232 2796 295 2826 (Συ.
313 2801 342 2827 2.
368 2807 425 2837 pro
441 2807 506 2828 var.
523 2797 598 2827 lect.
615 2797 730 2836 reperi.
744 2796 862 2836 recepi.

272 2842 292 2870 fl
315 2839 428 2879 quibus
436 2838 551 2882 sig-ny:
558 2839 711 2881 potuero]
728 2838 860 2872 Coi-rexi
873 2847 931 2880 po-

1027 2421 1047 2451 9
1070 2427 1143 2448 cum
1161 2418 1324 2458 teipsum]
1353 2418 1501 2448 Graevius
1518 2417 1603 2448 male
1617 2418 1685 2447 cdi-

984 2458 1032 2489 dit
1053 2465 1084 2490 te
1110 2461 1194 2499 ipse3
1221 2461 1375 2499 deceptus
1398 2460 1685 2491 observatiuncula

982 2510 1080 2541 super
1102 2501 1288 2532 diversitate
1304 2511 1438 2532 casuum
1453 2503 1485 2532 in
1506 2503 1555 2532 his
1569 2503 1685 2532 verbis.

982 2553 1059 2574 nam
1075 2549 1105 2574 te
1128 2545 1234 2583 ipsum
1249 2544 1427 2583 opponitur
1449 2545 1592 2575 externis
1608 2555 1687 2575 cau-

980 2586 1035 2622 sis,
1060 2586 1334 2627 conjunctionibus
1356 2588 1622 2624 necessariorum,
1649 2592 1685 2617 et

978 2628 1048 2657 sine
1062 2639 1100 2659 ca
1121 2629 1254 2659 dixisset
1277 2628 1373 2658 modo
1397 2633 1437 2658 te.
1454 2629 1524 2659 vide
1546 2634 1580 2659 et
1596 2629 1681 2662 infra

978 2680 1028 2710 ep.
1049 2683 1073 2703 ι.

1025 2715 1061 2742 10
1075 2713 1224 2742 attulisse
1236 2713 1402 2752 videatur]
1420 2712 1521 2744 Recte
1535 2712 1682 2744 Graevius

976 2753 1107 2783 ‘ledetur
1136 2754 1291 2785 restituit.
1336 2755 1424 2786 Nam
1454 2755 1681 2794 conjunctivus

974 2799 1025 2826 est
1039 2796 1178 2833 alienus,
1195 2802 1229 2826 et
1244 2797 1288 2827 sic
1308 2796 1430 2829 habent
1443 2796 1514 2829 edd.
1529 2797 1677 2838 quaedam

975 2848 1024 2879 pr.
1039 2839 1120 2870 item
1135 2839 1197 2871 Ms.
1216 2839 1278 2875 Gn,
