1817 3196
505 80 585 119 AD
611 78 839 119 APPIUM
864 78 1211 119 PULCHRUM.
1525 85 1575 128 ‘71

147 184 358 227 micorum
383 191 554 226 tuorum
584 192 771 225 mentem
806 182 935 224 fuisse
969 182 1167 223 mirabar.
1230 180 1299 222 De
1319 182 1482 224 ambitu
1507 200 1579 227 ve-

145 255 195 283 ro
217 243 318 298 quid
354 242 542 293 interest,
572 241 751 297 inquie3‚
773 255 826 281 an
854 241 906 281 de
940 240 1194 294 majestate?
1231 239 1298 279 Ad
1334 253 1421 279 rem
1457 242 1577 284 nihil.

147 299 327 340 alterum
366 299 480 339 enim
521 313 607 339 non
646 297 858 353 attigisti:
901 297 1124 337 57alteiam
1164 297 1338 336 auxisti.
1401 296 1579 338 Verum-

147 365 290 396 tamen
312 365 375 397 est
405 355 618 410 majestas,
641 358 756 407 58(ut
790 353 906 395 Sulla
928 353 1097 403 voluit‚)
1121 368 1171 394 ne
1207 354 1248 393 in
1271 353 1464 408 quemvis
1500 355 1580 395 iin-

182 426 262 453 une
299 412 534 454 declamare
572 413 730 453 liceret.
790 410 992 451 Ambitus
1031 425 1144 460 vero,
1180 411 1237 450 ita
1267 422 1455 466 apertam
1494 412 1578 451 viin

146 425 292 520 iiabet,
317 480 361 510 ut
382 479 454 510 aut
482 479 705 510 accusetur
733 468 941 524 improbe,
963 477 1037 508 aut
1068 467 1335 508 defendatur.
1358 468 1428 521 qui
1463 469 1576 508 enim
1589 474 1622 507 b.

145 524 276 575 faeta,
299 537 371 567 aut
394 541 477 567 non
511 527 623 567 facta
652 527 822 581 largitio
853 525 1038 581 ignorari
1063 527 1232 579 potest?
1291 525 1480 566 'suorum
1504 539 1580 565 au-

145 589 231 623 tem
254 584 461 624 honorum
485 598 646 632 cursus,
667 585 735 624 cui
756 590 978 637 suspectus
1002 596 1199 635 umquam
1227 580 1338 622 fuit?
1398 580 1476 621 Me
1500 582 1580 622 mi-

145 652 302 690 serum,
323 642 394 695 qui
421 655 505 681 non
527 640 745 681 affuerim!
778 653 884 694 quos
911 651 993 693 ego
1017 638 1122 678 risus
1143 638 1397 678 excitassem
1420 641 1432 679 Ρ
1494 639 1580 680 Sed

143 695 198 736 de
222 698 455 752 majestatis
471 698 640 753 judicio
662 697 746 738 duo
770 695 874 737 mihi
898 695 969 735 illa
990 709 1042 735 ex
1070 695 1151 735 tuis
1175 694 1325 735 litteris
1352 695 1580 748 jucundis-

143 752 253 793 sima
276 755 469 796 fuerunt:
505 769 649 804 unum,
672 753 786 809 quod
818 762 859 792 te
891 753 944 792 ab
981 752 1073 806 ipsa
1103 752 1321 807 republica
1355 752 1579 794 defensum

144 810 322 853 scribis:
354 827 450 867 quae
473 812 661 867 quidem,
682 811 810 851 etiam
835 810 876 850 in
900 823 1066 849 summa
1091 810 1298 849 bonorum
1329 817 1372 849 et
1401 808 1580 852 fortium

141 865 303 908 civium
333 869 473 924 eopia,
498 869 601 909 tueri
633 868 735 908 tales
760 868 871 907 viros
904 866 1102 908 deberet:
1135 880 1249 906 nunc
1279 879 1379 906 vero
1408 879 1459 905 eo
1491 881 1580 907 ma-

142 923 225 978 gis,
248 926 362 979 quod
392 935 508 966 tanta
544 925 721 981 penuria
751 934 815 965 est
845 924 885 965 iu
921 923 1054 973 omni,
1077 923 1142 963 vel
1177 923 1364 973 honoris,
1388 922 1453 962 vel
1475 934 1581 965 aeta-

142 980 199 1020 tis
226 982 375 1036 gradu,
397 993 444 1022 ut
475 991 561 1022 tam
590 983 696 1023 orba
723 981 873 1022 civitas
908 979 1010 1020 tales
1047 990 1208 1020 tutores
1241 979 1468 1035 complecti
1505 982 1579 1021 de-

142 1035 270 1080 beat:
301 1038 496 1088 alterum,
529 1039 643 1094 quod
681 1038 877 1093 Pompeii
917 1046 960 1077 et
995 1036 1119 1078 Bruti
1153 1037 1296 1087 fidem,
1330 1037 1579 1078 benivolen-

139 1093 332 1151 tiamque
354 1095 534 1137 mirifice
556 1096 714 1136 laudas.
767 1095 910 1136 Laetor
935 1094 1090 1134 virtute
1112 1103 1155 1134 et
1177 1094 1338 1144 officio,
1361 1109 1458 1135 cum
1484 1104 1580 1136 tuo-

139 1164 235 1192 rum
272 1153 619 1203 necessariorum,
645 1166 837 1193 meorum
872 1151 1243 1200 amicissimorum,
1269 1161 1358 1191 tum
1390 1151 1579 1204 alterius,

141 1209 334 1249 omnium
372 1210 623 1251 saeculorum
660 1218 702 1249 et
729 1204 923 1264 gentium
951 1207 1172 1263 principiS‚
1193 1208 1581 1264 alte1·ius,jampri-

140 1264 238 1305 dem
265 1265 523 1321 juventutis,
561 1265 755 1307 celeriter
781 1269 846 1318 (ut
877 1265 1020 1320 spero)
1049 1264 1253 1305 civitatis.
1315 1263 1382 1305 De
1419 1279 1582 1306 merce-

139 1321 270 1362 nariis
295 1323 474 1364 testibus
497 1337 523 1363 a
543 1322 629 1362 suis
661 1321 912 1365 civitatibus
943 1319 1160 1373 notandis,
1183 1321 1263 1362 nisi
1292 1320 1384 1376 jam
1416 1321 1581 1364 factum

134 1377 302 1433 valiquid
333 1388 398 1420 est
425 1393 501 1436 per
531 1378 748 1430 Flaccum,
770 1378 845 1419 fiet
876 1393 901 1418 a
934 1392 1018 1430 me,
1040 1393 1139 1419 cum
1169 1393 1243 1434 per
1272 1379 1419 1419 Asiam
1456 1379 1582 1420 dece-

140 1434 254 1477 dam.
316 1435 446 1478 Nunc
485 1436 537 1477 ad
568 1436 744 1477 alteram
783 1435 1009 1492 epistolam
1056 1435 1194 1477 venio.
1256 1435 1386 1482 Quod
1420 1436 1471 1477 ad
1511 1450 1581 1478 me

134 1492 263 1546 ¹quasi
292 1492 475 1534 formam
507 1493 800 1534 communium
833 1502 1073 1548 temporum
1103 1501 1147 1533 et
1176 1492 1308 1533 totius
1330 1492 1583 1550 reipublieae

139 1548 298 1590 misisti
320 1564 590 1606 expressam:
623 1550 850 1606 prudentia
870 1549 1107 1590 litterarum
1130 1557 1298 1590 tuarum
1322 1549 1443 1590 valde
1472 1549 1585 1592 mihi

134 1606 207 1657 'best
228 1615 364 1661 grata.
423 1606 562 1648 Video
591 1608 704 1648 enim
727 1617 771 1648 et
793 1606 981 1663 pericula
1009 1607 1182 1657 leviora,
1204 1621 1334 1661 quam
1358 1607 1580 1661 timebam,

140 1670 185 1702 et
218 1663 382 1718 majora
416 1664 630 1719 praesidia,
653 1665 686 1704 si
709 1664 884 1719 quidem
917 1667 985 1716 (ut
1019 1664 1188 1714 scribis)
1210 1678 1358 1704 omnes
1384 1664 1490 1704 vires
1518 1665 1582 1706 ci-

138 1717 287 1771 'yitatis
311 1719 430 1761 se'ad
464 1719 662 1776 Pompeii
695 1720 874 1763 ductum
902 1719 1250 1776 applicaverunt:
1284 1730 1491 1776 tuumque
1525 1721 1582 1762 si-

136 1775 231 1825 mul
247 1786 466 1833 promtum
487 1778 678 1819 animum
701 1788 744 1820 et
765 1778 946 1819 alacrem
969 1777 1168 1834 perspexi
1193 1777 1244 1818 ad
1267 1777 1581 1821 defendendam

140 1834 466 1890 rempublicam,
503 1834 818 1891 mirificamque
855 1834 950 1892 cepi
990 1835 1256 1891 voluptatem
1293 1849 1347 1876 ex
1386 1835 1467 1877 hae
1506 1844 1582 1876 tua

132 1888 531 1947 Jdiligentizbquod,
561 1892 605 1933 in
639 1893 815 1933 summis
848 1893 933 1933 tuis
967 1891 1342 1949 occupationibus,
1375 1892 1482 1934 mihi
1517 1902 1582 1933 ta-

137 1961 239 1989 men
272 1948 521 2005 reipublicae
554 1958 712 1990 statum
737 1964 810 2006 per
844 1958 885 1990 te
912 1959 1069 1996 ‚notum
1101 1964 1192 1991 esse
1215 1948 1403 1990 voluisti.
1464 1949 1580 1990 Nam

135 2005 414 2061 ,59augurales
446 2005 576 2047 libros
609 2007 660 2048 ad
695 2020 924 2048 commune
955 2007 1177 2061 utriusque
1211 2006 1408 2047 nostrum
1441 2007 1580 2053 otium

139 2076 277 2104 serva.
338 2060 433 2119 Ego
465 2067 595 2114 enim,
616 2079 642 2105 a
673 2072 714 2105 te
746 2078 843 2104 cum
880 2073 955 2104 tua
985 2065 1195 2120 promissa
1220 2078 1295 2119 per
1315 2063 1478 2104 litteras
1501 2063 1578 2104 fla-

133 2117 349 2175 gitabam,
379 2119 432 2161 ad
463 2121 614 2161 urbem
648 2130 690 2161 te
721 2120 1030 2162 otiosissimum
1063 2134 1153 2161 esse
1187 2121 1438 2161 arbitrabar.
1462 2125 1687 2164 nuum-44·

137 2175 302 2224 tamen,
324 2186 372 2218 ut
401 2176 493 2233 ipse
524 2177 751 2233 polliceris,
784 2193 860 2233 pro
891 2177 1166 2233 auguralibus
1196 2176 1332 2228 libris,
1362 2175 1615 2220 orationesa’

143 2239 240 2273 tuas
278 2232 497 2274 confectas
535 2248 682 2275 omnes
717 2236 997 2290 exspectabO.
1057 2233 1236 2285 Tullius,
1269 2235 1337 2275 eui
1378 2235 1581 2277 mandata

138 2289 197 2349 ad
217 2303 287 2331 me
307 2288 478 2342 dedisti,
499 2305 587 2332 non
610 2300 871 2334 convenerat
892 2306 961 2333 me
982 2308 991 2334 ε
1022 2305 1101 2333 nee
1123 2301 1215 2333 erat
1235 2290 1330 2346 jam
1351 2293 1580 2348 quisquam

180 2438 220 2471 57
242 2437 386 2468 alteram
407 2435 545 2476 auxisti]
570 2445 614 2467 sc.
629 2437 836 2477 majestatem
878 2447 915 2468 re
940 2441 974 2468 et
999 2438 1199 2469 declamari:
1227 2438 1272 2468 nil
1298 2438 1410 2475 refert,
1437 2447 1514 2468 nam
1538 2449 1578 2469 u-

138 2488 216 2520 pop.
243 2478 341 2510 Rom.
384 2479 425 2510 In
453 2479 504 2510 ed.
533 2479 666 2510 Gruteri
695 2480 837 2520 irrepsit,
878 2484 1032 2519 trumque
1044 2485 1182 2510 rectum.
1207 2480 1321 2510 Cicero
1335 2485 1461 2514 tamen,
1474 2491 1578 2518 quan-

141 2523 260 2560 opinor
280 2521 361 2551 vitio
382 2531 568 2561 operarum,
591 2523 747 2558 alterum,
771 2532 839 2552 non
881 2526 954 2552 tum
989 2522 1167 2558 observavi,
1197 2522 1319 2562 saepiusj
1348 2523 1420 2551 licet
1450 2523 1576 2562 passivo

142 2563 368 2593 animadverso
383 2564 423 2593 ab
437 2564 469 2594 J.
481 2564 657 2593 Gronovio.
701 2563 788 2594 Nam
804 2565 839 2593 in
875 2565 1001 2604 jungit,
1017 2574 1115 2603 quam
1131 2563 1251 2594 activo.

143 2605 231 2634 notis
241 2606 422 2635 monuisset
435 2605 474 2635 de
489 2605 550 2636 hac
565 2605 760 2636 mutatione.
777 2605 840 2636 Sed
924 2609 964 2640 59
986 2616 1019 2637 α.
1043 2606 1139 2635 libros
1159 2605 1249 2635 ’ttd—
1258 2606 1357 2636 otium
1379 2604 1486 2643 serva]
1513 2604 1577 2635 Pro

141 2654 257 2678 tamen
274 2648 358 2678 Mss.
373 2647 439 2678 Gu.
455 2647 577 2678 habent
592 2649 747 2679 alterum.
880 2657 1023 2685 resenva,
1038 2648 1124 2687 quod
1147 2648 1261 2679 Cicero
1283 2648 1315 2677 in
1335 2647 1394 2677 hac
1412 2648 1577 2679 sententia

183 2691 224 2720 58
245 2694 283 2719 ut
299 2689 398 2720 Sulla
418 2689 533 2729 voluit]
559 2689 687 2729 Nempe
709 2689 743 2719 in
766 2688 837 2728 lege
879 2690 964 2720 solet
989 2690 1117 2720 dicere:
1142 2694 1177 2719 et
1198 2690 1379 2729 suspicatus
1401 2688 1577 2728 aliquando

142 2731 297 2762 cornelia
317 2732 356 2762 de
378 2733 562 2772 majestate,
578 2731 611 2761 in
625 2741 691 2770 qua
704 2732 752 2761 vis
774 2732 838 2761 cri·
878 2742 965 2768 sum,
981 2733 1026 2762 sie
1041 2731 1226 2771 legendum.
1271 2730 1334 2762 Sed
1354 2735 1390 2763 et
1410 2729 1498 2763 aliud
1518 2740 1578 2763 ex-

141 2772 239 2802 minis
253 2772 443 2813 diligentius
457 2778 493 2804 et
507 2774 690 2804 accuratius
702 2773 838 2804 definita
878 2774 1027 2815 emplum
1041 2774 1077 2806 in
1090 2773 1189 2807 Clavo
1203 2773 1328 2805 notavi·

140 2817 224 2846 erat.
238 2823 314 2847 mox
327 2816 455 2849 variant
475 2815 551 2849 libri
571 2816 659 2848 inter
672 2816 837 2848 declama-

820 2863 898 2900 14
