1860 3228
427 75 507 113 AD
534 74 589 111 M.
616 70 870 111 MARIUM
895 69 971 107 ET
1001 68 1278 106 CETEROS.
1496 67 1569 107 177

136 178 298 220 factum
322 187 401 221 est.
424 178 507 220 fuit
528 178 641 219 enim
663 174 847 216 mirifica
882 171 1118 229 vigilantia,
1150 171 1224 226 qui
1247 184 1323 211 suo
1346 177 1438 210 toto
1460 183 1564 210 con-

137 236 275 277 sulatu
310 250 506 278 somnum
535 248 620 275 non
647 231 816 272 viderit.
879 229 991 271 Haec
1027 229 1106 269 tibi
1137 226 1316 268 ridicula
1350 225 1609 266 videntur.b.

134 307 221 334 non
256 294 371 334 enim
413 293 537 334 ades:
589 303 687 344 quae
731 288 764 328 si
806 287 984 338 videres,
1027 285 1223 326 lacrimas
1266 297 1351 324 non
1383 292 1562 322 tenereS.

134 349 268 401 Quid,
291 351 324 390 si
346 360 488 391 cetera
517 346 729 388 scribam?
761 353 860 385 sunt
892 343 1007 384 enim
1044 339 1373 383 innumerabilia
1396 338 1564 436 {emeris

133 407 352 461 ejusdem:
384 421 480 461 quae
503 403 674 460 quidem
706 415 788 458 ego
811 416 896 442 non
921 400 1089 451 ferrem,
1112 399 1194 440 nisi
1217 412 1286 438 me
1308 397 1351 437 in
1377 411 1401 452 p
1437 395 1565 436 iloso-

134 463 249 518 phiae
273 473 442 520 portum
464 460 756 510 contulissem,
778 470 821 499 et
853 459 934 499 nisi
969 458 1169 499 haberem
1204 454 1368 496 socium
1402 452 1566 494 studio-

131 534 224 561 rum
250 534 454 569 meorum,
483 518 676 559 Atticum
719 525 936 566 nostrum;
967 515 1090 570 cujus
1120 527 1252 569 quum
1277 511 1499 568 proprium
1524 518 1565 549 te

132 591 223 618 esse
245 577 394 618 scribis
417 575 635 631 mancipio
658 586 699 614 et
724 588 853 624 nexu,
876 586 1018 613 meum
1052 582 1195 612 autem
1231 584 1306 610 usu
1341 578 1383 609 et
1406 567 1565 617 fructu,

132 643 360 675 contentus
384 632 466 673 isto
489 646 598 673 sum.
650 634 684 662 ¹1
704 630 752 671 Id
777 630 890 670 enim
910 639 974 670 est
990 629 1199 684 cujusque
1217 626 1454 683 proprium,
1477 638 1564 679 quo

132 691 312 745 quisque
334 688 490 731 fruitur
512 699 640 744 atque
663 688 811 728 utitur.
873 686 955 728 Sed
980 686 1074 728 haec
1097 685 1197 726 alias
1221 683 1428 740 pluribus.
1460 680 1564 722 Aci-

129 746 225 798 lius,
247 747 386 802 quiin
423 747 640 789 Graeciam
678 759 776 787 cum
809 744 1053 800 legionibus
1087 743 1240 783 missus
1270 749 1348 791 est,
1370 739 1563 780 maximo

130 818 227 844 meo
250 804 460 845 beneficio
484 813 561 845 est.
598 803 662 845 bis
696 802 810 843 enim
834 810 899 842 est
921 816 946 842 a
968 815 1035 842 me
1051 799 1220 855 judicio
1243 797 1414 854 capitiS,
1437 797 1563 837 rebus

131 859 272 912 salvis,
306 860 529 903 defensus:
560 870 604 902 et
636 869 700 900 est
731 859 863 900 homo
903 873 986 899 non
1024 858 1233 913 ingratuS‚
1259 869 1412 910 meque
1434 853 1563 894 vehe-

128 928 293 959 menter
313 919 528 959 observat.
560 917 628 959 Ad
651 931 747 957 eum
771 916 823 957 de
846 925 888 956 te
909 914 1239 971 diligentissime
1261 912 1427 968 scripsi,
1444 925 1561 952 eam-

128 989 212 1030 que
231 975 455 1031 epistolam
479 989 577 1016 cum
601 974 680 1015 hac
702 973 939 1029 conjunxi:
971 986 1100 1028 quam
1135 971 1205 1013 ille
1238 969 1456 1026 quomodo
1490 982 1560 1011 ac-

127 1033 304 1088 ceperit,
327 1044 370 1074 et
391 1032 494 1088 quid
519 1032 597 1073 tibi
621 1030 838 1088 pollicitus
861 1030 930 1082 sit,
955 1029 1080 1071 velim
1106 1029 1158 1070 ad
1179 1042 1247 1069 me
1269 1027 1445 1068 scribas.

638 1109 1041 1148 ARGUMENTUM.

125 1175 264 1212 Invitat
281 1176 330 1212 acl
348 1180 474 1211 mutua
491 1173 622 1223 officia,
643 1179 688 1214 et,
710 1178 751 1209 ut
770 1175 805 1209 in
825 1173 947 1208 urbem
973 1175 1176 1207 revertatur
1192 1172 1321 1207 veteris
1343 1171 1564 1206 urbanitatis?

641 1227 782 1261 tzcenclae
799 1236 921 1265 causa,
940 1228 1059 1271 rogat.

525 1291 760 1334 CICERO
785 1289 997 1342 CURIO,
1030 1289 1074 1330 S.
1101 1288 1158 1330 D.

131 1348 364 1403 FACILE
384 1360 583 1417 perspexi
608 1374 662 1401 ex
685 1359 770 1400 tuis
791 1357 961 1409 litteris,
983 1357 1099 1412 quod
1130 1370 1297 1413 semper
1330 1356 1489 1408 studui,
1520 1355 1563 1397 et

127 1433 197 1460 me
219 1434 245 1460 a
277 1428 319 1460 te
351 1417 522 1473 plurimi
553 1417 661 1467 fieri,
693 1426 737 1458 et
774 1427 815 1456 te
847 1415 1100 1470 intelligere,
1136 1428 1265 1470 quam
1294 1414 1401 1454 mihi
1440 1428 1562 1455 carus

127 1491 255 1518 esses.
318 1475 450 1522 Quod
472 1489 604 1530 quum
639 1484 817 1528 uterque
850 1471 1043 1513 nostrum
1068 1480 1323 1513 consecutus
1345 1480 1433 1512 est:
1466 1469 1562 1512 reli-

128 1547 262 1590 quum
296 1543 374 1583 est,
412 1542 458 1573 ut
495 1531 651 1572 officiis
695 1541 906 1571 certemus
939 1529 1050 1570 inter
1081 1543 1186 1580 nos;
1238 1528 1395 1583 quibus
1435 1542 1561 1583 aequo

127 1591 271 1632 animo
296 1589 359 1630 vel
385 1589 551 1630 vincam
577 1598 632 1638 te,
669 1588 733 1628 vel
766 1588 914 1628 vincar
936 1587 1011 1627 abs
1036 1595 1093 1627 te.
1153 1586 1296 1627 Acilio
1320 1600 1406 1626 non
1429 1585 1561 1626 fuisse

124 1660 296 1689 necesse
333 1660 446 1686 meas
479 1646 568 1686 dari
604 1645 781 1695 litteras,
817 1643 942 1685 facile
985 1643 1139 1700 patior.
1204 1645 1240 1674 12
1256 1642 1434 1699 Sulpicii
1478 1642 1559 1683 tibi

127 1719 271 1762 opera,
291 1702 484 1759 intelligo
516 1717 570 1743 ex
604 1702 689 1743 tuis
723 1701 891 1752 litteris,
924 1715 1009 1741 non
1042 1699 1226 1741 multum
1259 1715 1368 1755 opus
1411 1698 1559 1750 fuisse,

125 1771 302 1818 propter
324 1771 417 1801 tuas
439 1774 504 1801 res
527 1760 588 1801 ita
610 1767 869 1809 contractam,
900 1768 962 1809 ut,
995 1757 1359 1812 quemadmodum
1392 1756 1560 1808 scribis,

122 1833 203 1860 nec
225 1827 370 1874 caput,
402 1831 480 1858 nec
512 1817 656 1873 pedes.
718 1815 930 1872 Equidem
963 1814 1130 1865 vellem,
1164 1814 1227 1855 uti
1267 1814 1394 1870 pedes
1426 1814 1560 1855 habe-

123 1884 234 1927 rent,
269 1884 318 1916 ut
343 1873 572 1930 aliquando
607 1873 777 1915 redires.
836 1872 968 1913 Vides
1000 1872 1116 1913 enirn
1138 1871 1464 1926 exaruissejam
1487 1885 1560 1912 ve-

122 1942 257 1975 terem
279 1932 592 1973 urbanitatem:
627 1941 674 1972 ut
709 1929 975 1986 Pomponius
1015 1938 1161 1970 noster
1196 1944 1271 1970 suo
1295 1930 1395 1984 jure
1421 1928 1557 1984 possit

123 1990 279 2041 dicere,
300 1988 380 2030 nisi
408 2004 478 2029 nos
500 1987 628 2044 pauci
656 1988 897 2029 retineamus
915 1985 1093 2044 gloriam
1115 1986 1327 2042 antiquam
1351 1985 1596 2027 Atticam.¹³·
1617 1981 1688 2011 ¹¹⁰·

123 2046 242 2104 Ergo
274 2047 309 2088 is
344 2046 439 2097 tibi,
475 2061 553 2087 nos
587 2046 625 2086 ei
655 2045 939 2087 succedimus.
1001 2044 1112 2084 Veni
1147 2044 1293 2099 igitur,
1316 2058 1479 2099 quaeso,
1502 2032 1597 2084 nea.

122 2114 265 2146 tamen
287 2117 431 2145 semen
457 2103 710 2144 urbanitatis
732 2117 818 2143 una
838 2116 938 2143 cum
960 2101 1182 2157 republica
1203 2101 1399 2142 intereat.

636 2185 1040 2224 ARGUMENTUM.
1570 2173 1627 2218 3⁴2·

173 2250 232 2288 Ex·
252 2250 383 2300 Cilicia
402 2250 446 2287 P.
472 2249 662 2286 Volumnio
679 2250 804 2286 scribit
823 2250 867 2286 de
885 2250 1005 2292 dictis,
1027 2249 1070 2285 de
1079 2246 1246 2294 judiciis,
1267 2249 1310 2284 de
1325 2247 1446 2297 repub.
1467 2248 1511 2284 de

575 2302 778 2338 Dolabella
794 2302 954 2338 nondum
969 2313 1112 2349 genero.

407 2368 476 2411 M.
501 2368 736 2411 CICERO
769 2369 814 2410 S.
838 2368 897 2410 D.
928 2366 1287 2411 VOLUMNIO.

126 2424 318 2487 QUOD
352 2437 444 2478 sine
479 2437 748 2493 praenomine
782 2436 1064 2488 familiariter,
1097 2445 1146 2477 ut
1177 2435 1380 2487 debebas,
1408 2434 1462 2477 ad
1496 2449 1564 2476 me

122 2493 350 2550 epistolam
373 2494 546 2548 misisti,
565 2494 756 2552 primum
778 2493 1046 2545 addubitavi,
1069 2507 1172 2534 num
1196 2508 1223 2534 a
1244 2493 1477 2534 Volumnio
1502 2506 1567 2533 se-

1574 1092 1626 1129 31

168 2608 201 2637 ll
227 2606 272 2639 Id
288 2608 376 2639 enim
395 2612 443 2639 est
461 2608 618 2651 cujusque
627 2607 818 2649 proprium]
912 2610 950 2640 12
997 2606 1137 2647 Sulpicii
1177 2607 1236 2637 tibi
1276 2615 1484 2646 operam—n.
1524 2615 1569 2636 m.

121 2647 225 2696 Aures
250 2659 333 2680 meae
357 2649 543 2682 desiderant
569 2652 714 2682 maxime
744 2660 822 2690 pro·
867 2660 946 2691 opus
945 2648 1070 2690 fuisse]
1096 2649 1215 2680 Putavi
1239 2658 1386 2689 semper,
1403 2648 1568 2688 corrigen-

119 2699 248 2730 prtum.
291 2692 345 2723 Sic
368 2697 404 2723 et
424 2693 503 2724 alibi
533 2693 648 2725 Cicero
670 2694 705 2723 in
725 2692 825 2723 simili
869 2693 948 2724 dum
974 2701 1096 2733 opera:
1117 2692 1178 2722 etsi
1195 2691 1332 2721 alteram
1349 2690 1570 2720 constructio·

125 2732 308 2780 sententia:
345 2740 384 2765 ut
411 2736 550 2766 oratoris
584 2735 729 2767 maxime
749 2744 828 2775 pro-
873 2745 949 2766 nem
963 2744 1030 2765 non
1044 2735 1197 2765 vitiosam
1212 2743 1280 2764 esse
1296 2732 1449 2763 sciebam.
1485 2732 1573 2773 Quia

119 2783 237 2823 praum-
258 2779 304 2805 est
321 2776 356 2806 in
379 2777 476 2808 Brut.
498 2780 552 2812 93.
577 2778 661 2809 artis
685 2777 830 2808 maxime
872 2777 989 2808 deinde
1003 2777 1039 2808 in
1049 2776 1113 2809 Gu.
1126 2777 1158 2808 2.
1173 2779 1207 2806 et
1222 2775 1273 2806 ed.
1289 2774 1386 2806 Rom.
1398 2775 1444 2806 sic
1452 2775 1573 2818 reperi,

120 2825 297 2857 propr-zum
311 2821 357 2848 est
370 2817 410 2849 de
424 2819 505 2849 Nat.
521 2820 565 2850 D.
580 2820 628 2858 11,
643 2821 696 2852 22.
873 2820 993 2860 recepi.

189 2871 299 2901 vol..
322 2873 401 2902 111.
425 2874 467 2903 P.
491 2874 524 2903 1.
838 2874 869 2902 N
