1903 3218
383 88 467 128 AD
491 87 542 128 D.
571 84 831 126 BRUTUM
856 85 932 124 ET
958 84 1241 124 CETEROS.
1455 90 1529 127 281

105 203 272 250 tegrare
300 192 449 249 possit,
473 190 664 234 Antonio
688 189 770 231 sibi
792 188 1043 244 conjuncto.
1104 187 1220 230 Nam
1251 189 1304 231 de
1336 189 1532 233 Pollione

107 227 260 292 Asinio
305 261 408 306 puto
452 260 492 291 te
536 247 788 305 perspicere,
820 245 924 301 quid
954 245 1146 286 facturus
1180 247 1246 286 sit.
1296 247 1457 297 multae,
1491 257 1534 290 et

110 307 252 358 bonae,
273 318 310 348 et
337 307 469 348 firmae
493 315 590 347 sunt
611 303 802 359 legiones
829 303 978 359 Lepidi
1000 312 1042 343 et
1066 301 1220 343 Asinii.
1266 303 1417 368 Neque
1440 305 1532 346 haec

109 363 270 406 idcirco
295 365 373 406 tibi
396 364 550 411 scribo,
572 361 686 425 quod
708 372 748 402 te
774 375 859 402 non
882 376 914 401 e·
907 360 1028 401 idem
1053 360 1272 401 advertere
1295 375 1336 400 sc
1343 362 1440 411 iarn,
1464 361 1534 402 sed

109 422 222 475 quod
262 422 365 462 mihi
406 419 771 484 persuasissimum
806 427 887 468 est,
923 417 1133 473 Lepidum
1171 429 1284 458 recte
1323 418 1536 459 iacturum

111 491 361 534 numquam,
393 492 426 519 5ι
454 477 563 517 f·oite
588 476 709 517 vobis
738 476 843 516 2⁸de
875 477 955 515 hoc
985 475 1163 515 dubium
1189 488 1231 515 es
1237 484 1267 515 t.
1332 474 1391 514 Pl
1383 489 1537 516 mcum

108 548 280 591 quoque
301 534 563 575 confirmetis
586 548 685 574 oro:
709 547 836 588 quern
860 546 999 587 spero,
1022 532 1144 588 pulso
1168 530 1375 582 Antonio,
1398 533 1533 588 reipu-

113 591 237 633 blicae
277 607 358 632 uon
398 591 661 631 deluturum.
722 591 766 631 Si
801 603 844 630 se
875 588 1006 644 Alpes
1047 588 1264 629 Antonius
1308 590 1538 644 traJecerit‚

108 649 312 689 constitui
341 648 583 711 praesidium
609 649 650 688 in
675 646 859 702 Alpibus
887 645 1113 710 conoe-ne,
1145 655 1189 686 et
1219 655 1260 687 te
1281 645 1334 686 de
1355 647 1473 688 omni
1496 660 1541 688 re

110 704 249 746 facere
270 705 513 746 certiorem.
548 718 608 746 ιιι
641 703 733 744 Kal.
761 703 885 753 Maii,
905 716 959 743 ex
984 704 1134 744 castris
1157 702 1303 758 Regii.

619 789 1026 831 ARGUMENTUM.

163 856 336 899 Queritur
355 858 398 894 de
416 857 642 905 quorundam
663 857 928 898 111acevoler1tia,
948 860 983 891 et
1001 856 1090 904 reip.
1113 855 1318 904 periculum
1335 856 1494 904 exponit.

356 923 412 966 D.
446 923 688 965 BRUTUS
722 922 765 964 S.
796 922 848 965 D.
882 922 949 964 M.
984 921 1309 965 CICERONI.

113 979 261 1033 NON
287 993 390 1033 mihi
417 991 653 1048 rempublic
657 1006 724 1032 πη]
750 992 844 1048 plus
866 992 1021 1033 debere
1050 992 1249 1041 arbitror,
1271 1005 1401 1055 quam
1423 994 1464 1026 29
1477 1005 1545 1032 me

109 1048 206 1090 tibi.
268 1049 512 1090 Gifflatimem
549 1064 616 1090 me
646 1062 736 1089 esse
770 1063 814 1090 m
849 1058 890 1089 te
923 1063 1061 1105 posse,
1092 1063 1220 1104 quam
1255 1049 1323 1089 isti
1358 1048 1544 1104 perversi

111 1105 260 1147 sintin
287 1121 366 1155 me,
394 1107 667 1162 exploratum
700 1106 859 1147 habes:
893 1108 946 1147 si
960 1118 1102 1147 tamen
1136 1106 1216 1147 hoc
1251 1106 1457 1161 temporis
1482 1106 1545 1147 vi·

110 1162 261 1204 deatur
283 1165 366 1204 (lici
391 1179 532 1213 causa,
558 1164 680 1204 malle
705 1177 772 1203 me
794 1173 912 1204 tuum
931 1163 1163 1218 judicium,
1185 1177 1313 1218 quam
1336 1178 1390 1204 ex
1414 1164 1547 1205 altera

110 1233 231 1282 parte
269 1234 459 1262 omnium
501 1222 696 1261 istorum.
755 1217 819 1260 'ru
856 1220 970 1260 enim
1007 1235 1033 1260 a
1062 1229 1180 1260 certo
1213 1233 1336 1259 sensu
1370 1229 1413 1260 et
1446 1234 1545 1261 vero

103 1277 276 1331 judicas
298 1279 350 1319 de
373 1278 518 1319 nobis:
550 1278 665 1332 quod
688 1276 757 1316 isti
785 1290 836 1316 ne
863 1275 1040 1326 faciant,
1063 1289 1231 1317 summa
1255 1276 1547 1318 malivolentia

112 1344 153 1373 et
178 1334 311 1375 livore
335 1333 642 1390 impediuntur.
701 1331 1036 1389 301nterpellent
1069 1347 1151 1383 me,
1181 1347 1267 1388 quo
1296 1333 1437 1374 minus
1467 1333 1548 1375 ho-

107 1401 284 1432 noratus
307 1406 400 1440 snn,
423 1390 525 1432 dum
558 1404 611 1431 ne
642 1390 927 1447 interpellent,
959 1405 1047 1445 quo
1078 1391 1219 1431 minus
1251 1391 1493 1455 respublica
1523 1406 1549 1433 a

111 1461 180 1488 me
203 1423 431 1490 commode
452 1447 740 1488 administrari
760 1448 912 1503 possit.
973 1448 1085 1494 Quae
1108 1457 1272 1503 quanto
1294 1449 1350 1489 sit
1371 1449 1413 1489 in
1437 1449 1549 1512 peri-

111 1505 223 1554 culo,
245 1520 373 1560 quam
400 1515 548 1560 potero
573 1503 825 1545 brevissime
847 1519 1080 1560 exponam.
1126 1504 1316 1545 Primum
1337 1520 1547 1556 omnium,

111 1571 316 1616 quantam
353 1561 718 1618 perturbationem
753 1576 890 1602 rerum
924 1563 1184 1603 urbanarum
1217 1562 1369 1603 aflerat
1400 1564 1556 1604 obitusv

111 1619 352 1669 consulum,
400 1629 692 1674 quantamque
741 1619 1025 1674 cupiditatem
1079 1618 1328 1660 hominibus
1379 1618 1548 1675 injiciat

112 1677 149 1706 3¹
170 1677 373 1726 vacuitas,
409 1689 493 1716 non
528 1685 570 1716 te
598 1675 729 1731 fugit.
789 1677 903 1717 Satis
933 1690 1001 1719 me
1030 1678 1166 1717 multa
1193 1676 1427 1732 scripsisse,
1448 1692 1546 1733 quae

111 1730 266 1773 litteris
287 1732 577 1774 commendari
604 1732 784 1788 possint,
806 1733 1005 1775 arbitror.
1065 1733 1168 1774 Scio
1189 1734 1321 1783 enim,
1352 1749 1422 1775 cui
1445 1736 1592 1776 scri-b.

113 1788 228 1830 bam.
292 1789 501 1830 Revertor
542 1803 656 1830 nunc
696 1788 749 1829 ad
787 1789 1053 1832 Antonium:
1097 1789 1168 1845 qui
1213 1804 1267 1832 ex
1305 1789 1411 1846 fuga
1449 1806 1548 1833 cum

111 1846 153 1877 32
168 1846 389 1902 parvulam
422 1860 596 1888 manum
629 1844 814 1888 militum
847 1847 1026 1889 haberet
1056 1847 1301 1898 inermium,
1335 1849 1552 1905 ergastula

1561 800 1614 837 10

110 1959 227 1998 quibus
242 1969 318 1990 eum
334 1959 513 1990 absterreas
534 1969 554 1990 a
575 1959 808 1999 conjunctione

113 2010 188 2031 cum
207 2002 361 2033 Antonio.
377 2003 479 2042 possit
494 2001 574 2032 mihi
590 2001 725 2032 dubium
742 2007 803 2032 est:

110 2043 173 2073 nisi
202 2054 278 2075 vero
306 2043 480 2082 legendum
507 2049 557 2074 est
584 2044 809 2082 redintegrare·

65 2090 67 2093 ’
106 2087 208 2125 possit
218 2098 227 2115 .-
257 2091 315 2117 aut
345 2086 574 2124 redintegrare
601 2086 809 2117 intransitive

111 2127 244 2166 dicitur,
259 2135 295 2159 ut
311 2133 361 2158 est
377 2129 461 2168 apud
477 2128 669 2159 varronem.

155 2172 195 2200 28
212 2171 247 2200 id
255 2172 293 2200 de
304 2170 373 2210 hoe]
389 2170 425 2200 id
433 2170 550 2207 delevi,
563 2179 638 2200 nam
651 2176 685 2200 et
698 2170 809 2201 durius

112 2216 175 2249 est,
191 2222 251 2243 nec
264 2218 313 2242 est
328 2212 362 2242 in
379 2212 462 2242 libro
476 2222 563 2250 meo,
578 2221 638 2242 nec
650 2212 714 2243 Gn.
732 2216 759 2244 l.
776 2216 807 2244 2.

113 2262 174 2284 nec
190 2254 239 2285 t-d.
257 2254 346 2285 Med.

154 2299 195 2332 29
219 2307 269 2326 me
283 2298 350 2327 ribi.
379 2295 565 2328 Gractorem
581 2306 631 2327 me
646 2296 720 2337 &c.]
744 2297 808 2329 Re-

112 2339 184 2379 cepi
206 2349 281 2369 cum
310 2339 440 2369 Graevio
461 2341 725 2370 emendationem
751 2340 808 2371 Vi-

112 2381 222 2417 ctorii,
245 2390 319 2420 quae
339 2388 387 2412 est
409 2381 550 2412 totidem
566 2383 671 2412 verbis
693 2381 727 2412 in
746 2383 808 2413 Ms.

114 2433 201 2460 meo,
229 2429 262 2454 et
284 2433 324 2454 ex
344 2428 436 2464 parte
459 2423 564 2463 prima
587 2424 622 2454 in
644 2424 695 2454 ed.
719 2425 807 2457 Med.

112 2466 174 2496 nisi
189 2476 241 2506 qu·
235 2465 276 2496 od
289 2471 339 2496 est
354 2467 487 2496 mallem
498 2476 560 2501 me,
573 2466 683 2504 quod’
676 2476 709 2496 in
723 2477 809 2498 mar-

112 2507 187 2547 gine
203 2512 387 2538 correctum
401 2513 451 2538 est
467 2509 599 2539 mallem
617 2509 808 2547 mehercule,

111 2555 151 2580 ut
168 2550 265 2580 habet
278 2550 328 2581 ed.
346 2549 433 2581 Med
448 2556 482 2581 et
497 2550 563 2581 Ms.
578 2551 641 2581 Gu.
663 2553 687 2581 l.
702 2553 757 2591 qui
772 2558 807 2583 et

112 2591 219 2631 prima
233 2591 291 2623 illa
306 2593 366 2623 ha‘
360 2599 404 2622 et
417 2598 455 2622 ut
468 2592 531 2623 Gu.
543 2594 573 2623 2.
587 2593 622 2623 Si
635 2600 719 2623 esset
736 2604 806 2625 mae

112 2634 172 2664 lim
187 2635 270 2664 mela.
287 2634 449 2674 placeret:
471 2639 505 2665 et
520 2635 606 2664 fou-te
620 2637 753 2672 malem,
768 2642 808 2668 ut

112 2679 164 2706 est
184 2676 219 2706 in
238 2675 318 2706 Mss.
338 2680 430 2712 meis,
444 2682 494 2707 est
509 2677 645 2717 antique
660 2688 719 2719 pro
735 2689 807 2710 ma-

113 2718 185 2754 iim,
200 2722 238 2748 ut
252 2719 351 2748 velem
366 2729 425 2758 pro
440 2720 546 2751 velim.

155 2762 196 2790 :30
220 2759 431 2800 Juterpeuene
448 2761 512 2800 me]
542 2771 593 2792 me
617 2766 803 2803 suspectum

112 2801 193 2832 mihi
207 2806 267 2831 est.
289 2802 412 2834 etiam·
405 2813 444 2834 m
457 2803 572 2835 eadem
594 2813 629 2835 re
651 2805 740 2837 infra
754 2810 806 2838 est

110 2847 246 2878 tantum
259 2844 474 2884 inem—penem

892 1963 929 1992 31
966 1961 1132 2000 vomita-r]
1169 1960 1317 1992 Gra’vius
1351 1962 1498 1994 malebat
1532 1971 1551 1994 e

853 2004 930 2034 Mss.
944 2003 1137 2043 quibusdam
1152 2004 1322 2040 vac-inm,
1339 2004 1426 2044 quod
1447 2005 1549 2036 etiam

851 2046 885 2076 in
902 2056 974 2077 meo
988 2050 1056 2076 est·
1081 2045 1146 2076 Gu.
1166 2048 1193 2076 1.
1209 2052 1243 2077 et
1259 2046 1329 2077 edd.
1346 2056 1395 2087 pr.
1409 2047 1548 2078 novitas.

850 2088 914 2119 Gu.
939 2091 969 2118 2.
996 2092 1055 2118 tua
1079 2089 1216 2125 caritas,
1241 2089 1337 2137 quod
1349 2099 1368 2120 e
1390 2090 1550 2121 vacivum

851 2130 939 2161 nasci
958 2131 1080 2171 potuit.
1123 2130 1186 2161 Sed
1210 2131 1293 2161 υιασί
1285 2132 1368 2162 nitas
1390 2141 1457 2162 non
1479 2132 1551 2173 pla·

851 2179 916 2208 cet,
932 2172 1018 2212 quod
1033 2173 1100 2203 fere
1115 2172 1154 2203 de
1175 2174 1244 2203 otio
1259 2172 1309 2204 di
1298 2174 1392 2210 itur,
1415 2183 1474 2204 nec
1489 2184 1548 2205 va·

851 2217 958 2245 enicas
971 2216 1069 2253 satis·
1094 2225 1154 2245 nec
1175 2215 1261 2245 enim
1279 2216 1406 2257 uspiam
1426 2216 1473 2247 sic
1491 2217 1550 2248 ab

851 2257 959 2287 solute
974 2257 1120 2288 dicitur
1112 2267 1146 2288 in
1160 2266 1257 2289 sensu
1272 2267 1323 2295 cO,
1346 2268 1441 2298 quem
1458 2258 1550 2291 locus

849 2298 1023 2337 desiderat,
1038 2304 1095 2330 aut
1109 2300 1221 2331 simili.
1263 2299 1390 2333 Saltem
1404 2299 1478 2332 addi
1494 2301 1550 2333 de-

851 2341 948 2373 bebat
963 2343 1157 2383 reipublieoe.
1203 2343 1338 2377 Vereor,
1355 2353 1396 2375 ne
1413 2346 1549 2376 verbum

850 2383 894 2414 sit
908 2394 926 2414 a
940 2384 1121 2422 glossatore
1136 2384 1296 2415 inferioris
1309 2386 1431 2417 aetatis:
1454 2388 1463 2418 (
1468 2395 1548 2418 nam

848 2426 978 2464 injiciat
992 2436 1065 2466 cup.
1082 2427 1252 2458 commode
1264 2428 1304 2458 ad
1314 2429 1436 2458 obitum
1449 2437 1548 2459 conss.

850 2468 1126 2509 referripotest.)
1159 2469 1240 2501 item
1267 2476 1305 2500 ut
1326 2471 1461 2505 novitas.
1487 2474 1547 2501 tua

848 2512 983 2542 caritas.

889 2555 930 2583 32
940 2563 976 2593 p.
994 2562 1127 2584 manum
1139 2553 1302 2594 peditum]
1320 2553 1399 2586 Mss.
1413 2553 1547 2593 quidam

848 2595 1006 2631 militum,
1017 2596 1104 2635 quod
1118 2597 1265 2626 Gra-vius
1277 2595 1424 2636 praetulit
1437 2607 1444 2625 τ
1457 2595 1545 2636 quod

849 2636 972 2686 pedites
982 2638 1136 2669 dinantm·
1149 2639 1276 2674 milites,
1288 2639 1388 2669 etiam
1401 2647 1477 2668 cum
1490 2637 1547 2668 ad-

844 2680 1035 2718 iunguntur
1048 2681 1179 2720 equites.
1202 2689 1263 2719 ego
1286 2680 1394 2719 potius
1417 2680 1479 2711 hae
1495 2690 1546 2712 ra-

849 2722 939 2752 tione
965 2730 1052 2759 utar,
1079 2722 1165 2762 quod
1192 2726 1264 2760 post
1290 2721 1390 2752 etiam
1419 2723 1545 2762 equites

848 2762 998 2795 habuisse
1014 2764 1145 2795 dicitur.
1177 2764 1227 2793 Sic
1246 2763 1325 2794 Mss.
1342 2764 1407 2795 Gu.
1423 2769 1458 2795 et
1471 2764 1544 2797 edd.

846 2815 896 2846 pr.
911 2806 1045 2837 habent.
1061 2807 1172 2846 itaque
1187 2811 1221 2837 et
1235 2808 1302 2848 ipse
1319 2807 1436 2848 recepi.
