<?xml version="1.0" encoding="UTF-8"?>
<!DOCTYPE html PUBLIC "-//W3C//DTD XHTML 1.0 Transitional//EN"
    "http://www.w3.org/TR/xhtml1/DTD/xhtml1-transitional.dtd">
<html xmlns="http://www.w3.org/1999/xhtml" xml:lang="en" lang="en">
 <head>
  <title>
</title>
<meta http-equiv="Content-Type" content="text/html;charset=utf-8" />
  <meta name='ocr-system' content='tesseract 3.04.00' />
  <meta name='ocr-capabilities' content='ocr_page ocr_carea ocr_par ocr_line ocrx_word'/>
</head>
<body>
  <div class='ocr_page' id='page_1' title='image "./p1operaomnia03ciceuoft_0017.png"; bbox 0 0 1817 3196; ppageno 0'>
   <div class='ocr_carea' id='block_1_1' title="bbox 533 76 1499 121">
    <p class='ocr_par' dir='ltr' id='par_1_1' title="bbox 533 76 1499 121">
     <span class='ocr_line' id='line_1_1' title="bbox 533 76 1499 121; baseline 0.005 -5"><span class='ocrx_word' id='word_1_1' title='bbox 533 79 617 117; x_wconf 77' lang='lat' dir='ltr'>AD</span> <span class='ocrx_word' id='word_1_2' title='bbox 660 76 1050 117; x_wconf 86' lang='lat' dir='ltr'><strong>LENTULUM.</strong></span> <span class='ocrx_word' id='word_1_3' title='bbox 1470 86 1499 121; x_wconf 83' lang='lat'><strong>9</strong></span> 
     </span>
    </p>
   </div>
   <div class='ocr_carea' id='block_1_2' title="bbox 76 180 1589 619">
    <p class='ocr_par' dir='ltr' id='par_1_2' title="bbox 76 180 1499 293">
     <span class='ocr_line' id='line_1_2' title="bbox 76 180 1499 238; baseline 0.003 -16"><span class='ocrx_word' id='word_1_4' title='bbox 76 189 264 223; x_wconf 88' lang='lat' dir='ltr'>nostram</span> <span class='ocrx_word' id='word_1_5' title='bbox 297 180 536 237; x_wconf 84' lang='lat' dir='ltr'>exstinguit</span> <span class='ocrx_word' id='word_1_6' title='bbox 569 181 791 223; x_wconf 88' lang='lat' dir='ltr'>hominum</span> <span class='ocrx_word' id='word_1_7' title='bbox 829 182 1030 238; x_wconf 84' lang='lat' dir='ltr'>suspicio,</span> <span class='ocrx_word' id='word_1_8' title='bbox 1063 181 1177 237; x_wconf 89' lang='lat' dir='ltr'>quod</span> <span class='ocrx_word' id='word_1_9' title='bbox 1212 181 1422 237; x_wconf 86' lang='lat' dir='ltr'>Pompeio</span> <span class='ocrx_word' id='word_1_10' title='bbox 1455 199 1499 227; x_wconf 88' lang='lat' dir='ltr'>se</span> 
     </span>
     <span class='ocr_line' id='line_1_3' title="bbox 79 238 1498 293; baseline 0.002 -15"><span class='ocrx_word' id='word_1_11' title='bbox 79 238 308 293; x_wconf 83' lang='lat' dir='ltr'>gratificari</span> <span class='ocrx_word' id='word_1_12' title='bbox 335 248 499 293; x_wconf 83' lang='lat' dir='ltr'>putant.</span> <span class='ocrx_word' id='word_1_13' title='bbox 561 238 620 279; x_wconf 84' lang='lat' dir='ltr'>Ut</span> <span class='ocrx_word' id='word_1_14' title='bbox 639 239 681 280; x_wconf 91' lang='lat' dir='ltr'>in</span> <span class='ocrx_word' id='word_1_15' title='bbox 707 239 830 280; x_wconf 87' lang='lat' dir='ltr'>rebus</span> <span class='ocrx_word' id='word_1_16' title='bbox 851 239 986 280; x_wconf 89' lang='lat' dir='ltr'>multo</span> <span class='ocrx_word' id='word_1_17' title='bbox 1008 250 1120 288; x_wconf 81' lang='lat' dir='ltr'>ante,</span> <span class='ocrx_word' id='word_1_18' title='bbox 1139 253 1265 293; x_wconf 82' lang='lat' dir='ltr'>quam</span> <span class='ocrx_word' id='word_1_19' title='bbox 1285 238 1498 293; x_wconf 73' lang='lat' dir='ltr'>profectus</span> 
     </span>
    </p>

    <p class='ocr_par' dir='ltr' id='par_1_3' title="bbox 79 294 1589 619">
     <span class='ocr_line' id='line_1_4' title="bbox 79 294 1500 350; baseline 0.002 -16"><span class='ocrx_word' id='word_1_20' title='bbox 79 309 137 345; x_wconf 87' lang='lat' dir='ltr'>es,</span> <span class='ocrx_word' id='word_1_21' title='bbox 159 295 212 334; x_wconf 86' lang='lat' dir='ltr'>ab</span> <span class='ocrx_word' id='word_1_22' title='bbox 240 294 332 350; x_wconf 87' lang='lat' dir='ltr'>ipso</span> <span class='ocrx_word' id='word_1_23' title='bbox 356 308 466 350; x_wconf 76' lang='lat' dir='ltr'>rege,</span> <span class='ocrx_word' id='word_1_24' title='bbox 488 303 530 335; x_wconf 87' lang='lat' dir='ltr'>et</span> <span class='ocrx_word' id='word_1_25' title='bbox 552 296 605 336; x_wconf 85' lang='lat' dir='ltr'>ab</span> <span class='ocrx_word' id='word_1_26' title='bbox 629 296 790 337; x_wconf 88' lang='lat' dir='ltr'>intimis</span> <span class='ocrx_word' id='word_1_27' title='bbox 813 311 861 336; x_wconf 88' lang='lat' dir='ltr'>ac</span> <span class='ocrx_word' id='word_1_28' title='bbox 883 296 1128 337; x_wconf 74' lang='lat' dir='ltr'>domesticis</span> <span class='ocrx_word' id='word_1_29' title='bbox 1162 295 1356 350; x_wconf 69' lang='lat' dir='ltr'>Pompeii</span> <span class='ocrx_word' id='word_1_30' title='bbox 1391 296 1500 337; x_wconf 89' lang='lat' dir='ltr'>clam</span> 
     </span>
     <span class='ocr_line' id='line_1_5' title="bbox 81 351 1501 407; baseline 0.002 -17"><span class='ocrx_word' id='word_1_31' title='bbox 81 351 348 401; x_wconf 74' lang='lat' dir='ltr'>exulceratis,</span> <span class='ocrx_word' id='word_1_32' title='bbox 379 351 531 392; x_wconf 87' lang='lat' dir='ltr'>deinde</span> <span class='ocrx_word' id='word_1_33' title='bbox 563 351 699 406; x_wconf 86' lang='lat' dir='ltr'>palam</span> <span class='ocrx_word' id='word_1_34' title='bbox 732 367 756 393; x_wconf 87' lang='lat' dir='ltr'>a</span> <span class='ocrx_word' id='word_1_35' title='bbox 787 352 1079 393; x_wconf 83' lang='lat' dir='ltr'>consularibus</span> <span class='ocrx_word' id='word_1_36' title='bbox 1109 352 1354 407; x_wconf 82' lang='lat' dir='ltr'>exagitatis,</span> <span class='ocrx_word' id='word_1_37' title='bbox 1385 362 1427 393; x_wconf 89' lang='lat' dir='ltr'>et</span> <span class='ocrx_word' id='word_1_38' title='bbox 1457 353 1501 393; x_wconf 90' lang='lat' dir='ltr'>in</span> 
     </span>
     <span class='ocr_line' id='line_1_6' title="bbox 79 407 1500 460; baseline 0.002 -14"><span class='ocrx_word' id='word_1_39' title='bbox 79 421 287 448; x_wconf 85' lang='lat' dir='ltr'>summam</span> <span class='ocrx_word' id='word_1_40' title='bbox 311 407 513 448; x_wconf 83' lang='lat' dir='ltr'>invidiam</span> <span class='ocrx_word' id='word_1_41' title='bbox 537 409 745 458; x_wconf 83' lang='lat' dir='ltr'>adductis,</span> <span class='ocrx_word' id='word_1_42' title='bbox 766 409 825 450; x_wconf 85' lang='lat' dir='ltr'>ita</span> <span class='ocrx_word' id='word_1_43' title='bbox 848 423 1075 449; x_wconf 80' lang='lat' dir='ltr'>versamur.</span> <span class='ocrx_word' id='word_1_44' title='bbox 1138 408 1338 449; x_wconf 68' lang='lat' dir='ltr'>Nostram</span> <span class='ocrx_word' id='word_1_45' title='bbox 1358 408 1500 460; x_wconf 88' lang='lat' dir='ltr'>fidem,</span> 
     </span>
     <span class='ocr_line' id='line_1_7' title="bbox 79 463 1589 521; baseline 0.002 -18"><span class='ocrx_word' id='word_1_46' title='bbox 79 478 224 504; x_wconf 86' lang='lat' dir='ltr'>omncs</span> <span class='ocrx_word' id='word_1_47' title='bbox 240 463 262 515; x_wconf 64' lang='lat'>;&gt;</span> <span class='ocrx_word' id='word_1_48' title='bbox 281 479 467 505; x_wconf 85' lang='lat' dir='ltr'>amorem</span> <span class='ocrx_word' id='word_1_49' title='bbox 499 465 559 505; x_wconf 88' lang='lat' dir='ltr'>tui</span> <span class='ocrx_word' id='word_1_50' title='bbox 583 466 770 506; x_wconf 84' lang='lat' dir='ltr'>absentis</span> <span class='ocrx_word' id='word_1_51' title='bbox 801 466 1121 521; x_wconf 62' lang='lat' dir='ltr'>praesentisque,</span> <span class='ocrx_word' id='word_1_52' title='bbox 1138 466 1197 506; x_wconf 89' lang='lat' dir='ltr'>tui</span> <span class='ocrx_word' id='word_1_53' title='bbox 1222 479 1497 520; x_wconf 78' lang='lat' dir='ltr'><strong>cognoscent.</strong></span> <span class='ocrx_word' id='word_1_54' title='bbox 1513 482 1542 511; x_wconf 83' lang='lat' dir='ltr'>p.</span> <span class='ocrx_word' id='word_1_55' title='bbox 1557 474 1589 505; x_wconf 83' lang='grc'>3,</span> 
     </span>
     <span class='ocr_line' id='line_1_8' title="bbox 79 519 1543 578; baseline 0.003 -18"><span class='ocrx_word' id='word_1_56' title='bbox 79 519 123 560; x_wconf 88' lang='lat' dir='ltr'>Si</span> <span class='ocrx_word' id='word_1_57' title='bbox 159 531 267 561; x_wconf 86' lang='lat' dir='ltr'>esset</span> <span class='ocrx_word' id='word_1_58' title='bbox 292 521 334 561; x_wconf 89' lang='lat' dir='ltr'>in</span> <span class='ocrx_word' id='word_1_59' title='bbox 367 522 417 562; x_wconf 89' lang='lat' dir='ltr'>iis</span> <span class='ocrx_word' id='word_1_60' title='bbox 441 521 558 572; x_wconf 80' lang='lat' dir='ltr'>fides,</span> <span class='ocrx_word' id='word_1_61' title='bbox 580 522 620 563; x_wconf 91' lang='lat' dir='ltr'>in</span> <span class='ocrx_word' id='word_1_62' title='bbox 645 523 798 578; x_wconf 87' lang='lat' dir='ltr'>quibus</span> <span class='ocrx_word' id='word_1_63' title='bbox 821 537 986 563; x_wconf 89' lang='lat' dir='ltr'>summa</span> <span class='ocrx_word' id='word_1_64' title='bbox 1003 536 1093 563; x_wconf 84' lang='lat' dir='ltr'>esse</span> <span class='ocrx_word' id='word_1_65' title='bbox 1114 522 1311 573; x_wconf 86' lang='lat' dir='ltr'>debebat,</span> <span class='ocrx_word' id='word_1_66' title='bbox 1335 537 1418 563; x_wconf 90' lang='lat' dir='ltr'>uon</span> <span class='ocrx_word' id='word_1_67' title='bbox 1440 524 1499 564; x_wconf 80' lang='lat' dir='ltr'>la·</span> <span class='ocrx_word' id='word_1_68' title='bbox 1511 523 1543 546; x_wconf 76' lang='lat'>⁸·</span> 
     </span>
     <span class='ocr_line' id='line_1_9' title="bbox 80 576 517 619; baseline 0.002 -2"><span class='ocrx_word' id='word_1_69' title='bbox 80 576 338 618; x_wconf 84' lang='lat' dir='ltr'>boraremus.</span> <span class='ocrx_word' id='word_1_70' title='bbox 398 578 517 619; x_wconf 84' lang='lat' dir='ltr'>Vale.</span> 
     </span>
    </p>
   </div>
   <div class='ocr_carea' id='block_1_3' title="bbox 589 667 1546 718">
    <p class='ocr_par' dir='ltr' id='par_1_4' title="bbox 589 667 1546 718">
     <span class='ocr_line' id='line_1_10' title="bbox 589 667 1546 718; baseline -0.002 -13"><span class='ocrx_word' id='word_1_71' title='bbox 589 667 989 705; x_wconf 80' lang='lat' dir='ltr'><strong>ARGUMENTUM.</strong></span> <span class='ocrx_word' id='word_1_72' title='bbox 1519 681 1546 718; x_wconf 67' lang='grc' dir='ltr'>ρ,</span> 
     </span>
    </p>
   </div>
   <div class='ocr_carea' id='block_1_4' title="bbox 13 729 1507 779">
    <p class='ocr_par' dir='ltr' id='par_1_5' title="bbox 13 729 1507 779">
     <span class='ocr_line' id='line_1_11' title="bbox 13 729 1507 779; baseline 0.001 -14"><span class='ocrx_word' id='word_1_73' title='bbox 13 729 22 733; x_wconf 16' lang='grc' dir='ltr'>χ</span> <span class='ocrx_word' id='word_1_74' title='bbox 80 729 285 779; x_wconf 79' lang='lat' dir='ltr'>Significat,</span> <span class='ocrx_word' id='word_1_75' title='bbox 306 732 393 778; x_wconf 76' lang='lat' dir='ltr'><strong><em>quid</em></strong></span> <span class='ocrx_word' id='word_1_76' title='bbox 411 732 573 778; x_wconf 78' lang='lat' dir='ltr'><em>deinceps</em></span> <span class='ocrx_word' id='word_1_77' title='bbox 593 736 711 767; x_wconf 82' lang='lat' dir='ltr'>actum</span> <span class='ocrx_word' id='word_1_78' title='bbox 731 733 765 766; x_wconf 79' lang='lat' dir='ltr'>in</span> <span class='ocrx_word' id='word_1_79' title='bbox 784 735 910 766; x_wconf 73' lang='lat' dir='ltr'>senatu</span> <span class='ocrx_word' id='word_1_80' title='bbox 927 732 975 766; x_wconf 80' lang='lat' dir='ltr'>sit</span> <span class='ocrx_word' id='word_1_81' title='bbox 996 732 1030 766; x_wconf 82' lang='lat' dir='ltr'>in</span> <span class='ocrx_word' id='word_1_82' title='bbox 1051 741 1158 767; x_wconf 81' lang='lat' dir='ltr'>causa</span> <span class='ocrx_word' id='word_1_83' title='bbox 1176 732 1278 777; x_wconf 82' lang='lat' dir='ltr'>regia.</span> <span class='ocrx_word' id='word_1_84' title='bbox 1298 730 1420 766; x_wconf 78' lang='lat' dir='ltr'>Idibus</span> <span class='ocrx_word' id='word_1_85' title='bbox 1438 730 1507 767; x_wconf 84' lang='lat' dir='ltr'>Ja-</span> 
     </span>
    </p>
   </div>
   <div class='ocr_carea' id='block_1_5' title="bbox 131 781 1508 883">
    <p class='ocr_par' dir='ltr' id='par_1_6' title="bbox 131 781 1508 883">
     <span class='ocr_line' id='line_1_12' title="bbox 131 781 1508 831; baseline 0.001 -14"><span class='ocrx_word' id='word_1_86' title='bbox 131 785 294 823; x_wconf 75' lang='lat' dir='ltr'>nnariis5</span> <span class='ocrx_word' id='word_1_87' title='bbox 325 795 403 831; x_wconf 84' lang='lat' dir='ltr'>quae</span> <span class='ocrx_word' id='word_1_88' title='bbox 419 785 602 819; x_wconf 75' lang='lat' dir='ltr'>sententia:</span> <span class='ocrx_word' id='word_1_89' title='bbox 630 784 759 822; x_wconf 78' lang='lat' dir='ltr'>dictae,·</span> <span class='ocrx_word' id='word_1_90' title='bbox 788 795 857 829; x_wconf 81' lang='lat' dir='ltr'>quo</span> <span class='ocrx_word' id='word_1_91' title='bbox 877 783 1084 830; x_wconf 73' lang='lat' dir='ltr'>Pompeius,</span> <span class='ocrx_word' id='word_1_92' title='bbox 1105 794 1174 830; x_wconf 80' lang='lat' dir='ltr'>quo</span> <span class='ocrx_word' id='word_1_93' title='bbox 1203 781 1276 829; x_wconf 80' lang='lat' dir='ltr'>ejus</span> <span class='ocrx_word' id='word_1_94' title='bbox 1294 783 1508 831; x_wconf 72' lang='lat' dir='ltr'><em>familiares</em></span> 
     </span>
     <span class='ocr_line' id='line_1_13' title="bbox 133 835 988 883; baseline -0.001 -13"><span class='ocrx_word' id='word_1_95' title='bbox 133 836 254 870; x_wconf 74' lang='lat' dir='ltr'>animo</span> <span class='ocrx_word' id='word_1_96' title='bbox 269 851 280 871; x_wconf 92' lang='lat'>.·</span> <span class='ocrx_word' id='word_1_97' title='bbox 310 841 344 871; x_wconf 79' lang='lat' dir='ltr'>et</span> <span class='ocrx_word' id='word_1_98' title='bbox 363 847 441 883; x_wconf 83' lang='lat' dir='ltr'>quae</span> <span class='ocrx_word' id='word_1_99' title='bbox 458 835 752 883; x_wconf 79' lang='lat' dir='ltr'>tribnnifrustra</span> <span class='ocrx_word' id='word_1_100' title='bbox 768 835 886 870; x_wconf 78' lang='lat' dir='ltr'>moliti</span> <span class='ocrx_word' id='word_1_101' title='bbox 903 836 988 870; x_wconf 71' lang='lat' dir='ltr'>sint.</span> 
     </span>
    </p>
   </div>
   <div class='ocr_carea' id='block_1_6' title="bbox 269 910 1338 954">
    <p class='ocr_par' dir='ltr' id='par_1_7' title="bbox 269 910 1338 954">
     <span class='ocr_line' id='line_1_14' title="bbox 269 910 1338 954; baseline 0.001 -2"><span class='ocrx_word' id='word_1_102' title='bbox 269 911 336 953; x_wconf 90' lang='lat' dir='ltr'>M.</span> <span class='ocrx_word' id='word_1_103' title='bbox 358 911 408 954; x_wconf 87' lang='lat' dir='ltr'>T.</span> <span class='ocrx_word' id='word_1_104' title='bbox 434 911 484 953; x_wconf 92' lang='lat' dir='ltr'>C.</span> <span class='ocrx_word' id='word_1_105' title='bbox 527 912 570 953; x_wconf 88' lang='lat' dir='ltr'>S.</span> <span class='ocrx_word' id='word_1_106' title='bbox 595 911 652 953; x_wconf 92' lang='lat' dir='ltr'>D.</span> <span class='ocrx_word' id='word_1_107' title='bbox 692 911 743 952; x_wconf 89' lang='lat' dir='ltr'>P.</span> <span class='ocrx_word' id='word_1_108' title='bbox 767 910 1053 953; x_wconf 82' lang='lat' dir='ltr'>LENTULO</span> <span class='ocrx_word' id='word_1_109' title='bbox 1080 911 1338 953; x_wconf 82' lang='lat' dir='ltr'><strong>PROCOS.</strong></span> 
     </span>
    </p>
   </div>
   <div class='ocr_carea' id='block_1_7' title="bbox 79 966 1554 2514">
    <p class='ocr_par' dir='ltr' id='par_1_8' title="bbox 79 966 1554 2514">
     <span class='ocr_line' id='line_1_15' title="bbox 81 966 1510 1036; baseline 0.001 -16"><span class='ocrx_word' id='word_1_110' title='bbox 81 966 301 1020; x_wconf 86' lang='lat' dir='ltr'>IDIBUS</span> <span class='ocrx_word' id='word_1_111' title='bbox 319 978 534 1020; x_wconf 84' lang='lat' dir='ltr'>Januariis</span> <span class='ocrx_word' id='word_1_112' title='bbox 559 979 601 1019; x_wconf 92' lang='lat' dir='ltr'>in</span> <span class='ocrx_word' id='word_1_113' title='bbox 621 989 767 1019; x_wconf 86' lang='lat' dir='ltr'>senatu</span> <span class='ocrx_word' id='word_1_114' title='bbox 790 978 896 1019; x_wconf 81' lang='lat' dir='ltr'>nihil</span> <span class='ocrx_word' id='word_1_115' title='bbox 915 989 979 1019; x_wconf 89' lang='lat' dir='ltr'>est</span> <span class='ocrx_word' id='word_1_116' title='bbox 1001 979 1261 1029; x_wconf 81' lang='lat' dir='ltr'>confectum,</span> <span class='ocrx_word' id='word_1_117' title='bbox 1284 989 1510 1036; x_wconf 80' lang='lat' dir='ltr'>propterea</span> 
     </span>
     <span class='ocr_line' id='line_1_16' title="bbox 79 1036 1509 1092; baseline 0.001 -16"><span class='ocrx_word' id='word_1_118' title='bbox 79 1036 194 1091; x_wconf 90' lang='lat' dir='ltr'>quod</span> <span class='ocrx_word' id='word_1_119' title='bbox 217 1036 306 1076; x_wconf 87' lang='lat' dir='ltr'>dies</span> <span class='ocrx_word' id='word_1_120' title='bbox 337 1051 493 1092; x_wconf 83' lang='lat' dir='ltr'>magna</span> <span class='ocrx_word' id='word_1_121' title='bbox 513 1050 566 1076; x_wconf 84' lang='lat' dir='ltr'>ex</span> <span class='ocrx_word' id='word_1_122' title='bbox 591 1047 710 1091; x_wconf 84' lang='lat' dir='ltr'>parte</span> <span class='ocrx_word' id='word_1_123' title='bbox 738 1046 986 1076; x_wconf 85' lang='lat' dir='ltr'>consumtus</span> <span class='ocrx_word' id='word_1_124' title='bbox 1008 1046 1072 1076; x_wconf 90' lang='lat' dir='ltr'>est</span> <span class='ocrx_word' id='word_1_125' title='bbox 1101 1036 1375 1077; x_wconf 80' lang='lat' dir='ltr'>altercatione</span> <span class='ocrx_word' id='word_1_126' title='bbox 1400 1037 1509 1078; x_wconf 90' lang='lat' dir='ltr'>Len-</span> 
     </span>
     <span class='ocr_line' id='line_1_17' title="bbox 80 1092 1509 1150; baseline 0.002 -17"><span class='ocrx_word' id='word_1_127' title='bbox 80 1093 159 1133; x_wconf 70' lang='lat' dir='ltr'>tuli</span> <span class='ocrx_word' id='word_1_128' title='bbox 181 1092 366 1134; x_wconf 87' lang='lat' dir='ltr'>consulis</span> <span class='ocrx_word' id='word_1_129' title='bbox 388 1104 431 1134; x_wconf 91' lang='lat' dir='ltr'>et</span> <span class='ocrx_word' id='word_1_130' title='bbox 463 1092 635 1133; x_wconf 82' lang='lat' dir='ltr'>Caninii</span> <span class='ocrx_word' id='word_1_131' title='bbox 659 1092 816 1133; x_wconf 85' lang='lat' dir='ltr'>tribuni</span> <span class='ocrx_word' id='word_1_132' title='bbox 850 1092 999 1148; x_wconf 81' lang='lat' dir='ltr'>plebis.</span> <span class='ocrx_word' id='word_1_133' title='bbox 1062 1092 1124 1133; x_wconf 87' lang='lat' dir='ltr'>Eo</span> <span class='ocrx_word' id='word_1_134' title='bbox 1146 1093 1215 1133; x_wconf 85' lang='lat' dir='ltr'>die</span> <span class='ocrx_word' id='word_1_135' title='bbox 1239 1108 1314 1134; x_wconf 89' lang='lat' dir='ltr'>uos</span> <span class='ocrx_word' id='word_1_136' title='bbox 1336 1109 1509 1150; x_wconf 85' lang='lat' dir='ltr'>qnoque</span> 
     </span>
     <span class='ocr_line' id='line_1_18' title="bbox 81 1149 1510 1203; baseline 0.001 -13"><span class='ocrx_word' id='word_1_137' title='bbox 81 1150 217 1191; x_wconf 83' lang='lat' dir='ltr'>multa</span> <span class='ocrx_word' id='word_1_138' title='bbox 261 1151 388 1190; x_wconf 80' lang='lat' dir='ltr'>verba</span> <span class='ocrx_word' id='word_1_139' title='bbox 427 1149 630 1190; x_wconf 84' lang='lat' dir='ltr'><strong>fecimus:</strong></span> <span class='ocrx_word' id='word_1_140' title='bbox 689 1149 961 1203; x_wconf 78' lang='lat' dir='ltr'>maximeque</span> <span class='ocrx_word' id='word_1_141' title='bbox 1005 1149 1083 1190; x_wconf 83' lang='lat' dir='ltr'>visi</span> <span class='ocrx_word' id='word_1_142' title='bbox 1129 1164 1273 1190; x_wconf 86' lang='lat' dir='ltr'>sumus</span> <span class='ocrx_word' id='word_1_143' title='bbox 1316 1162 1510 1192; x_wconf 85' lang='lat' dir='ltr'>senatum</span> 
     </span>
     <span class='ocr_line' id='line_1_19' title="bbox 83 1205 1512 1261; baseline 0.001 -14"><span class='ocrx_word' id='word_1_144' title='bbox 83 1205 490 1247; x_wconf 81' lang='lat' dir='ltr'>commemoratione</span> <span class='ocrx_word' id='word_1_145' title='bbox 522 1217 606 1246; x_wconf 85' lang='lat' dir='ltr'>tuae</span> <span class='ocrx_word' id='word_1_146' title='bbox 638 1205 870 1245; x_wconf 84' lang='lat' dir='ltr'>voluntatis</span> <span class='ocrx_word' id='word_1_147' title='bbox 897 1220 998 1261; x_wconf 85' lang='lat' dir='ltr'>erga</span> <span class='ocrx_word' id='word_1_148' title='bbox 1028 1205 1144 1246; x_wconf 89' lang='lat' dir='ltr'>illum</span> <span class='ocrx_word' id='word_1_149' title='bbox 1177 1207 1369 1248; x_wconf 83' lang='lat' dir='ltr'>ordinem</span> <span class='ocrx_word' id='word_1_150' title='bbox 1392 1223 1512 1249; x_wconf 88' lang='lat' dir='ltr'>com-</span> 
     </span>
     <span class='ocr_line' id='line_1_20' title="bbox 81 1261 1509 1317; baseline 0.001 -13"><span class='ocrx_word' id='word_1_151' title='bbox 81 1277 267 1304; x_wconf 84' lang='lat' dir='ltr'>movere.</span> <span class='ocrx_word' id='word_1_152' title='bbox 327 1262 479 1317; x_wconf 85' lang='lat' dir='ltr'>Itaque</span> <span class='ocrx_word' id='word_1_153' title='bbox 517 1261 722 1317; x_wconf 82' lang='lat' dir='ltr'>postridie</span> <span class='ocrx_word' id='word_1_154' title='bbox 761 1261 934 1317; x_wconf 86' lang='lat' dir='ltr'>placuit,</span> <span class='ocrx_word' id='word_1_155' title='bbox 977 1270 1023 1302; x_wconf 91' lang='lat' dir='ltr'>ut</span> <span class='ocrx_word' id='word_1_156' title='bbox 1061 1263 1243 1303; x_wconf 83' lang='lat' dir='ltr'>breviter</span> <span class='ocrx_word' id='word_1_157' title='bbox 1279 1266 1509 1305; x_wconf 84' lang='lat' dir='ltr'>sententias</span> 
     </span>
     <span class='ocr_line' id='line_1_21' title="bbox 81 1319 1510 1362; baseline 0.001 -2"><span class='ocrx_word' id='word_1_158' title='bbox 81 1320 332 1361; x_wconf 84' lang='lat' dir='ltr'>diceremus.</span> <span class='ocrx_word' id='word_1_159' title='bbox 356 1319 578 1360; x_wconf 79' lang='lat' dir='ltr'>videbatur</span> <span class='ocrx_word' id='word_1_160' title='bbox 596 1319 710 1358; x_wconf 88' lang='lat' dir='ltr'>enim</span> <span class='ocrx_word' id='word_1_161' title='bbox 734 1319 1007 1359; x_wconf 86' lang='lat' dir='ltr'>reconciliata</span> <span class='ocrx_word' id='word_1_162' title='bbox 1027 1319 1150 1360; x_wconf 89' lang='lat' dir='ltr'>nobis</span> <span class='ocrx_word' id='word_1_163' title='bbox 1172 1319 1368 1362; x_wconf 85' lang='lat' dir='ltr'>voluntas</span> <span class='ocrx_word' id='word_1_164' title='bbox 1391 1336 1510 1362; x_wconf 82' lang='lat' dir='ltr'>sena-</span> 
     </span>
     <span class='ocr_line' id='line_1_22' title="bbox 83 1375 1510 1432; baseline 0.001 -15"><span class='ocrx_word' id='word_1_165' title='bbox 83 1386 151 1417; x_wconf 89' lang='lat' dir='ltr'>tus</span> <span class='ocrx_word' id='word_1_166' title='bbox 173 1391 286 1418; x_wconf 86' lang='lat' dir='ltr'>esse:</span> <span class='ocrx_word' id='word_1_167' title='bbox 319 1376 434 1431; x_wconf 84' lang='lat' dir='ltr'>quod</span> <span class='ocrx_word' id='word_1_168' title='bbox 467 1386 559 1416; x_wconf 88' lang='lat' dir='ltr'>tum</span> <span class='ocrx_word' id='word_1_169' title='bbox 591 1375 788 1424; x_wconf 90' lang='lat' dir='ltr'>dicendo,</span> <span class='ocrx_word' id='word_1_170' title='bbox 813 1384 905 1415; x_wconf 90' lang='lat' dir='ltr'>tum</span> <span class='ocrx_word' id='word_1_171' title='bbox 936 1376 1114 1431; x_wconf 77' lang='lat' dir='ltr'>singulis</span> <span class='ocrx_word' id='word_1_172' title='bbox 1147 1377 1410 1432; x_wconf 80' lang='lat' dir='ltr'>appellandis</span> <span class='ocrx_word' id='word_1_173' title='bbox 1445 1393 1510 1418; x_wconf 86' lang='lat' dir='ltr'>ro-</span> 
     </span>
     <span class='ocr_line' id='line_1_23' title="bbox 83 1431 1512 1490; baseline 0.002 -17"><span class='ocrx_word' id='word_1_174' title='bbox 83 1433 320 1488; x_wconf 83' lang='lat' dir='ltr'>gandisque</span> <span class='ocrx_word' id='word_1_175' title='bbox 361 1446 677 1488; x_wconf 78' lang='lat' dir='ltr'>perspexeram.</span> <span class='ocrx_word' id='word_1_176' title='bbox 754 1431 907 1486; x_wconf 87' lang='lat' dir='ltr'>Itaque</span> <span class='ocrx_word' id='word_1_177' title='bbox 949 1447 1046 1473; x_wconf 88' lang='lat' dir='ltr'>cum</span> <span class='ocrx_word' id='word_1_178' title='bbox 1089 1435 1332 1475; x_wconf 68' lang='lat' dir='ltr'>esententia</span> <span class='ocrx_word' id='word_1_179' title='bbox 1375 1435 1512 1490; x_wconf 83' lang='lat' dir='ltr'>prima</span> 
     </span>
     <span class='ocr_line' id='line_1_24' title="bbox 87 1488 1510 1545; baseline 0.001 -15"><span class='ocrx_word' id='word_1_180' title='bbox 87 1490 231 1530; x_wconf 84' lang='lat' dir='ltr'>Bibuli</span> <span class='ocrx_word' id='word_1_181' title='bbox 257 1490 538 1545; x_wconf 79' lang='lat' dir='ltr'>pronunciata</span> <span class='ocrx_word' id='word_1_182' title='bbox 568 1498 692 1539; x_wconf 90' lang='lat' dir='ltr'>esset,</span> <span class='ocrx_word' id='word_1_183' title='bbox 717 1497 764 1529; x_wconf 87' lang='lat' dir='ltr'>ut</span> <span class='ocrx_word' id='word_1_184' title='bbox 794 1498 877 1529; x_wconf 81' lang='lat' dir='ltr'>tres</span> <span class='ocrx_word' id='word_1_185' title='bbox 899 1488 1028 1545; x_wconf 84' lang='lat' dir='ltr'>legati</span> <span class='ocrx_word' id='word_1_186' title='bbox 1061 1503 1201 1545; x_wconf 85' lang='lat' dir='ltr'>regern</span> <span class='ocrx_word' id='word_1_187' title='bbox 1237 1491 1510 1544; x_wconf 86' lang='lat' dir='ltr'>reducerent;</span> 
     </span>
     <span class='ocr_line' id='line_1_25' title="bbox 83 1545 1512 1599; baseline 0.002 -12"><span class='ocrx_word' id='word_1_188' title='bbox 83 1546 269 1588; x_wconf 79' lang='lat' dir='ltr'>secunda</span> <span class='ocrx_word' id='word_1_189' title='bbox 304 1546 541 1596; x_wconf 73' lang='lat' dir='ltr'>Hortensii,</span> <span class='ocrx_word' id='word_1_190' title='bbox 580 1556 628 1586; x_wconf 89' lang='lat' dir='ltr'>ut</span> <span class='ocrx_word' id='word_1_191' title='bbox 660 1554 703 1586; x_wconf 90' lang='lat' dir='ltr'>tu</span> <span class='ocrx_word' id='word_1_192' title='bbox 739 1545 829 1586; x_wconf 84' lang='lat' dir='ltr'>sine</span> <span class='ocrx_word' id='word_1_193' title='bbox 865 1546 1055 1586; x_wconf 78' lang='lat' dir='ltr'>exercitu</span> <span class='ocrx_word' id='word_1_194' title='bbox 1090 1547 1339 1599; x_wconf 82' lang='lat' dir='ltr'>reduceres;</span> <span class='ocrx_word' id='word_1_195' title='bbox 1386 1550 1512 1591; x_wconf 84' lang='lat' dir='ltr'>tertia.</span> 
     </span>
     <span class='ocr_line' id='line_1_26' title="bbox 84 1603 1511 1658; baseline 0.003 -15"><span class='ocrx_word' id='word_1_196' title='bbox 84 1603 287 1653; x_wconf 77' lang='lat' dir='ltr'>Vulcatii,</span> <span class='ocrx_word' id='word_1_197' title='bbox 312 1613 356 1643; x_wconf 88' lang='lat' dir='ltr'>ut</span> <span class='ocrx_word' id='word_1_198' title='bbox 381 1603 611 1658; x_wconf 85' lang='lat' dir='ltr'>Pompeius</span> <span class='ocrx_word' id='word_1_199' title='bbox 633 1603 876 1644; x_wconf 83' lang='lat' dir='ltr'>reduceret:</span> <span class='ocrx_word' id='word_1_200' title='bbox 910 1603 1171 1658; x_wconf 87' lang='lat' dir='ltr'>postulatum</span> <span class='ocrx_word' id='word_1_201' title='bbox 1191 1614 1268 1654; x_wconf 88' lang='lat' dir='ltr'>est,</span> <span class='ocrx_word' id='word_1_202' title='bbox 1291 1616 1337 1645; x_wconf 85' lang='lat' dir='ltr'>ut</span> <span class='ocrx_word' id='word_1_203' title='bbox 1366 1605 1511 1647; x_wconf 88' lang='lat' dir='ltr'>Bibuli</span> 
     </span>
     <span class='ocr_line' id='line_1_27' title="bbox 84 1659 1512 1715; baseline 0.002 -15"><span class='ocrx_word' id='word_1_204' title='bbox 84 1661 296 1701; x_wconf 84' lang='lat' dir='ltr'>sententia</span> <span class='ocrx_word' id='word_1_205' title='bbox 328 1660 601 1700; x_wconf 82' lang='lat' dir='ltr'>divideretur.</span> <span class='ocrx_word' id='word_1_206' title='bbox 663 1659 959 1705; x_wconf 78' lang='lat' dir='ltr'>Quatenus&#39;de</span> <span class='ocrx_word' id='word_1_207' title='bbox 981 1659 1186 1715; x_wconf 72' lang='lat' dir='ltr'>religione</span> <span class='ocrx_word' id='word_1_208' title='bbox 1215 1661 1399 1712; x_wconf 81' lang='lat' dir='ltr'>dicebat,</span> <span class='ocrx_word' id='word_1_209' title='bbox 1422 1663 1512 1703; x_wconf 89' lang='lat' dir='ltr'>cui-</span> 
     </span>
     <span class='ocr_line' id='line_1_28' title="bbox 85 1716 1513 1772; baseline 0.003 -15"><span class='ocrx_word' id='word_1_210' title='bbox 85 1731 168 1772; x_wconf 86' lang='lat' dir='ltr'>que</span> <span class='ocrx_word' id='word_1_211' title='bbox 200 1716 373 1772; x_wconf 37' lang='lat' dir='ltr'>reihjam</span> <span class='ocrx_word' id='word_1_212' title='bbox 407 1717 558 1757; x_wconf 87' lang='lat' dir='ltr'>obsisti</span> <span class='ocrx_word' id='word_1_213' title='bbox 589 1731 674 1757; x_wconf 88' lang='lat' dir='ltr'>non</span> <span class='ocrx_word' id='word_1_214' title='bbox 706 1726 888 1772; x_wconf 76' lang='lat' dir='ltr'>poterat,</span> <span class='ocrx_word' id='word_1_215' title='bbox 913 1716 1069 1757; x_wconf 83' lang='lat' dir='ltr'>Bibulo</span> <span class='ocrx_word' id='word_1_216' title='bbox 1096 1726 1317 1758; x_wconf 82' lang='lat' dir='ltr'>&#39;assensum</span> <span class='ocrx_word' id='word_1_217' title='bbox 1340 1730 1428 1760; x_wconf 88' lang='lat' dir='ltr'>est:</span> <span class='ocrx_word' id='word_1_218' title='bbox 1461 1720 1513 1761; x_wconf 90' lang='lat' dir='ltr'>de</span> 
     </span>
     <span class='ocr_line' id='line_1_29' title="bbox 85 1773 1513 1829; baseline 0.003 -15"><span class='ocrx_word' id='word_1_219' title='bbox 85 1775 222 1814; x_wconf 86' lang='lat' dir='ltr'>tribus</span> <span class='ocrx_word' id='word_1_220' title='bbox 255 1773 421 1829; x_wconf 86' lang='lat' dir='ltr'>legatis,</span> <span class='ocrx_word' id='word_1_221' title='bbox 454 1773 696 1828; x_wconf 88' lang='lat' dir='ltr'>frequentes</span> <span class='ocrx_word' id='word_1_222' title='bbox 730 1774 869 1814; x_wconf 82' lang='lat' dir='ltr'>ierunt</span> <span class='ocrx_word' id='word_1_223' title='bbox 901 1774 944 1813; x_wconf 89' lang='lat' dir='ltr'>in</span> <span class='ocrx_word' id='word_1_224' title='bbox 975 1774 1057 1813; x_wconf 83' lang='lat' dir='ltr'>alia</span> <span class='ocrx_word' id='word_1_225' title='bbox 1086 1774 1244 1814; x_wconf 88' lang='lat' dir='ltr'>omnia.</span> <span class='ocrx_word' id='word_1_226' title='bbox 1307 1775 1513 1818; x_wconf 72' lang='lat' dir='ltr'>Proxima</span> 
     </span>
     <span class='ocr_line' id='line_1_30' title="bbox 84 1830 1512 1888; baseline 0.003 -17"><span class='ocrx_word' id='word_1_227' title='bbox 84 1840 176 1871; x_wconf 79' lang='lat' dir='ltr'>erat</span> <span class='ocrx_word' id='word_1_228' title='bbox 200 1830 421 1871; x_wconf 87' lang='lat' dir='ltr'>Hortensii</span> <span class='ocrx_word' id='word_1_229' title='bbox 454 1831 677 1880; x_wconf 83' lang='lat' dir='ltr'>sententia,</span> <span class='ocrx_word' id='word_1_230' title='bbox 699 1845 797 1871; x_wconf 87' lang='lat' dir='ltr'>cum</span> <span class='ocrx_word' id='word_1_231' title='bbox 824 1830 982 1885; x_wconf 72' lang='lat' dir='ltr'>LupuS,</span> <span class='ocrx_word' id='word_1_232' title='bbox 1005 1830 1199 1871; x_wconf 86' lang='lat' dir='ltr'>tribunus</span> <span class='ocrx_word' id='word_1_233' title='bbox 1225 1831 1374 1886; x_wconf 87' lang='lat' dir='ltr'>plebis,</span> <span class='ocrx_word' id='word_1_234' title='bbox 1396 1834 1512 1888; x_wconf 90' lang='lat' dir='ltr'>quod</span> 
     </span>
     <span class='ocr_line' id='line_1_31' title="bbox 85 1886 1513 1946; baseline 0.002 -18"><span class='ocrx_word' id='word_1_235' title='bbox 85 1887 176 1943; x_wconf 85' lang='lat' dir='ltr'>ipse</span> <span class='ocrx_word' id='word_1_236' title='bbox 198 1888 250 1927; x_wconf 89' lang='lat' dir='ltr'>de</span> <span class='ocrx_word' id='word_1_237' title='bbox 274 1886 482 1942; x_wconf 87' lang='lat' dir='ltr'>Pompeio</span> <span class='ocrx_word' id='word_1_238' title='bbox 506 1888 730 1939; x_wconf 83' lang='lat' dir='ltr'>retulisset,</span> <span class='ocrx_word' id='word_1_239' title='bbox 751 1891 770 1921; x_wconf 88' lang='lat'><strong>9</strong></span> <span class='ocrx_word' id='word_1_240' title='bbox 786 1887 1004 1927; x_wconf 84' lang='lat' dir='ltr'>intendere</span> <span class='ocrx_word' id='word_1_241' title='bbox 1025 1887 1177 1942; x_wconf 76' lang='lat' dir='ltr'>coepit,</span> <span class='ocrx_word' id='word_1_242' title='bbox 1200 1899 1298 1929; x_wconf 83' lang='lat' dir='ltr'>ante</span> <span class='ocrx_word' id='word_1_243' title='bbox 1321 1904 1362 1930; x_wconf 88' lang='lat' dir='ltr'>se</span> <span class='ocrx_word' id='word_1_244' title='bbox 1385 1905 1513 1946; x_wconf 91' lang='lat' dir='ltr'>opor-</span> 
     </span>
     <span class='ocr_line' id='line_1_32' title="bbox 84 1944 1512 2000; baseline 0.002 -15"><span class='ocrx_word' id='word_1_245' title='bbox 84 1953 174 1985; x_wconf 87' lang='lat' dir='ltr'>tere</span> <span class='ocrx_word' id='word_1_246' title='bbox 211 1944 513 1985; x_wconf 82' lang='lat' dir='ltr'>discessionem</span> <span class='ocrx_word' id='word_1_247' title='bbox 555 1944 708 1996; x_wconf 77' lang='lat' dir='ltr'>facere‚</span> <span class='ocrx_word' id='word_1_248' title='bbox 746 1959 874 1998; x_wconf 83' lang='lat' dir='ltr'>quam</span> <span class='ocrx_word' id='word_1_249' title='bbox 915 1944 1124 1984; x_wconf 85' lang='lat' dir='ltr'>consules.</span> <span class='ocrx_word' id='word_1_250' title='bbox 1184 1944 1290 2000; x_wconf 88' lang='lat' dir='ltr'>Ejus</span> <span class='ocrx_word' id='word_1_251' title='bbox 1327 1948 1512 1989; x_wconf 86' lang='lat' dir='ltr'>orationi</span> 
     </span>
     <span class='ocr_line' id='line_1_33' title="bbox 85 2001 1514 2059; baseline 0.002 -17"><span class='ocrx_word' id='word_1_252' title='bbox 85 2001 360 2042; x_wconf 86' lang='lat' dir='ltr'>vehementer</span> <span class='ocrx_word' id='word_1_253' title='bbox 381 2002 434 2041; x_wconf 85' lang='lat' dir='ltr'>ab</span> <span class='ocrx_word' id='word_1_254' title='bbox 464 2002 662 2041; x_wconf 85' lang='lat' dir='ltr'>omnibus</span> <span class='ocrx_word' id='word_1_255' title='bbox 692 2002 965 2041; x_wconf 75' lang='lat' dir='ltr'>reclamatum</span> <span class='ocrx_word' id='word_1_256' title='bbox 994 2010 1072 2041; x_wconf 88' lang='lat' dir='ltr'>est.</span> <span class='ocrx_word' id='word_1_257' title='bbox 1103 2012 1193 2042; x_wconf 84' lang='lat' dir='ltr'>erat</span> <span class='ocrx_word' id='word_1_258' title='bbox 1223 2003 1333 2043; x_wconf 87' lang='lat' dir='ltr'>enim</span> <span class='ocrx_word' id='word_1_259' title='bbox 1367 2004 1514 2059; x_wconf 83' lang='lat' dir='ltr'>iniqua</span> 
     </span>
     <span class='ocr_line' id='line_1_34' title="bbox 86 2057 1514 2117; baseline 0.003 -19"><span class='ocrx_word' id='word_1_260' title='bbox 86 2068 129 2099; x_wconf 89' lang='lat' dir='ltr'>et</span> <span class='ocrx_word' id='word_1_261' title='bbox 160 2073 284 2099; x_wconf 80' lang='lat' dir='ltr'>nova.</span> <span class='ocrx_word' id='word_1_262' title='bbox 344 2057 551 2098; x_wconf 78' lang='lat' dir='ltr'>Consules</span> <span class='ocrx_word' id='word_1_263' title='bbox 584 2072 720 2113; x_wconf 89' lang='lat' dir='ltr'>neque</span> <span class='ocrx_word' id='word_1_264' title='bbox 749 2058 1055 2107; x_wconf 85' lang='lat' dir='ltr'>concedebant,</span> <span class='ocrx_word' id='word_1_265' title='bbox 1079 2072 1215 2113; x_wconf 85' lang='lat' dir='ltr'>neque</span> <span class='ocrx_word' id='word_1_266' title='bbox 1247 2059 1366 2101; x_wconf 84' lang='lat' dir='ltr'>valde</span> <span class='ocrx_word' id='word_1_267' title='bbox 1390 2076 1514 2117; x_wconf 86' lang='lat' dir='ltr'>repu-</span> 
     </span>
     <span class='ocr_line' id='line_1_35' title="bbox 88 2115 1513 2170; baseline 0.002 -14"><span class='ocrx_word' id='word_1_268' title='bbox 88 2117 296 2170; x_wconf 80' lang='lat' dir='ltr'>gnabant.</span> <span class='ocrx_word' id='word_1_269' title='bbox 319 2115 431 2155; x_wconf 87' lang='lat' dir='ltr'>diem</span> <span class='ocrx_word' id='word_1_270' title='bbox 454 2115 646 2157; x_wconf 83' lang='lat' dir='ltr'>consumi</span> <span class='ocrx_word' id='word_1_271' title='bbox 672 2115 895 2156; x_wconf 82' lang='lat' dir='ltr'>volebant:</span> <span class='ocrx_word' id='word_1_272' title='bbox 922 2116 961 2155; x_wconf 83' lang='lat' dir='ltr'>id</span> <span class='ocrx_word' id='word_1_273' title='bbox 986 2115 1097 2169; x_wconf 89' lang='lat' dir='ltr'>quod</span> <span class='ocrx_word' id='word_1_274' title='bbox 1119 2116 1376 2159; x_wconf 76' lang='lat' dir='ltr'>estfactum.</span> <span class='ocrx_word' id='word_1_275' title='bbox 1412 2119 1513 2159; x_wconf 81' lang='lat' dir='ltr'>Per-</span> 
     </span>
     <span class='ocr_line' id='line_1_36' title="bbox 87 2171 1554 2229; baseline 0.003 -17"><span class='ocrx_word' id='word_1_276' title='bbox 87 2173 327 2228; x_wconf 82' lang='lat' dir='ltr'>spiciebant</span> <span class='ocrx_word' id='word_1_277' title='bbox 358 2171 488 2222; x_wconf 88' lang='lat' dir='ltr'>enim,</span> <span class='ocrx_word' id='word_1_278' title='bbox 517 2172 560 2212; x_wconf 91' lang='lat' dir='ltr'>in</span> <span class='ocrx_word' id='word_1_279' title='bbox 595 2171 817 2213; x_wconf 85' lang='lat' dir='ltr'>Hortensii</span> <span class='ocrx_word' id='word_1_280' title='bbox 852 2173 1103 2212; x_wconf 77' lang='lat' dir='ltr'>sententiam</span> <span class='ocrx_word' id='word_1_281' title='bbox 1145 2172 1286 2213; x_wconf 80' lang='lat' dir='ltr'>multis</span> <span class='ocrx_word' id='word_1_282' title='bbox 1320 2175 1554 2229; x_wconf 57' lang='lat' dir='ltr'>partibusb,</span> 
     </span>
     <span class='ocr_line' id='line_1_37' title="bbox 87 2228 1512 2288; baseline 0.003 -19"><span class='ocrx_word' id='word_1_283' title='bbox 87 2231 229 2288; x_wconf 84' lang='lat' dir='ltr'>plures</span> <span class='ocrx_word' id='word_1_284' title='bbox 271 2230 430 2269; x_wconf 83' lang='lat' dir='ltr'>ituros:</span> <span class='ocrx_word' id='word_1_285' title='bbox 482 2243 740 2284; x_wconf 85' lang='lat' dir='ltr'>quamquam</span> <span class='ocrx_word' id='word_1_286' title='bbox 778 2239 922 2283; x_wconf 85' lang='lat' dir='ltr'>aperte</span> <span class='ocrx_word' id='word_1_287' title='bbox 957 2228 1151 2269; x_wconf 76' lang='lat' dir='ltr'>Volcatio</span> <span class='ocrx_word' id='word_1_288' title='bbox 1193 2232 1512 2274; x_wconf 77' lang='lat' dir='ltr'>assentirentur.</span> 
     </span>
     <span class='ocr_line' id='line_1_38' title="bbox 89 2285 1514 2341; baseline 0.004 -16"><span class='ocrx_word' id='word_1_289' title='bbox 89 2285 223 2327; x_wconf 85' lang='lat' dir='ltr'>Multi</span> <span class='ocrx_word' id='word_1_290' title='bbox 261 2286 535 2341; x_wconf 81' lang='lat' dir='ltr'>rogabantur,</span> <span class='ocrx_word' id='word_1_291' title='bbox 558 2296 684 2340; x_wconf 84' lang='lat' dir='ltr'>atque</span> <span class='ocrx_word' id='word_1_292' title='bbox 708 2285 749 2324; x_wconf 84' lang='lat' dir='ltr'>id</span> <span class='ocrx_word' id='word_1_293' title='bbox 783 2285 922 2340; x_wconf 80' lang='lat' dir='ltr'>ipsum</span> <span class='ocrx_word' id='word_1_294' title='bbox 953 2286 1200 2325; x_wconf 86' lang='lat' dir='ltr'>consulibus</span> <span class='ocrx_word' id='word_1_295' title='bbox 1223 2286 1382 2329; x_wconf 78' lang='lat' dir='ltr'>invitis.</span> <span class='ocrx_word' id='word_1_296' title='bbox 1415 2303 1514 2330; x_wconf 84' lang='lat' dir='ltr'>nam</span> 
     </span>
     <span class='ocr_line' id='line_1_39' title="bbox 86 2341 1519 2397; baseline 0.002 -14"><span class='ocrx_word' id='word_1_297' title='bbox 86 2342 117 2383; x_wconf 92' lang='lat' dir='ltr'>ii</span> <span class='ocrx_word' id='word_1_298' title='bbox 140 2346 176 2373; x_wconf 83' lang='lat'>¹⁰</span> <span class='ocrx_word' id='word_1_299' title='bbox 195 2342 335 2382; x_wconf 81' lang='lat' dir='ltr'>Bibuli</span> <span class='ocrx_word' id='word_1_300' title='bbox 367 2343 618 2382; x_wconf 82' lang='lat' dir='ltr'>sententiam</span> <span class='ocrx_word' id='word_1_301' title='bbox 640 2341 777 2382; x_wconf 78' lang='lat' dir='ltr'>valere</span> <span class='ocrx_word' id='word_1_302' title='bbox 797 2343 1038 2397; x_wconf 85' lang='lat' dir='ltr'>cupierunt.</span> <span class='ocrx_word' id='word_1_303' title='bbox 1101 2342 1197 2383; x_wconf 84' lang='lat' dir='ltr'>Hac</span> <span class='ocrx_word' id='word_1_304' title='bbox 1226 2347 1519 2386; x_wconf 85' lang='lat' dir='ltr'>controversia</span> 
     </span>
     <span class='ocr_line' id='line_1_40' title="bbox 86 2399 1518 2455; baseline 0.002 -15"><span class='ocrx_word' id='word_1_305' title='bbox 86 2414 221 2455; x_wconf 87' lang='lat' dir='ltr'>usque</span> <span class='ocrx_word' id='word_1_306' title='bbox 239 2399 290 2439; x_wconf 89' lang='lat' dir='ltr'>ad</span> <span class='ocrx_word' id='word_1_307' title='bbox 315 2408 481 2439; x_wconf 85' lang='lat' dir='ltr'>noctem</span> <span class='ocrx_word' id='word_1_308' title='bbox 502 2399 645 2448; x_wconf 78' lang='lat' dir='ltr'>ducta,</span> <span class='ocrx_word' id='word_1_309' title='bbox 667 2408 835 2438; x_wconf 87' lang='lat' dir='ltr'>senatus</span> <span class='ocrx_word' id='word_1_310' title='bbox 857 2399 1076 2440; x_wconf 83' lang='lat' dir='ltr'>dimissus:</span> <span class='ocrx_word' id='word_1_311' title='bbox 1100 2410 1142 2439; x_wconf 88' lang='lat' dir='ltr'>et</span> <span class='ocrx_word' id='word_1_312' title='bbox 1159 2414 1238 2455; x_wconf 79' lang='lat' dir='ltr'>ego</span> <span class='ocrx_word' id='word_1_313' title='bbox 1261 2415 1311 2441; x_wconf 91' lang='lat' dir='ltr'>eo</span> <span class='ocrx_word' id='word_1_314' title='bbox 1328 2402 1396 2442; x_wconf 90' lang='lat' dir='ltr'>die</span> <span class='ocrx_word' id='word_1_315' title='bbox 1418 2417 1518 2444; x_wconf 86' lang='lat' dir='ltr'>casu</span> 
     </span>
     <span class='ocr_line' id='line_1_41' title="bbox 88 2456 1518 2514; baseline 0.001 -16"><span class='ocrx_word' id='word_1_316' title='bbox 88 2458 202 2514; x_wconf 85' lang='lat' dir='ltr'>apud</span> <span class='ocrx_word' id='word_1_317' title='bbox 227 2456 482 2512; x_wconf 85' lang='lat' dir='ltr'>Pompeium</span> <span class='ocrx_word' id='word_1_318' title='bbox 506 2456 692 2506; x_wconf 76' lang='lat' dir='ltr'>coenavi,</span> <span class='ocrx_word' id='word_1_319' title='bbox 714 2460 947 2510; x_wconf 78' lang='lat' dir='ltr'>nactusque</span> <span class='ocrx_word' id='word_1_320' title='bbox 971 2467 1138 2512; x_wconf 85' lang='lat' dir='ltr'>tempus</span> <span class='ocrx_word' id='word_1_321' title='bbox 1162 2456 1244 2498; x_wconf 90' lang='lat' dir='ltr'>hoc</span> <span class='ocrx_word' id='word_1_322' title='bbox 1268 2460 1403 2514; x_wconf 83' lang='lat' dir='ltr'>magis</span> <span class='ocrx_word' id='word_1_323' title='bbox 1426 2460 1518 2500; x_wconf 90' lang='lat' dir='ltr'>ido-</span> 
     </span>
    </p>
   </div>
   <div class='ocr_carea' id='block_1_8' title="bbox 81 2594 1519 2850">
    <p class='ocr_par' dir='ltr' id='par_1_9' title="bbox 81 2594 1519 2806">
     <span class='ocr_line' id='line_1_42' title="bbox 130 2594 1518 2636; baseline 0 -8"><span class='ocrx_word' id='word_1_324' title='bbox 130 2599 149 2628; x_wconf 85' lang='grc'>8</span> <span class='ocrx_word' id='word_1_325' title='bbox 184 2597 343 2626; x_wconf 77' lang='lat' dir='ltr'>sententia.</span> <span class='ocrx_word' id='word_1_326' title='bbox 371 2597 485 2635; x_wconf 78' lang='lat' dir='ltr'>prima</span> <span class='ocrx_word' id='word_1_327' title='bbox 523 2595 638 2627; x_wconf 80' lang='lat' dir='ltr'>Bibuli</span> <span class='ocrx_word' id='word_1_328' title='bbox 667 2594 778 2634; x_wconf 68' lang='lat' dir='ltr'>prom]</span> <span class='ocrx_word' id='word_1_329' title='bbox 823 2595 984 2634; x_wconf 82' lang='lat' dir='ltr'>quomodo</span> <span class='ocrx_word' id='word_1_330' title='bbox 999 2596 1033 2625; x_wconf 82' lang='lat' dir='ltr'>in</span> <span class='ocrx_word' id='word_1_331' title='bbox 1047 2595 1108 2626; x_wconf 83' lang='lat' dir='ltr'>hac</span> <span class='ocrx_word' id='word_1_332' title='bbox 1125 2596 1228 2626; x_wconf 79' lang='lat' dir='ltr'>forma</span> <span class='ocrx_word' id='word_1_333' title='bbox 1243 2596 1303 2626; x_wconf 78' lang='lat' dir='ltr'>dici</span> <span class='ocrx_word' id='word_1_334' title='bbox 1322 2607 1386 2626; x_wconf 92' lang='lat' dir='ltr'>non</span> <span class='ocrx_word' id='word_1_335' title='bbox 1403 2598 1518 2636; x_wconf 83' lang='lat' dir='ltr'>reperi.</span> 
     </span>
     <span class='ocr_line' id='line_1_43' title="bbox 90 2638 1519 2679; baseline 0.001 -11"><span class='ocrx_word' id='word_1_336' title='bbox 90 2638 178 2679; x_wconf 69' lang='lat' dir='ltr'>Quid</span> <span class='ocrx_word' id='word_1_337' title='bbox 191 2641 232 2668; x_wconf 78' lang='lat' dir='ltr'>sit</span> <span class='ocrx_word' id='word_1_338' title='bbox 245 2640 465 2678; x_wconf 78' lang='lat' dir='ltr'>pronunciare</span> <span class='ocrx_word' id='word_1_339' title='bbox 478 2643 558 2669; x_wconf 79' lang='lat' dir='ltr'>sent.</span> <span class='ocrx_word' id='word_1_340' title='bbox 575 2648 605 2667; x_wconf 82' lang='lat' dir='ltr'>v.</span> <span class='ocrx_word' id='word_1_341' title='bbox 622 2638 654 2667; x_wconf 87' lang='lat' dir='ltr'>in</span> <span class='ocrx_word' id='word_1_342' title='bbox 671 2639 782 2668; x_wconf 70' lang='lat' dir='ltr'>clave.</span> <span class='ocrx_word' id='word_1_343' title='bbox 823 2642 900 2667; x_wconf 72' lang='lat' dir='ltr'>onte</span> <span class='ocrx_word' id='word_1_344' title='bbox 910 2648 942 2667; x_wconf 82' lang='lat' dir='ltr'>se</span> <span class='ocrx_word' id='word_1_345' title='bbox 963 2643 1104 2678; x_wconf 55' lang='lat' dir='ltr'>‹quos-tere</span> <span class='ocrx_word' id='word_1_346' title='bbox 1118 2639 1331 2668; x_wconf 44' lang='lat' dir='ltr'>discessionem</span> <span class='ocrx_word' id='word_1_347' title='bbox 1343 2639 1473 2678; x_wconf 73' lang='lat' dir='ltr'>scrcere.</span> <span class='ocrx_word' id='word_1_348' title='bbox 1487 2649 1519 2672; x_wconf 84' lang='lat' dir='ltr'>v.</span> 
     </span>
     <span class='ocr_line' id='line_1_44' title="bbox 81 2679 1153 2722; baseline 0 -12"><span class='ocrx_word' id='word_1_349' title='bbox 81 2682 231 2722; x_wconf 79' lang='lat' dir='ltr'>primam</span> <span class='ocrx_word' id='word_1_350' title='bbox 252 2690 470 2720; x_wconf 70' lang='lat' dir='ltr'>pronunciare</span> <span class='ocrx_word' id='word_1_351' title='bbox 487 2686 536 2710; x_wconf 82' lang='lat' dir='ltr'>est</span> <span class='ocrx_word' id='word_1_352' title='bbox 558 2689 658 2719; x_wconf 81' lang='lat' dir='ltr'>genus</span> <span class='ocrx_word' id='word_1_353' title='bbox 681 2679 783 2709; x_wconf 76' lang='lat' dir='ltr'>hono-</span> <span class='ocrx_word' id='word_1_354' title='bbox 826 2681 932 2711; x_wconf 72' lang='lat' dir='ltr'>Cla-:is</span> <span class='ocrx_word' id='word_1_355' title='bbox 952 2681 981 2709; x_wconf 69' lang='grc' dir='ltr'>ῑη</span> <span class='ocrx_word' id='word_1_356' title='bbox 997 2681 1153 2710; x_wconf 65' lang='lat' dir='ltr'>discessio.</span> 
     </span>
     <span class='ocr_line' id='line_1_45' title="bbox 85 2721 1519 2761; baseline 0 -8"><span class='ocrx_word' id='word_1_357' title='bbox 85 2724 132 2756; x_wconf 66' lang='lat' dir='ltr'>ris</span> <span class='ocrx_word' id='word_1_358' title='bbox 147 2722 303 2761; x_wconf 80' lang='lat' dir='ltr'>habendi;</span> <span class='ocrx_word' id='word_1_359' title='bbox 319 2723 568 2758; x_wconf 82' lang='lat' dir='ltr'>indicium,ea1n</span> <span class='ocrx_word' id='word_1_360' title='bbox 585 2722 782 2751; x_wconf 75' lang='lat' dir='ltr'>sententiam</span> <span class='ocrx_word' id='word_1_361' title='bbox 873 2724 907 2750; x_wconf 82' lang='lat'>10</span> <span class='ocrx_word' id='word_1_362' title='bbox 931 2722 974 2753; x_wconf 90' lang='lat' dir='ltr'>B.</span> <span class='ocrx_word' id='word_1_363' title='bbox 998 2734 1022 2751; x_wconf 71' lang='lat' dir='ltr'>s.</span> <span class='ocrx_word' id='word_1_364' title='bbox 1049 2723 1155 2752; x_wconf 59' lang='lat' dir='ltr'>valere</span> <span class='ocrx_word' id='word_1_365' title='bbox 1177 2721 1361 2760; x_wconf 73' lang='lat' dir='ltr'>cupierunt]</span> <span class='ocrx_word' id='word_1_366' title='bbox 1396 2722 1519 2753; x_wconf 75' lang='lat' dir='ltr'>Praeee-</span> 
     </span>
     <span class='ocr_line' id='line_1_46' title="bbox 91 2763 1508 2806; baseline -0.001 -10"><span class='ocrx_word' id='word_1_367' title='bbox 91 2766 226 2797; x_wconf 76' lang='lat' dir='ltr'>consuli</span> <span class='ocrx_word' id='word_1_368' title='bbox 244 2772 361 2806; x_wconf 68' lang='lat' dir='ltr'>praeter</span> <span class='ocrx_word' id='word_1_369' title='bbox 376 2771 498 2795; x_wconf 80' lang='lat' dir='ltr'>ceteras</span> <span class='ocrx_word' id='word_1_370' title='bbox 514 2764 654 2803; x_wconf 86' lang='lat' dir='ltr'>probari.</span> <span class='ocrx_word' id='word_1_371' title='bbox 825 2763 874 2794; x_wconf 76' lang='lat' dir='ltr'>dit</span> <span class='ocrx_word' id='word_1_372' title='bbox 888 2763 1112 2804; x_wconf 71' lang='lat' dir='ltr'>rogabantur.·</span> <span class='ocrx_word' id='word_1_373' title='bbox 1136 2773 1203 2794; x_wconf 81' lang='lat' dir='ltr'>esse</span> <span class='ocrx_word' id='word_1_374' title='bbox 1219 2763 1312 2796; x_wconf 82' lang='lat' dir='ltr'>debet</span> <span class='ocrx_word' id='word_1_375' title='bbox 1327 2765 1508 2804; x_wconf 75' lang='lat' dir='ltr'>cupiebant.</span> 
     </span>
    </p>

    <p class='ocr_par' dir='ltr' id='par_1_10' title="bbox 130 2805 780 2850">
     <span class='ocr_line' id='line_1_47' title="bbox 130 2805 780 2850; baseline -0.003 -12"><span class='ocrx_word' id='word_1_376' title='bbox 130 2813 151 2847; x_wconf 84' lang='lat'><em>9</em></span> <span class='ocrx_word' id='word_1_377' title='bbox 172 2809 335 2840; x_wconf 78' lang='lat' dir='ltr'>intendere</span> <span class='ocrx_word' id='word_1_378' title='bbox 347 2807 455 2850; x_wconf 66' lang='lat' dir='ltr'>carpit]</span> <span class='ocrx_word' id='word_1_379' title='bbox 477 2807 540 2838; x_wconf 85' lang='lat' dir='ltr'>Pro</span> <span class='ocrx_word' id='word_1_380' title='bbox 562 2805 780 2845; x_wconf 82' lang='lat' dir='ltr'>contendere3</span> 
     </span>
    </p>
   </div>
  </div>
 </body>
</html>
