<?xml version="1.0" encoding="UTF-8"?>
<!DOCTYPE html PUBLIC "-//W3C//DTD XHTML 1.0 Transitional//EN"
    "http://www.w3.org/TR/xhtml1/DTD/xhtml1-transitional.dtd">
<html xmlns="http://www.w3.org/1999/xhtml" xml:lang="en" lang="en">
 <head>
  <title>
</title>
<meta http-equiv="Content-Type" content="text/html;charset=utf-8" />
  <meta name='ocr-system' content='tesseract 3.04.00' />
  <meta name='ocr-capabilities' content='ocr_page ocr_carea ocr_par ocr_line ocrx_word'/>
</head>
<body>
  <div class='ocr_page' id='page_1' title='image "./p1operaomnia03ciceuoft_0374.png"; bbox 0 0 1865 3223; ppageno 0'>
   <div class='ocr_carea' id='block_1_1' title="bbox 307 103 1509 162">
    <p class='ocr_par' dir='ltr' id='par_1_1' title="bbox 307 103 1509 162">
     <span class='ocr_line' id='line_1_1' title="bbox 307 103 1509 162; baseline 0 -16"><span class='ocrx_word' id='word_1_1' title='bbox 307 112 384 146; x_wconf 79' lang='lat'>360</span> <span class='ocrx_word' id='word_1_2' title='bbox 552 104 729 142; x_wconf 89' lang='lat' dir='ltr'>EPIST.</span> <span class='ocrx_word' id='word_1_3' title='bbox 759 104 944 142; x_wconf 87' lang='lat' dir='ltr'>LIBER</span> <span class='ocrx_word' id='word_1_4' title='bbox 970 103 1509 162; x_wconf 73' lang='lat' dir='ltr'>TERTIUSDECIMUS</span> 
     </span>
    </p>
   </div>
   <div class='ocr_carea' id='block_1_2' title="bbox 306 208 1742 550">
    <p class='ocr_par' dir='ltr' id='par_1_2' title="bbox 306 208 1742 550">
     <span class='ocr_line' id='line_1_2' title="bbox 306 208 1740 265; baseline 0.001 -14"><span class='ocrx_word' id='word_1_5' title='bbox 306 210 530 252; x_wconf 82' lang='lat' dir='ltr'>mendatus</span> <span class='ocrx_word' id='word_1_6' title='bbox 564 210 631 250; x_wconf 88' lang='lat' dir='ltr'>sit.</span> <span class='ocrx_word' id='word_1_7' title='bbox 694 208 860 249; x_wconf 82' lang='lat' dir='ltr'>Etenim</span> <span class='ocrx_word' id='word_1_8' title='bbox 900 223 953 248; x_wconf 81' lang='lat' dir='ltr'>ex</span> <span class='ocrx_word' id='word_1_9' title='bbox 989 208 1135 249; x_wconf 85' lang='lat' dir='ltr'>multis</span> <span class='ocrx_word' id='word_1_10' title='bbox 1175 224 1408 265; x_wconf 86' lang='lat' dir='ltr'>cognosco,</span> <span class='ocrx_word' id='word_1_11' title='bbox 1441 225 1579 252; x_wconf 86' lang='lat' dir='ltr'>meam</span> <span class='ocrx_word' id='word_1_12' title='bbox 1622 224 1740 253; x_wconf 85' lang='lat' dir='ltr'>eom-</span> 
     </span>
     <span class='ocr_line' id='line_1_3' title="bbox 309 265 1741 324; baseline 0.001 -16"><span class='ocrx_word' id='word_1_13' title='bbox 309 267 624 309; x_wconf 86' lang='lat' dir='ltr'>mendationem</span> <span class='ocrx_word' id='word_1_14' title='bbox 652 267 879 322; x_wconf 73' lang='lat' dir='ltr'>plurimum</span> <span class='ocrx_word' id='word_1_15' title='bbox 913 265 1024 321; x_wconf 59' lang='grc' dir='ltr'>πρωὶ</span> <span class='ocrx_word' id='word_1_16' title='bbox 1048 276 1089 306; x_wconf 86' lang='lat' dir='ltr'>te</span> <span class='ocrx_word' id='word_1_17' title='bbox 1113 266 1265 307; x_wconf 73' lang='lat' dir='ltr'>valere.</span> <span class='ocrx_word' id='word_1_18' title='bbox 1326 266 1458 307; x_wconf 89' lang='lat' dir='ltr'>Hunc</span> <span class='ocrx_word' id='word_1_19' title='bbox 1490 283 1572 324; x_wconf 87' lang='lat' dir='ltr'>ego</span> <span class='ocrx_word' id='word_1_20' title='bbox 1595 283 1620 309; x_wconf 83' lang='lat' dir='ltr'>a</span> <span class='ocrx_word' id='word_1_21' title='bbox 1644 268 1741 309; x_wconf 90' lang='lat' dir='ltr'>Cae-</span> 
     </span>
     <span class='ocr_line' id='line_1_4' title="bbox 309 322 1742 380; baseline 0 -16"><span class='ocrx_word' id='word_1_22' title='bbox 309 339 399 365; x_wconf 86' lang='lat' dir='ltr'>sare</span> <span class='ocrx_word' id='word_1_23' title='bbox 425 324 615 365; x_wconf 73' lang='lat' dir='ltr'>liber-ivi.</span> <span class='ocrx_word' id='word_1_24' title='bbox 676 323 889 377; x_wconf 80' lang='lat' dir='ltr'>F1·‹quens</span> <span class='ocrx_word' id='word_1_25' title='bbox 915 337 1028 362; x_wconf 74' lang='lat' dir='ltr'>enini</span> <span class='ocrx_word' id='word_1_26' title='bbox 1064 322 1202 364; x_wconf 83' lang='lat' dir='ltr'>f·ue1at</span> <span class='ocrx_word' id='word_1_27' title='bbox 1236 324 1486 364; x_wconf 81' lang='lat' dir='ltr'>nobiscum:</span> <span class='ocrx_word' id='word_1_28' title='bbox 1521 335 1650 380; x_wconf 84' lang='lat' dir='ltr'>atque</span> <span class='ocrx_word' id='word_1_29' title='bbox 1678 335 1742 366; x_wconf 87' lang='lat' dir='ltr'>et·-</span> 
     </span>
     <span class='ocr_line' id='line_1_5' title="bbox 308 381 1742 437; baseline 0.001 -16"><span class='ocrx_word' id='word_1_30' title='bbox 308 382 394 421; x_wconf 81' lang='lat' dir='ltr'>iam</span> <span class='ocrx_word' id='word_1_31' title='bbox 415 381 575 421; x_wconf 86' lang='lat' dir='ltr'>diutius</span> <span class='ocrx_word' id='word_1_32' title='bbox 607 381 648 420; x_wconf 90' lang='lat' dir='ltr'>in</span> <span class='ocrx_word' id='word_1_33' title='bbox 674 394 801 420; x_wconf 76' lang='lat' dir='ltr'>causa</span> <span class='ocrx_word' id='word_1_34' title='bbox 821 389 900 429; x_wconf 86' lang='lat' dir='ltr'>est,</span> <span class='ocrx_word' id='word_1_35' title='bbox 922 394 1049 433; x_wconf 84' lang='lat' dir='ltr'>quam</span> <span class='ocrx_word' id='word_1_36' title='bbox 1084 394 1174 429; x_wconf 86' lang='lat' dir='ltr'>nos,</span> <span class='ocrx_word' id='word_1_37' title='bbox 1198 390 1511 422; x_wconf 79' lang='lat' dir='ltr'>commoratus:</span> <span class='ocrx_word' id='word_1_38' title='bbox 1544 397 1629 437; x_wconf 89' lang='lat' dir='ltr'>quo</span> <span class='ocrx_word' id='word_1_39' title='bbox 1654 395 1742 422; x_wconf 91' lang='lat' dir='ltr'>me·</span> 
     </span>
     <span class='ocr_line' id='line_1_6' title="bbox 310 411 1740 492; baseline 0.001 -14"><span class='ocrx_word' id='word_1_40' title='bbox 310 438 391 478; x_wconf 86' lang='lat' dir='ltr'>lius</span> <span class='ocrx_word' id='word_1_41' title='bbox 417 450 457 478; x_wconf 89' lang='lat' dir='ltr'>te</span> <span class='ocrx_word' id='word_1_42' title='bbox 487 439 538 478; x_wconf 87' lang='lat' dir='ltr'>de</span> <span class='ocrx_word' id='word_1_43' title='bbox 561 452 611 477; x_wconf 91' lang='lat' dir='ltr'>eo</span> <span class='ocrx_word' id='word_1_44' title='bbox 633 411 978 476; x_wconf 77' lang='lat' dir='ltr'>existimaturum</span> <span class='ocrx_word' id='word_1_45' title='bbox 1011 437 1207 476; x_wconf 79' lang='lat' dir='ltr'>arbitrm.</span> <span class='ocrx_word' id='word_1_46' title='bbox 1270 438 1353 479; x_wconf 85' lang='lat' dir='ltr'>Fac</span> <span class='ocrx_word' id='word_1_47' title='bbox 1378 438 1522 492; x_wconf 83' lang='lat' dir='ltr'>igitur,</span> <span class='ocrx_word' id='word_1_48' title='bbox 1547 453 1602 479; x_wconf 81' lang='lat' dir='ltr'>mi</span> <span class='ocrx_word' id='word_1_49' title='bbox 1628 438 1740 488; x_wconf 82' lang='lat' dir='ltr'>Rex,</span> 
     </span>
     <span class='ocr_line' id='line_1_7' title="bbox 313 491 1493 550; baseline -0.001 -14"><span class='ocrx_word' id='word_1_50' title='bbox 313 505 362 536; x_wconf 90' lang='lat' dir='ltr'>ut</span> <span class='ocrx_word' id='word_1_51' title='bbox 384 494 609 550; x_wconf 83' lang='lat' dir='ltr'>intelligat,</span> <span class='ocrx_word' id='word_1_52' title='bbox 633 493 706 534; x_wconf 85' lang='lat' dir='ltr'>has</span> <span class='ocrx_word' id='word_1_53' title='bbox 730 491 810 532; x_wconf 86' lang='lat' dir='ltr'>sibi</span> <span class='ocrx_word' id='word_1_54' title='bbox 834 491 994 531; x_wconf 78' lang='lat' dir='ltr'>litteras</span> <span class='ocrx_word' id='word_1_55' title='bbox 1019 491 1247 546; x_wconf 86' lang='lat' dir='ltr'>plurimum</span> <span class='ocrx_word' id='word_1_56' title='bbox 1271 495 1493 550; x_wconf 81' lang='lat' dir='ltr'>profuisse.</span> 
     </span>
    </p>
   </div>
   <div class='ocr_carea' id='block_1_3' title="bbox 250 578 1743 812">
    <p class='ocr_par' dir='ltr' id='par_1_3' title="bbox 250 578 1743 806">
     <span class='ocr_line' id='line_1_8' title="bbox 250 578 1231 630; baseline 0.006 -19"><span class='ocrx_word' id='word_1_57' title='bbox 250 593 303 630; x_wconf 83' lang='lat'>53</span> <span class='ocrx_word' id='word_1_58' title='bbox 829 578 1231 617; x_wconf 68' lang='lat' dir='ltr'>ARGUMENTUM.</span> 
     </span>
     <span class='ocr_line' id='line_1_9' title="bbox 318 643 1743 730; baseline -0.001 -47"><span class='ocrx_word' id='word_1_59' title='bbox 318 647 470 683; x_wconf 80' lang='lat' dir='ltr'>Curvum</span> <span class='ocrx_word' id='word_1_60' title='bbox 497 647 534 679; x_wconf 78' lang='lat' dir='ltr'>in</span> <span class='ocrx_word' id='word_1_61' title='bbox 558 644 718 679; x_wconf 80' lang='lat' dir='ltr'>omnibus</span> <span class='ocrx_word' id='word_1_62' title='bbox 746 643 858 684; x_wconf 62' lang='lat' dir='ltr'>rebem,</span> <span class='ocrx_word' id='word_1_63' title='bbox 885 643 1137 730; x_wconf 44' lang='grc' dir='ltr'>ρναὶφεῃὶζηιιέαιὶη</span> <span class='ocrx_word' id='word_1_64' title='bbox 1168 644 1425 693; x_wconf 50' lang='lat' dir='ltr'>Hellespontus</span> <span class='ocrx_word' id='word_1_65' title='bbox 1452 648 1618 694; x_wconf 74' lang='lat' dir='ltr'>negotiis,</span> <span class='ocrx_word' id='word_1_66' title='bbox 1650 657 1743 682; x_wconf 87' lang='lat' dir='ltr'>com-</span> 
     </span>
     <span class='ocr_line' id='line_1_10' title="bbox 270 759 1463 812; baseline -0.003 -6"><span class='ocrx_word' id='word_1_67' title='bbox 270 777 302 806; x_wconf 81' lang='lat' dir='ltr'>b.</span> <span class='ocrx_word' id='word_1_68' title='bbox 599 759 832 803; x_wconf 86' lang='lat' dir='ltr'>CICERO</span> <span class='ocrx_word' id='word_1_69' title='bbox 854 759 1141 812; x_wconf 85' lang='lat' dir='ltr'>THERMO,</span> <span class='ocrx_word' id='word_1_70' title='bbox 1172 761 1395 803; x_wconf 85' lang='lat' dir='ltr'>PROPR.</span> <span class='ocrx_word' id='word_1_71' title='bbox 1420 762 1463 803; x_wconf 91' lang='lat' dir='ltr'>S.</span> 
     </span>
    </p>
   </div>
   <div class='ocr_carea' id='block_1_4' title="bbox 317 819 1745 892">
    <p class='ocr_par' dir='ltr' id='par_1_4' title="bbox 317 819 1745 892">
     <span class='ocr_line' id='line_1_11' title="bbox 317 819 1745 892; baseline -0.001 -20"><span class='ocrx_word' id='word_1_72' title='bbox 317 819 382 872; x_wconf 81' lang='lat' dir='ltr'>L.</span> <span class='ocrx_word' id='word_1_73' title='bbox 408 827 756 872; x_wconf 86' lang='lat' dir='ltr'>GENUCILIO</span> <span class='ocrx_word' id='word_1_74' title='bbox 796 826 941 868; x_wconf 83' lang='lat' dir='ltr'>Curvo</span> <span class='ocrx_word' id='word_1_75' title='bbox 968 827 1228 892; x_wconf 77' lang='lat' dir='ltr'>jampridem</span> <span class='ocrx_word' id='word_1_76' title='bbox 1270 838 1366 870; x_wconf 74' lang='lat' dir='ltr'>utot</span> <span class='ocrx_word' id='word_1_77' title='bbox 1403 828 1745 881; x_wconf 79' lang='lat' dir='ltr'>familiaiissime,</span> 
     </span>
    </p>
   </div>
   <div class='ocr_carea' id='block_1_5' title="bbox 311 884 1750 1738">
    <p class='ocr_par' dir='ltr' id='par_1_5' title="bbox 311 884 1750 1738">
     <span class='ocr_line' id='line_1_12' title="bbox 314 884 1746 942; baseline -0.001 -13"><span class='ocrx_word' id='word_1_78' title='bbox 314 888 480 942; x_wconf 87' lang='lat' dir='ltr'>optimo</span> <span class='ocrx_word' id='word_1_79' title='bbox 507 886 612 935; x_wconf 71' lang='lat' dir='ltr'>viro,</span> <span class='ocrx_word' id='word_1_80' title='bbox 634 895 676 925; x_wconf 80' lang='lat' dir='ltr'>et</span> <span class='ocrx_word' id='word_1_81' title='bbox 701 884 874 924; x_wconf 87' lang='lat' dir='ltr'>homine</span> <span class='ocrx_word' id='word_1_82' title='bbox 896 886 1155 939; x_wconf 76' lang='lat' dir='ltr'>gratissimo.</span> <span class='ocrx_word' id='word_1_83' title='bbox 1200 885 1308 927; x_wconf 84' lang='lat' dir='ltr'>Eum</span> <span class='ocrx_word' id='word_1_84' title='bbox 1334 886 1412 927; x_wconf 87' lang='lat' dir='ltr'>tibi</span> <span class='ocrx_word' id='word_1_85' title='bbox 1438 886 1606 941; x_wconf 88' lang='lat' dir='ltr'>penitus</span> <span class='ocrx_word' id='word_1_86' title='bbox 1627 901 1746 927; x_wconf 86' lang='lat' dir='ltr'>com-</span> 
     </span>
     <span class='ocr_line' id='line_1_13' title="bbox 313 941 1745 997; baseline -0.001 -12"><span class='ocrx_word' id='word_1_87' title='bbox 313 944 469 985; x_wconf 89' lang='lat' dir='ltr'>mendo</span> <span class='ocrx_word' id='word_1_88' title='bbox 492 953 618 997; x_wconf 58' lang='lat' dir='ltr'>utque</span> <span class='ocrx_word' id='word_1_89' title='bbox 642 941 777 982; x_wconf 87' lang='lat' dir='ltr'>trado.</span> <span class='ocrx_word' id='word_1_90' title='bbox 840 941 1048 991; x_wconf 79' lang='lat' dir='ltr'>Primum,</span> <span class='ocrx_word' id='word_1_91' title='bbox 1069 952 1115 982; x_wconf 87' lang='lat' dir='ltr'>ut</span> <span class='ocrx_word' id='word_1_92' title='bbox 1137 944 1337 984; x_wconf 89' lang='lat' dir='ltr'>omnibus</span> <span class='ocrx_word' id='word_1_93' title='bbox 1370 945 1412 983; x_wconf 88' lang='lat' dir='ltr'>in</span> <span class='ocrx_word' id='word_1_94' title='bbox 1445 944 1570 983; x_wconf 76' lang='lat' dir='ltr'>iebus</span> <span class='ocrx_word' id='word_1_95' title='bbox 1592 944 1678 983; x_wconf 74' lang='lat' dir='ltr'>86ei</span> <span class='ocrx_word' id='word_1_96' title='bbox 1704 953 1745 984; x_wconf 90' lang='lat' dir='ltr'>te</span> 
     </span>
     <span class='ocr_line' id='line_1_14' title="bbox 312 998 1746 1064; baseline -0.002 -22"><span class='ocrx_word' id='word_1_97' title='bbox 312 1000 574 1064; x_wconf 80' lang='lat' dir='ltr'>commodes,</span> <span class='ocrx_word' id='word_1_98' title='bbox 605 999 746 1054; x_wconf 78' lang='lat' dir='ltr'>quoad</span> <span class='ocrx_word' id='word_1_99' title='bbox 778 998 881 1038; x_wconf 81' lang='lat' dir='ltr'>fides</span> <span class='ocrx_word' id='word_1_100' title='bbox 915 1008 989 1039; x_wconf 85' lang='lat' dir='ltr'>tua</span> <span class='ocrx_word' id='word_1_101' title='bbox 1016 999 1288 1055; x_wconf 85' lang='lat' dir='ltr'>dignitasque</span> <span class='ocrx_word' id='word_1_102' title='bbox 1317 1000 1525 1056; x_wconf 70' lang='lat' dir='ltr'>patietur:</span> <span class='ocrx_word' id='word_1_103' title='bbox 1562 1000 1746 1055; x_wconf 65' lang='lat' dir='ltr'>patietur</span> 
     </span>
     <span class='ocr_line' id='line_1_15' title="bbox 313 1054 1745 1112; baseline -0.001 -14"><span class='ocrx_word' id='word_1_104' title='bbox 313 1067 454 1098; x_wconf 85' lang='lat' dir='ltr'>autem</span> <span class='ocrx_word' id='word_1_105' title='bbox 479 1057 520 1097; x_wconf 93' lang='lat' dir='ltr'>in</span> <span class='ocrx_word' id='word_1_106' title='bbox 543 1057 757 1098; x_wconf 82' lang='lat' dir='ltr'>omnibus.</span> <span class='ocrx_word' id='word_1_107' title='bbox 782 1054 888 1096; x_wconf 86' lang='lat' dir='ltr'>nihil</span> <span class='ocrx_word' id='word_1_108' title='bbox 909 1056 1020 1097; x_wconf 87' lang='lat' dir='ltr'>enim</span> <span class='ocrx_word' id='word_1_109' title='bbox 1039 1058 1116 1097; x_wconf 83' lang='lat' dir='ltr'>abs</span> <span class='ocrx_word' id='word_1_110' title='bbox 1137 1066 1177 1097; x_wconf 92' lang='lat' dir='ltr'>te</span> <span class='ocrx_word' id='word_1_111' title='bbox 1197 1072 1414 1112; x_wconf 85' lang='lat' dir='ltr'>umquam,</span> <span class='ocrx_word' id='word_1_112' title='bbox 1429 1057 1542 1111; x_wconf 90' lang='lat' dir='ltr'>quod</span> <span class='ocrx_word' id='word_1_113' title='bbox 1567 1057 1622 1097; x_wconf 89' lang='lat' dir='ltr'>sit</span> <span class='ocrx_word' id='word_1_114' title='bbox 1644 1056 1745 1097; x_wconf 83' lang='lat' dir='ltr'>alie-</span> 
     </span>
     <span class='ocr_line' id='line_1_16' title="bbox 312 1112 1745 1177; baseline -0.001 -22"><span class='ocrx_word' id='word_1_115' title='bbox 312 1129 415 1156; x_wconf 86' lang='lat' dir='ltr'>num</span> <span class='ocrx_word' id='word_1_116' title='bbox 449 1115 533 1154; x_wconf 88' lang='lat' dir='ltr'>tuis</span> <span class='ocrx_word' id='word_1_117' title='bbox 566 1122 639 1154; x_wconf 83' lang='lat' dir='ltr'>aut</span> <span class='ocrx_word' id='word_1_118' title='bbox 671 1113 800 1154; x_wconf 87' lang='lat' dir='ltr'>etiam</span> <span class='ocrx_word' id='word_1_119' title='bbox 840 1112 923 1152; x_wconf 83' lang='lat' dir='ltr'>suis</span> <span class='ocrx_word' id='word_1_120' title='bbox 963 1113 1169 1177; x_wconf 70' lang='lat' dir='ltr'>moribus,</span> <span class='ocrx_word' id='word_1_121' title='bbox 1208 1113 1457 1169; x_wconf 83' lang='lat' dir='ltr'>postulabit</span> <span class='ocrx_word' id='word_1_122' title='bbox 1520 1113 1745 1168; x_wconf 82' lang='lat' dir='ltr'>Praecipue</span> 
     </span>
     <span class='ocr_line' id='line_1_17' title="bbox 313 1169 1745 1227; baseline -0.001 -15"><span class='ocrx_word' id='word_1_123' title='bbox 313 1181 455 1212; x_wconf 77' lang='lat' dir='ltr'>autem</span> <span class='ocrx_word' id='word_1_124' title='bbox 490 1171 568 1212; x_wconf 88' lang='lat' dir='ltr'>tibi</span> <span class='ocrx_word' id='word_1_125' title='bbox 602 1169 857 1212; x_wconf 87' lang='lat' dir='ltr'>commendo</span> <span class='ocrx_word' id='word_1_126' title='bbox 898 1171 1074 1225; x_wconf 84' lang='lat' dir='ltr'>negotia</span> <span class='ocrx_word' id='word_1_127' title='bbox 1104 1171 1212 1227; x_wconf 85' lang='lat' dir='ltr'>ejus,</span> <span class='ocrx_word' id='word_1_128' title='bbox 1249 1186 1345 1227; x_wconf 87' lang='lat' dir='ltr'>quae</span> <span class='ocrx_word' id='word_1_129' title='bbox 1380 1179 1479 1211; x_wconf 89' lang='lat' dir='ltr'>sunt</span> <span class='ocrx_word' id='word_1_130' title='bbox 1515 1170 1556 1210; x_wconf 94' lang='lat' dir='ltr'>in</span> <span class='ocrx_word' id='word_1_131' title='bbox 1601 1170 1745 1210; x_wconf 87' lang='lat' dir='ltr'>Helle-</span> 
     </span>
     <span class='ocr_line' id='line_1_18' title="bbox 313 1226 1747 1292; baseline -0.001 -23"><span class='ocrx_word' id='word_1_132' title='bbox 313 1238 483 1292; x_wconf 84' lang='lat' dir='ltr'>sponto‚</span> <span class='ocrx_word' id='word_1_133' title='bbox 507 1228 707 1290; x_wconf 83' lang='lat' dir='ltr'>primum,</span> <span class='ocrx_word' id='word_1_134' title='bbox 731 1236 777 1266; x_wconf 87' lang='lat' dir='ltr'>ut</span> <span class='ocrx_word' id='word_1_135' title='bbox 806 1227 1000 1268; x_wconf 84' lang='lat' dir='ltr'>obtineat</span> <span class='ocrx_word' id='word_1_136' title='bbox 1028 1227 1068 1268; x_wconf 93' lang='lat' dir='ltr'>id</span> <span class='ocrx_word' id='word_1_137' title='bbox 1093 1242 1204 1283; x_wconf 74' lang='lat' dir='ltr'>Juris</span> <span class='ocrx_word' id='word_1_138' title='bbox 1236 1228 1277 1269; x_wconf 89' lang='lat' dir='ltr'>in</span> <span class='ocrx_word' id='word_1_139' title='bbox 1313 1227 1440 1284; x_wconf 85' lang='lat' dir='ltr'>agris,</span> <span class='ocrx_word' id='word_1_140' title='bbox 1463 1226 1576 1282; x_wconf 89' lang='lat' dir='ltr'>quod</span> <span class='ocrx_word' id='word_1_141' title='bbox 1600 1227 1638 1267; x_wconf 89' lang='lat' dir='ltr'>ei</span> <span class='ocrx_word' id='word_1_142' title='bbox 1664 1226 1747 1268; x_wconf 56' lang='lat' dir='ltr'>Pa-</span> 
     </span>
     <span class='ocr_line' id='line_1_19' title="bbox 313 1283 1749 1347; baseline -0.001 -21"><span class='ocrx_word' id='word_1_143' title='bbox 313 1300 432 1326; x_wconf 79' lang='lat' dir='ltr'>riana</span> <span class='ocrx_word' id='word_1_144' title='bbox 465 1284 616 1326; x_wconf 86' lang='lat' dir='ltr'>civitas</span> <span class='ocrx_word' id='word_1_145' title='bbox 659 1283 848 1324; x_wconf 85' lang='lat' dir='ltr'>decrevit</span> <span class='ocrx_word' id='word_1_146' title='bbox 886 1292 929 1323; x_wconf 89' lang='lat' dir='ltr'>et</span> <span class='ocrx_word' id='word_1_147' title='bbox 965 1284 1097 1335; x_wconf 85' lang='lat' dir='ltr'>dedit,</span> <span class='ocrx_word' id='word_1_148' title='bbox 1131 1293 1174 1325; x_wconf 88' lang='lat' dir='ltr'>et</span> <span class='ocrx_word' id='word_1_149' title='bbox 1206 1285 1319 1339; x_wconf 87' lang='lat' dir='ltr'>quod</span> <span class='ocrx_word' id='word_1_150' title='bbox 1357 1298 1524 1347; x_wconf 85' lang='lat' dir='ltr'>semper</span> <span class='ocrx_word' id='word_1_151' title='bbox 1557 1283 1749 1325; x_wconf 86' lang='lat' dir='ltr'>obtinuit</span> 
     </span>
     <span class='ocr_line' id='line_1_20' title="bbox 312 1340 1746 1396; baseline -0.001 -14"><span class='ocrx_word' id='word_1_152' title='bbox 312 1343 403 1384; x_wconf 87' lang='lat' dir='ltr'>sine</span> <span class='ocrx_word' id='word_1_153' title='bbox 436 1341 520 1382; x_wconf 80' lang='lat' dir='ltr'>ulla</span> <span class='ocrx_word' id='word_1_154' title='bbox 539 1340 853 1382; x_wconf 85' lang='lat' dir='ltr'>controversia:</span> <span class='ocrx_word' id='word_1_155' title='bbox 886 1340 1054 1392; x_wconf 87' lang='lat' dir='ltr'>deinde,</span> <span class='ocrx_word' id='word_1_156' title='bbox 1077 1342 1109 1381; x_wconf 90' lang='lat' dir='ltr'>si</span> <span class='ocrx_word' id='word_1_157' title='bbox 1134 1341 1236 1396; x_wconf 92' lang='lat' dir='ltr'>quid</span> <span class='ocrx_word' id='word_1_158' title='bbox 1268 1341 1446 1383; x_wconf 83' lang='lat' dir='ltr'>habebit</span> <span class='ocrx_word' id='word_1_159' title='bbox 1474 1354 1572 1381; x_wconf 89' lang='lat' dir='ltr'>cum</span> <span class='ocrx_word' id='word_1_160' title='bbox 1603 1340 1746 1396; x_wconf 85' lang='lat' dir='ltr'>aliquo</span> 
     </span>
     <span class='ocr_line' id='line_1_21' title="bbox 314 1397 1747 1454; baseline -0.002 -13"><span class='ocrx_word' id='word_1_161' title='bbox 314 1398 615 1454; x_wconf 87' lang='lat' dir='ltr'>Hellespontio</span> <span class='ocrx_word' id='word_1_162' title='bbox 638 1397 957 1447; x_wconf 84' lang='lat' dir='ltr'>controversiae,</span> <span class='ocrx_word' id='word_1_163' title='bbox 980 1406 1024 1437; x_wconf 93' lang='lat' dir='ltr'>ut</span> <span class='ocrx_word' id='word_1_164' title='bbox 1048 1398 1088 1438; x_wconf 91' lang='lat' dir='ltr'>in</span> <span class='ocrx_word' id='word_1_165' title='bbox 1114 1398 1226 1438; x_wconf 86' lang='lat' dir='ltr'>illam</span> <span class='ocrx_word' id='word_1_166' title='bbox 1249 1402 1396 1442; x_wconf 60' lang='grc' dir='ltr'><strong><em>διοίκησιν</em></strong></span> <span class='ocrx_word' id='word_1_167' title='bbox 1419 1398 1600 1451; x_wconf 81' lang='lat' dir='ltr'>rejiciaS.</span> <span class='ocrx_word' id='word_1_168' title='bbox 1662 1398 1747 1438; x_wconf 89' lang='lat' dir='ltr'>Sed</span> 
     </span>
     <span class='ocr_line' id='line_1_22' title="bbox 311 1454 1747 1510; baseline -0.003 -12"><span class='ocrx_word' id='word_1_169' title='bbox 311 1471 396 1498; x_wconf 91' lang='lat' dir='ltr'>non</span> <span class='ocrx_word' id='word_1_170' title='bbox 431 1455 534 1496; x_wconf 88' lang='lat' dir='ltr'>mihi</span> <span class='ocrx_word' id='word_1_171' title='bbox 570 1455 728 1504; x_wconf 86' lang='lat' dir='ltr'>videor,</span> <span class='ocrx_word' id='word_1_172' title='bbox 752 1468 849 1494; x_wconf 82' lang='lat' dir='ltr'>cum</span> <span class='ocrx_word' id='word_1_173' title='bbox 884 1454 962 1494; x_wconf 84' lang='lat' dir='ltr'>tibi</span> <span class='ocrx_word' id='word_1_174' title='bbox 999 1465 1137 1495; x_wconf 87' lang='lat' dir='ltr'>totum</span> <span class='ocrx_word' id='word_1_175' title='bbox 1166 1455 1383 1495; x_wconf 88' lang='lat' dir='ltr'>hominem</span> <span class='ocrx_word' id='word_1_176' title='bbox 1418 1454 1747 1510; x_wconf 84' lang='lat' dir='ltr'>diligentissime</span> 
     </span>
     <span class='ocr_line' id='line_1_23' title="bbox 311 1486 1748 1566; baseline -0.001 -13"><span class='ocrx_word' id='word_1_177' title='bbox 311 1511 663 1561; x_wconf 68' lang='lat' dir='ltr'>commendarim,</span> <span class='ocrx_word' id='word_1_178' title='bbox 697 1486 884 1566; x_wconf 84' lang='lat' dir='ltr'>singulas</span> <span class='ocrx_word' id='word_1_179' title='bbox 920 1511 972 1551; x_wconf 82' lang='lat' dir='ltr'>ad</span> <span class='ocrx_word' id='word_1_180' title='bbox 1008 1520 1049 1551; x_wconf 88' lang='lat' dir='ltr'>te</span> <span class='ocrx_word' id='word_1_181' title='bbox 1081 1511 1173 1566; x_wconf 81' lang='lat' dir='ltr'>ejus</span> <span class='ocrx_word' id='word_1_182' title='bbox 1204 1524 1353 1551; x_wconf 81' lang='lat' dir='ltr'>causas</span> <span class='ocrx_word' id='word_1_183' title='bbox 1384 1511 1645 1565; x_wconf 83' lang='lat' dir='ltr'>perscribere</span> <span class='ocrx_word' id='word_1_184' title='bbox 1674 1511 1748 1551; x_wconf 88' lang='lat' dir='ltr'>de-</span> 
     </span>
     <span class='ocr_line' id='line_1_24' title="bbox 312 1545 1748 1623; baseline -0.002 -12"><span class='ocrx_word' id='word_1_185' title='bbox 312 1570 426 1616; x_wconf 91' lang='lat' dir='ltr'>bere.</span> <span class='ocrx_word' id='word_1_186' title='bbox 489 1568 665 1608; x_wconf 88' lang='lat' dir='ltr'>Summa</span> <span class='ocrx_word' id='word_1_187' title='bbox 697 1545 791 1607; x_wconf 61' lang='lat' dir='ltr'>illaC&gt;</span> <span class='ocrx_word' id='word_1_188' title='bbox 789 1567 867 1607; x_wconf 85' lang='lat' dir='ltr'>sit:</span> <span class='ocrx_word' id='word_1_189' title='bbox 900 1567 1108 1623; x_wconf 87' lang='lat' dir='ltr'>quidquid</span> <span class='ocrx_word' id='word_1_190' title='bbox 1132 1568 1279 1618; x_wconf 86' lang='lat' dir='ltr'>officii,</span> <span class='ocrx_word' id='word_1_191' title='bbox 1312 1566 1524 1618; x_wconf 88' lang='lat' dir='ltr'>beneficii,</span> <span class='ocrx_word' id='word_1_192' title='bbox 1557 1566 1748 1618; x_wconf 87' lang='lat' dir='ltr'>honoris,</span> 
     </span>
     <span class='ocr_line' id='line_1_25' title="bbox 313 1624 1750 1684; baseline -0.001 -17"><span class='ocrx_word' id='word_1_193' title='bbox 313 1627 355 1667; x_wconf 93' lang='lat' dir='ltr'>in</span> <span class='ocrx_word' id='word_1_194' title='bbox 381 1624 657 1668; x_wconf 88' lang='lat' dir='ltr'>Genucilium</span> <span class='ocrx_word' id='word_1_195' title='bbox 679 1624 925 1674; x_wconf 80' lang='lat' dir='ltr'>contuleris,</span> <span class='ocrx_word' id='word_1_196' title='bbox 951 1624 990 1665; x_wconf 89' lang='lat' dir='ltr'>id</span> <span class='ocrx_word' id='word_1_197' title='bbox 1016 1634 1056 1665; x_wconf 91' lang='lat' dir='ltr'>te</span> <span class='ocrx_word' id='word_1_198' title='bbox 1077 1624 1370 1666; x_wconf 81' lang='lat' dir='ltr'>existimabo</span> <span class='ocrx_word' id='word_1_199' title='bbox 1360 1638 1403 1667; x_wconf 79' lang='lat'>111</span> <span class='ocrx_word' id='word_1_200' title='bbox 1427 1638 1495 1665; x_wconf 87' lang='lat' dir='ltr'>me</span> <span class='ocrx_word' id='word_1_201' title='bbox 1520 1624 1660 1684; x_wconf 87' lang='lat' dir='ltr'>ipsum</span> <span class='ocrx_word' id='word_1_202' title='bbox 1684 1633 1750 1665; x_wconf 87' lang='lat' dir='ltr'>at-</span> 
     </span>
     <span class='ocr_line' id='line_1_26' title="bbox 314 1681 1001 1738; baseline -0.004 -14"><span class='ocrx_word' id='word_1_203' title='bbox 314 1698 396 1738; x_wconf 88' lang='lat' dir='ltr'>que</span> <span class='ocrx_word' id='word_1_204' title='bbox 419 1683 461 1724; x_wconf 87' lang='lat' dir='ltr'>in</span> <span class='ocrx_word' id='word_1_205' title='bbox 484 1696 571 1723; x_wconf 87' lang='lat' dir='ltr'>rem</span> <span class='ocrx_word' id='word_1_206' title='bbox 595 1695 733 1722; x_wconf 82' lang='lat' dir='ltr'>meam</span> <span class='ocrx_word' id='word_1_207' title='bbox 756 1681 1001 1724; x_wconf 86' lang='lat' dir='ltr'>contulisse.</span> 
     </span>
    </p>
   </div>
   <div class='ocr_carea' id='block_1_6' title="bbox 248 1770 1227 1826">
    <p class='ocr_par' dir='ltr' id='par_1_6' title="bbox 248 1770 1227 1826">
     <span class='ocr_line' id='line_1_27' title="bbox 248 1770 1227 1826; baseline -0.011 -7"><span class='ocrx_word' id='word_1_208' title='bbox 248 1783 303 1826; x_wconf 72' lang='lat'>,54</span> <span class='ocrx_word' id='word_1_209' title='bbox 826 1770 975 1807; x_wconf 69' lang='lat' dir='ltr'><strong>ARGU</strong></span> <span class='ocrx_word' id='word_1_210' title='bbox 978 1770 1021 1807; x_wconf 89' lang='lat' dir='ltr'>M</span> <span class='ocrx_word' id='word_1_211' title='bbox 1027 1770 1131 1807; x_wconf 86' lang='lat' dir='ltr'>ENT</span> <span class='ocrx_word' id='word_1_212' title='bbox 1137 1771 1227 1808; x_wconf 87' lang='lat' dir='ltr'>UM.</span> 
     </span>
    </p>
   </div>
   <div class='ocr_carea' id='block_1_7' title="bbox 321 1833 1751 1935">
    <p class='ocr_par' dir='ltr' id='par_1_7' title="bbox 321 1833 1751 1935">
     <span class='ocr_line' id='line_1_28' title="bbox 321 1833 1751 1882; baseline -0.001 -10"><span class='ocrx_word' id='word_1_213' title='bbox 321 1837 470 1872; x_wconf 75' lang='lat' dir='ltr'>Gratias</span> <span class='ocrx_word' id='word_1_214' title='bbox 498 1835 589 1882; x_wconf 79' lang='lat' dir='ltr'>agit,</span> <span class='ocrx_word' id='word_1_215' title='bbox 610 1835 705 1881; x_wconf 82' lang='lat' dir='ltr'>quod</span> <span class='ocrx_word' id='word_1_216' title='bbox 734 1833 931 1869; x_wconf 70' lang='lat' dir='ltr'>liberaliter</span> <span class='ocrx_word' id='word_1_217' title='bbox 951 1837 1139 1869; x_wconf 75' lang='lat' dir='ltr'>tractasset</span> <span class='ocrx_word' id='word_1_218' title='bbox 1159 1834 1398 1871; x_wconf 73' lang='lat' dir='ltr'>Marcilium:</span> <span class='ocrx_word' id='word_1_219' title='bbox 1429 1835 1556 1870; x_wconf 75' lang='lat' dir='ltr'>deinde</span> <span class='ocrx_word' id='word_1_220' title='bbox 1580 1836 1687 1882; x_wconf 76' lang='lat' dir='ltr'>petit,</span> <span class='ocrx_word' id='word_1_221' title='bbox 1707 1846 1751 1870; x_wconf 82' lang='lat' dir='ltr'>ne</span> 
     </span>
     <span class='ocr_line' id='line_1_29' title="bbox 837 1884 1220 1935; baseline 0.008 -16"><span class='ocrx_word' id='word_1_222' title='bbox 837 1897 957 1920; x_wconf 75' lang='lat' dir='ltr'>socrus</span> <span class='ocrx_word' id='word_1_223' title='bbox 974 1884 1048 1930; x_wconf 70' lang='lat' dir='ltr'>ejus</span> <span class='ocrx_word' id='word_1_224' title='bbox 1066 1887 1220 1935; x_wconf 78' lang='lat' dir='ltr'>reafiat.</span> 
     </span>
    </p>
   </div>
   <div class='ocr_carea' id='block_1_8' title="bbox 567 1950 1503 2004">
    <p class='ocr_par' dir='ltr' id='par_1_8' title="bbox 567 1950 1503 2004">
     <span class='ocr_line' id='line_1_30' title="bbox 567 1950 1503 2004; baseline 0.005 -13"><span class='ocrx_word' id='word_1_225' title='bbox 567 1951 633 1992; x_wconf 90' lang='lat' dir='ltr'>M.</span> <span class='ocrx_word' id='word_1_226' title='bbox 656 1950 706 1992; x_wconf 91' lang='lat' dir='ltr'>T.</span> <span class='ocrx_word' id='word_1_227' title='bbox 731 1951 783 1992; x_wconf 90' lang='lat' dir='ltr'>C.</span> <span class='ocrx_word' id='word_1_228' title='bbox 814 1951 1102 2004; x_wconf 85' lang='lat' dir='ltr'>THERMO,</span> <span class='ocrx_word' id='word_1_229' title='bbox 1131 1953 1352 1995; x_wconf 81' lang='lat' dir='ltr'><strong>PROPR.</strong></span> <span class='ocrx_word' id='word_1_230' title='bbox 1377 1955 1421 1996; x_wconf 90' lang='lat' dir='ltr'>S.</span> <span class='ocrx_word' id='word_1_231' title='bbox 1447 1954 1503 1996; x_wconf 91' lang='lat' dir='ltr'>D.</span> 
     </span>
    </p>
   </div>
   <div class='ocr_carea' id='block_1_9' title="bbox 316 2012 1751 2528">
    <p class='ocr_par' dir='ltr' id='par_1_9' title="bbox 316 2012 1751 2528">
     <span class='ocr_line' id='line_1_31' title="bbox 317 2012 1749 2076; baseline -0.001 -14"><span class='ocrx_word' id='word_1_232' title='bbox 317 2012 460 2062; x_wconf 77' lang='lat' dir='ltr'>CUM</span> <span class='ocrx_word' id='word_1_233' title='bbox 494 2020 629 2060; x_wconf 86' lang='lat' dir='ltr'>multa</span> <span class='ocrx_word' id='word_1_234' title='bbox 663 2019 767 2061; x_wconf 85' lang='lat' dir='ltr'>mihi</span> <span class='ocrx_word' id='word_1_235' title='bbox 803 2030 925 2075; x_wconf 84' lang='lat' dir='ltr'>grata</span> <span class='ocrx_word' id='word_1_236' title='bbox 955 2031 1067 2071; x_wconf 90' lang='lat' dir='ltr'>sunt,</span> <span class='ocrx_word' id='word_1_237' title='bbox 1090 2035 1185 2076; x_wconf 84' lang='lat' dir='ltr'>quae</span> <span class='ocrx_word' id='word_1_238' title='bbox 1211 2031 1254 2063; x_wconf 91' lang='lat' dir='ltr'>tu</span> <span class='ocrx_word' id='word_1_239' title='bbox 1286 2022 1494 2063; x_wconf 82' lang='lat' dir='ltr'>adductus</span> <span class='ocrx_word' id='word_1_240' title='bbox 1517 2035 1610 2061; x_wconf 87' lang='lat' dir='ltr'>mea</span> <span class='ocrx_word' id='word_1_241' title='bbox 1632 2034 1749 2061; x_wconf 88' lang='lat' dir='ltr'>com-</span> 
     </span>
     <span class='ocr_line' id='line_1_32' title="bbox 316 2076 1746 2133; baseline -0.002 -13"><span class='ocrx_word' id='word_1_242' title='bbox 316 2078 588 2120; x_wconf 83' lang='lat' dir='ltr'>mendatione</span> <span class='ocrx_word' id='word_1_243' title='bbox 628 2076 792 2117; x_wconf 83' lang='lat' dir='ltr'>fecisti:</span> <span class='ocrx_word' id='word_1_244' title='bbox 827 2087 915 2117; x_wconf 87' lang='lat' dir='ltr'>tum</span> <span class='ocrx_word' id='word_1_245' title='bbox 955 2078 998 2118; x_wconf 88' lang='lat' dir='ltr'>in</span> <span class='ocrx_word' id='word_1_246' title='bbox 1035 2079 1196 2133; x_wconf 81' lang='lat' dir='ltr'>primiS‚</span> <span class='ocrx_word' id='word_1_247' title='bbox 1230 2079 1343 2133; x_wconf 90' lang='lat' dir='ltr'>quod</span> <span class='ocrx_word' id='word_1_248' title='bbox 1380 2078 1447 2119; x_wconf 89' lang='lat' dir='ltr'>M.</span> <span class='ocrx_word' id='word_1_249' title='bbox 1482 2077 1746 2127; x_wconf 86' lang='lat' dir='ltr'>Marcilium,</span> 
     </span>
     <span class='ocr_line' id='line_1_33' title="bbox 316 2133 1749 2197; baseline -0.001 -21"><span class='ocrx_word' id='word_1_250' title='bbox 316 2139 353 2169; x_wconf 70' lang='lat'>87</span> <span class='ocrx_word' id='word_1_251' title='bbox 370 2135 495 2176; x_wconf 83' lang='lat' dir='ltr'>amici</span> <span class='ocrx_word' id='word_1_252' title='bbox 520 2145 661 2197; x_wconf 39' lang='lat' dir='ltr'>atque.</span> <span class='ocrx_word' id='word_1_253' title='bbox 671 2134 913 2189; x_wconf 82' lang='lat' dir='ltr'>interpretis</span> <span class='ocrx_word' id='word_1_254' title='bbox 941 2135 1024 2175; x_wconf 88' lang='lat' dir='ltr'>mei</span> <span class='ocrx_word' id='word_1_255' title='bbox 1058 2135 1207 2186; x_wconf 87' lang='lat' dir='ltr'>filium,</span> <span class='ocrx_word' id='word_1_256' title='bbox 1230 2135 1524 2177; x_wconf 83' lang='lat' dir='ltr'>liberalissime</span> <span class='ocrx_word' id='word_1_257' title='bbox 1548 2133 1749 2175; x_wconf 84' lang='lat' dir='ltr'>tractavi-</span> 
     </span>
     <span class='ocr_line' id='line_1_34' title="bbox 317 2190 1749 2248; baseline -0.002 -15"><span class='ocrx_word' id='word_1_258' title='bbox 317 2193 385 2233; x_wconf 90' lang='lat' dir='ltr'>sti.</span> <span class='ocrx_word' id='word_1_259' title='bbox 446 2192 575 2232; x_wconf 86' lang='lat' dir='ltr'>Venit</span> <span class='ocrx_word' id='word_1_260' title='bbox 597 2190 711 2231; x_wconf 87' lang='lat' dir='ltr'>enim</span> <span class='ocrx_word' id='word_1_261' title='bbox 737 2191 1005 2242; x_wconf 81' lang='lat' dir='ltr'>Laodiceam,</span> <span class='ocrx_word' id='word_1_262' title='bbox 1027 2201 1072 2232; x_wconf 88' lang='lat' dir='ltr'>et</span> <span class='ocrx_word' id='word_1_263' title='bbox 1093 2192 1172 2232; x_wconf 91' lang='lat' dir='ltr'>tibi</span> <span class='ocrx_word' id='word_1_264' title='bbox 1195 2193 1307 2248; x_wconf 85' lang='lat' dir='ltr'>apud</span> <span class='ocrx_word' id='word_1_265' title='bbox 1331 2207 1413 2243; x_wconf 89' lang='lat' dir='ltr'>me,</span> <span class='ocrx_word' id='word_1_266' title='bbox 1435 2192 1627 2247; x_wconf 88' lang='lat' dir='ltr'>mihique</span> <span class='ocrx_word' id='word_1_267' title='bbox 1649 2205 1749 2247; x_wconf 84' lang='lat' dir='ltr'>pro-</span> 
     </span>
     <span class='ocr_line' id='line_1_35' title="bbox 319 2248 1751 2305; baseline 0 -15"><span class='ocrx_word' id='word_1_268' title='bbox 319 2259 412 2305; x_wconf 69' lang='lat' dir='ltr'>pter</span> <span class='ocrx_word' id='word_1_269' title='bbox 434 2259 474 2288; x_wconf 84' lang='lat' dir='ltr'>tc</span> <span class='ocrx_word' id='word_1_270' title='bbox 497 2249 655 2303; x_wconf 70' lang='lat' dir='ltr'>gratias</span> <span class='ocrx_word' id='word_1_271' title='bbox 678 2248 885 2288; x_wconf 80' lang='lat' dir='ltr'>maximas</span> <span class='ocrx_word' id='word_1_272' title='bbox 905 2248 1010 2304; x_wconf 86' lang='lat' dir='ltr'>egit.</span> <span class='ocrx_word' id='word_1_273' title='bbox 1072 2250 1231 2300; x_wconf 76' lang='lat' dir='ltr'>Quale,</span> <span class='ocrx_word' id='word_1_274' title='bbox 1253 2250 1367 2304; x_wconf 90' lang='lat' dir='ltr'>quod</span> <span class='ocrx_word' id='word_1_275' title='bbox 1394 2249 1602 2304; x_wconf 86' lang='lat' dir='ltr'>reliquum</span> <span class='ocrx_word' id='word_1_276' title='bbox 1624 2256 1703 2298; x_wconf 85' lang='lat' dir='ltr'>est,</span> <span class='ocrx_word' id='word_1_277' title='bbox 1724 2262 1751 2290; x_wconf 81' lang='lat' dir='ltr'>a</span> 
     </span>
     <span class='ocr_line' id='line_1_36' title="bbox 320 2304 1750 2362; baseline -0.001 -16"><span class='ocrx_word' id='word_1_278' title='bbox 320 2318 359 2347; x_wconf 88' lang='lat' dir='ltr'>te</span> <span class='ocrx_word' id='word_1_279' title='bbox 392 2317 505 2360; x_wconf 88' lang='lat' dir='ltr'>peto,</span> <span class='ocrx_word' id='word_1_280' title='bbox 529 2320 658 2359; x_wconf 84' lang='lat' dir='ltr'>quum</span> <span class='ocrx_word' id='word_1_281' title='bbox 690 2304 803 2362; x_wconf 84' lang='lat' dir='ltr'>apud</span> <span class='ocrx_word' id='word_1_282' title='bbox 838 2315 981 2360; x_wconf 71' lang='lat' dir='ltr'>gratos</span> <span class='ocrx_word' id='word_1_283' title='bbox 1012 2305 1206 2346; x_wconf 85' lang='lat' dir='ltr'>homines</span> <span class='ocrx_word' id='word_1_284' title='bbox 1240 2306 1496 2348; x_wconf 87' lang='lat' dir='ltr'>beneficium</span> <span class='ocrx_word' id='word_1_285' title='bbox 1534 2305 1671 2362; x_wconf 89' lang='lat' dir='ltr'>ponis,</span> <span class='ocrx_word' id='word_1_286' title='bbox 1702 2312 1750 2350; x_wconf 74' lang='lat' dir='ltr'>ut</span> 
     </span>
     <span class='ocr_line' id='line_1_37' title="bbox 319 2361 1750 2419; baseline -0.001 -16"><span class='ocrx_word' id='word_1_287' title='bbox 319 2378 370 2403; x_wconf 74' lang='lat' dir='ltr'>(o</span> <span class='ocrx_word' id='word_1_288' title='bbox 392 2362 593 2404; x_wconf 82' lang='lat' dir='ltr'>libentius</span> <span class='ocrx_word' id='word_1_289' title='bbox 625 2361 689 2401; x_wconf 79' lang='lat' dir='ltr'>his</span> <span class='ocrx_word' id='word_1_290' title='bbox 712 2362 973 2412; x_wconf 77' lang='lat' dir='ltr'>commodes,</span> <span class='ocrx_word' id='word_1_291' title='bbox 996 2377 1254 2419; x_wconf 87' lang='lat' dir='ltr'>operamque</span> <span class='ocrx_word' id='word_1_292' title='bbox 1275 2364 1363 2414; x_wconf 88' lang='lat' dir='ltr'>des,</span> <span class='ocrx_word' id='word_1_293' title='bbox 1385 2363 1526 2417; x_wconf 85' lang='lat' dir='ltr'>quoad</span> <span class='ocrx_word' id='word_1_294' title='bbox 1550 2362 1653 2403; x_wconf 88' lang='lat' dir='ltr'>fides</span> <span class='ocrx_word' id='word_1_295' title='bbox 1677 2369 1750 2401; x_wconf 84' lang='lat' dir='ltr'>tua</span> 
     </span>
     <span class='ocr_line' id='line_1_38' title="bbox 321 2419 1750 2476; baseline -0.001 -15"><span class='ocrx_word' id='word_1_296' title='bbox 321 2420 521 2476; x_wconf 84' lang='lat' dir='ltr'>patietur,</span> <span class='ocrx_word' id='word_1_297' title='bbox 546 2428 591 2459; x_wconf 93' lang='lat' dir='ltr'>ut</span> <span class='ocrx_word' id='word_1_298' title='bbox 613 2433 756 2459; x_wconf 85' lang='lat' dir='ltr'>socrus</span> <span class='ocrx_word' id='word_1_299' title='bbox 780 2419 1061 2459; x_wconf 79' lang='lat' dir='ltr'>adolescentis</span> <span class='ocrx_word' id='word_1_300' title='bbox 1085 2434 1155 2460; x_wconf 73' lang='lat' dir='ltr'>nea</span> <span class='ocrx_word' id='word_1_301' title='bbox 1177 2434 1227 2460; x_wconf 92' lang='lat' dir='ltr'>ne</span> <span class='ocrx_word' id='word_1_302' title='bbox 1253 2420 1341 2461; x_wconf 84' lang='lat' dir='ltr'>fiat.</span> <span class='ocrx_word' id='word_1_303' title='bbox 1386 2419 1481 2475; x_wconf 87' lang='lat' dir='ltr'>Ego</span> <span class='ocrx_word' id='word_1_304' title='bbox 1503 2433 1598 2460; x_wconf 87' lang='lat' dir='ltr'>cum</span> <span class='ocrx_word' id='word_1_305' title='bbox 1622 2426 1750 2459; x_wconf 83' lang='lat' dir='ltr'>antea</span> 
     </span>
     <span class='ocr_line' id='line_1_39' title="bbox 321 2475 1750 2528; baseline -0.002 -10"><span class='ocrx_word' id='word_1_306' title='bbox 321 2477 509 2518; x_wconf 83' lang='lat' dir='ltr'>studiose</span> <span class='ocrx_word' id='word_1_307' title='bbox 541 2476 896 2516; x_wconf 83' lang='lat' dir='ltr'>commendabam</span> <span class='ocrx_word' id='word_1_308' title='bbox 930 2475 1193 2528; x_wconf 85' lang='lat' dir='ltr'>Marcilium,</span> <span class='ocrx_word' id='word_1_309' title='bbox 1226 2485 1316 2521; x_wconf 80' lang='lat' dir='ltr'>tuin</span> <span class='ocrx_word' id='word_1_310' title='bbox 1349 2478 1484 2518; x_wconf 88' lang='lat' dir='ltr'>multo</span> <span class='ocrx_word' id='word_1_311' title='bbox 1513 2489 1627 2517; x_wconf 89' lang='lat' dir='ltr'>nunc</span> <span class='ocrx_word' id='word_1_312' title='bbox 1659 2483 1750 2516; x_wconf 91' lang='lat' dir='ltr'>stu—</span> 
     </span>
    </p>
   </div>
   <div class='ocr_carea' id='block_1_10' title="bbox 321 2620 1750 2872">
    <p class='ocr_par' dir='ltr' id='par_1_10' title="bbox 321 2620 1750 2832">
     <span class='ocr_line' id='line_1_40' title="bbox 364 2620 1747 2661; baseline -0.001 -8"><span class='ocrx_word' id='word_1_313' title='bbox 364 2623 403 2655; x_wconf 86' lang='lat'>86</span> <span class='ocrx_word' id='word_1_314' title='bbox 426 2623 455 2653; x_wconf 82' lang='lat' dir='ltr'>ei</span> <span class='ocrx_word' id='word_1_315' title='bbox 481 2626 511 2651; x_wconf 77' lang='lat' dir='ltr'>ee</span> <span class='ocrx_word' id='word_1_316' title='bbox 531 2620 720 2660; x_wconf 81' lang='lat' dir='ltr'>commodes]</span> <span class='ocrx_word' id='word_1_317' title='bbox 749 2622 942 2660; x_wconf 81' lang='lat' dir='ltr'>Suspectum</span> <span class='ocrx_word' id='word_1_318' title='bbox 965 2625 1015 2652; x_wconf 82' lang='lat' dir='ltr'>est</span> <span class='ocrx_word' id='word_1_319' title='bbox 1057 2622 1094 2652; x_wconf 90' lang='lat' dir='ltr'>In</span> <span class='ocrx_word' id='word_1_320' title='bbox 1114 2622 1348 2653; x_wconf 84' lang='lat' dir='ltr'>Proconsulatu</span> <span class='ocrx_word' id='word_1_321' title='bbox 1364 2622 1500 2659; x_wconf 84' lang='lat' dir='ltr'>Ciliciae,</span> <span class='ocrx_word' id='word_1_322' title='bbox 1515 2621 1571 2652; x_wconf 84' lang='lat' dir='ltr'>ubi</span> <span class='ocrx_word' id='word_1_323' title='bbox 1593 2621 1664 2653; x_wconf 82' lang='lat' dir='ltr'>haec</span> <span class='ocrx_word' id='word_1_324' title='bbox 1679 2621 1747 2661; x_wconf 80' lang='lat' dir='ltr'>epi-</span> 
     </span>
     <span class='ocr_line' id='line_1_41' title="bbox 321 2663 1749 2705; baseline -0.001 -10"><span class='ocrx_word' id='word_1_325' title='bbox 321 2670 361 2698; x_wconf 80' lang='lat' dir='ltr'>te.</span> <span class='ocrx_word' id='word_1_326' title='bbox 388 2675 464 2695; x_wconf 84' lang='lat' dir='ltr'>nam</span> <span class='ocrx_word' id='word_1_327' title='bbox 487 2664 548 2693; x_wconf 77' lang='lat' dir='ltr'>etsi</span> <span class='ocrx_word' id='word_1_328' title='bbox 573 2663 775 2693; x_wconf 78' lang='lat' dir='ltr'>commodare</span> <span class='ocrx_word' id='word_1_329' title='bbox 803 2673 862 2702; x_wconf 85' lang='lat' dir='ltr'>pro</span> <span class='ocrx_word' id='word_1_330' title='bbox 886 2673 1013 2693; x_wconf 83' lang='lat' dir='ltr'>accom-</span> <span class='ocrx_word' id='word_1_331' title='bbox 1056 2665 1141 2695; x_wconf 83' lang='lat' dir='ltr'>stola</span> <span class='ocrx_word' id='word_1_332' title='bbox 1168 2666 1300 2705; x_wconf 87' lang='lat' dir='ltr'>scripta.</span> <span class='ocrx_word' id='word_1_333' title='bbox 1329 2666 1428 2695; x_wconf 81' lang='lat' dir='ltr'>amici</span> <span class='ocrx_word' id='word_1_334' title='bbox 1455 2665 1590 2694; x_wconf 80' lang='lat' dir='ltr'>verbum</span> <span class='ocrx_word' id='word_1_335' title='bbox 1619 2664 1749 2694; x_wconf 87' lang='lat' dir='ltr'>videtur</span> 
     </span>
     <span class='ocr_line' id='line_1_42' title="bbox 323 2701 1750 2747; baseline -0.001 -9"><span class='ocrx_word' id='word_1_336' title='bbox 323 2701 454 2738; x_wconf 78' lang='lat' dir='ltr'>modare</span> <span class='ocrx_word' id='word_1_337' title='bbox 469 2705 530 2736; x_wconf 78' lang='lat' dir='ltr'>dici</span> <span class='ocrx_word' id='word_1_338' title='bbox 549 2711 668 2745; x_wconf 81' lang='lat' dir='ltr'>potest,</span> <span class='ocrx_word' id='word_1_339' title='bbox 683 2710 796 2736; x_wconf 85' lang='lat' dir='ltr'>tamen</span> <span class='ocrx_word' id='word_1_340' title='bbox 819 2704 850 2734; x_wconf 89' lang='lat' dir='ltr'>id</span> <span class='ocrx_word' id='word_1_341' title='bbox 867 2704 899 2734; x_wconf 84' lang='lat' dir='ltr'>h.</span> <span class='ocrx_word' id='word_1_342' title='bbox 916 2705 937 2735; x_wconf 91' lang='lat' dir='ltr'>l.</span> <span class='ocrx_word' id='word_1_343' title='bbox 954 2705 1012 2735; x_wconf 91' lang='lat' dir='ltr'>du·</span> <span class='ocrx_word' id='word_1_344' title='bbox 1056 2708 1175 2746; x_wconf 77' lang='lat' dir='ltr'>majus,</span> <span class='ocrx_word' id='word_1_345' title='bbox 1190 2717 1287 2745; x_wconf 80' lang='lat' dir='ltr'>quam</span> <span class='ocrx_word' id='word_1_346' title='bbox 1309 2717 1368 2746; x_wconf 86' lang='lat' dir='ltr'>pro</span> <span class='ocrx_word' id='word_1_347' title='bbox 1382 2708 1578 2747; x_wconf 82' lang='lat' dir='ltr'>apparitore.</span> <span class='ocrx_word' id='word_1_348' title='bbox 1622 2706 1683 2737; x_wconf 88' lang='lat' dir='ltr'>Sed</span> <span class='ocrx_word' id='word_1_349' title='bbox 1698 2712 1750 2736; x_wconf 82' lang='lat' dir='ltr'>ta-</span> 
     </span>
     <span class='ocr_line' id='line_1_43' title="bbox 323 2748 1746 2788; baseline -0.002 -8"><span class='ocrx_word' id='word_1_350' title='bbox 323 2757 395 2780; x_wconf 76' lang='lat' dir='ltr'>rum</span> <span class='ocrx_word' id='word_1_351' title='bbox 424 2749 478 2778; x_wconf 87' lang='lat' dir='ltr'>sit.</span> <span class='ocrx_word' id='word_1_352' title='bbox 523 2748 636 2778; x_wconf 87' lang='lat' dir='ltr'>Cicero</span> <span class='ocrx_word' id='word_1_353' title='bbox 663 2757 790 2788; x_wconf 84' lang='lat' dir='ltr'>semper</span> <span class='ocrx_word' id='word_1_354' title='bbox 813 2748 1015 2778; x_wconf 80' lang='lat' dir='ltr'>commodare</span> <span class='ocrx_word' id='word_1_355' title='bbox 1058 2758 1134 2779; x_wconf 88' lang='lat' dir='ltr'>men</span> <span class='ocrx_word' id='word_1_356' title='bbox 1156 2749 1355 2788; x_wconf 71' lang='lat' dir='ltr'>apparitores</span> <span class='ocrx_word' id='word_1_357' title='bbox 1379 2754 1457 2779; x_wconf 86' lang='lat' dir='ltr'>sunt</span> <span class='ocrx_word' id='word_1_358' title='bbox 1476 2749 1560 2780; x_wconf 85' lang='lat' dir='ltr'>cives</span> <span class='ocrx_word' id='word_1_359' title='bbox 1586 2748 1746 2779; x_wconf 85' lang='lat' dir='ltr'>Romani:</span> 
     </span>
     <span class='ocr_line' id='line_1_44' title="bbox 321 2789 1750 2832; baseline 0.001 -11"><span class='ocrx_word' id='word_1_360' title='bbox 321 2792 423 2826; x_wconf 65' lang='lat' dir='ltr'>alicui</span> <span class='ocrx_word' id='word_1_361' title='bbox 436 2792 471 2820; x_wconf 82' lang='lat' dir='ltr'>in</span> <span class='ocrx_word' id='word_1_362' title='bbox 485 2789 594 2828; x_wconf 83' lang='lat' dir='ltr'>aliqua</span> <span class='ocrx_word' id='word_1_363' title='bbox 608 2799 653 2820; x_wconf 87' lang='lat' dir='ltr'>re.</span> <span class='ocrx_word' id='word_1_364' title='bbox 1058 2795 1091 2819; x_wconf 83' lang='lat' dir='ltr'>et</span> <span class='ocrx_word' id='word_1_365' title='bbox 1106 2791 1135 2820; x_wconf 85' lang='lat' dir='ltr'>ei</span> <span class='ocrx_word' id='word_1_366' title='bbox 1150 2800 1243 2821; x_wconf 74' lang='lat' dir='ltr'>carus</span> <span class='ocrx_word' id='word_1_367' title='bbox 1265 2796 1335 2821; x_wconf 90' lang='lat' dir='ltr'>erat</span> <span class='ocrx_word' id='word_1_368' title='bbox 1357 2791 1462 2830; x_wconf 86' lang='lat' dir='ltr'>valde,</span> <span class='ocrx_word' id='word_1_369' title='bbox 1485 2796 1619 2832; x_wconf 79' lang='lat' dir='ltr'>propter</span> <span class='ocrx_word' id='word_1_370' title='bbox 1635 2799 1750 2823; x_wconf 72' lang='lat' dir='ltr'>causas</span> 
     </span>
    </p>

    <p class='ocr_par' dir='ltr' id='par_1_11' title="bbox 365 2831 1371 2872">
     <span class='ocr_line' id='line_1_45' title="bbox 365 2831 1371 2872; baseline 0.003 -10"><span class='ocrx_word' id='word_1_371' title='bbox 365 2836 403 2867; x_wconf 76' lang='lat'>87</span> <span class='ocrx_word' id='word_1_372' title='bbox 426 2833 526 2871; x_wconf 73' lang='lat' dir='ltr'>amici</span> <span class='ocrx_word' id='word_1_373' title='bbox 551 2836 647 2872; x_wconf 81' lang='lat' dir='ltr'>atquc</span> <span class='ocrx_word' id='word_1_374' title='bbox 671 2832 856 2871; x_wconf 76' lang='lat' dir='ltr'>interpretis</span> <span class='ocrx_word' id='word_1_375' title='bbox 881 2834 943 2862; x_wconf 78' lang='lat' dir='ltr'>mei</span> <span class='ocrx_word' id='word_1_376' title='bbox 959 2831 1015 2872; x_wconf 78' lang='lat' dir='ltr'>f.]</span> <span class='ocrx_word' id='word_1_377' title='bbox 1059 2833 1145 2864; x_wconf 69' lang='lat' dir='ltr'>intra</span> <span class='ocrx_word' id='word_1_378' title='bbox 1160 2838 1371 2865; x_wconf 70' lang='lat' dir='ltr'>memoratas.</span> 
     </span>
    </p>
   </div>
  </div>
 </body>
</html>
