1860 3228
466 82 546 120 AD
570 81 628 120 M.
654 79 903 120 MARIUM
929 79 1005 116 ET
1029 78 1313 120 CETEROS.
1527 90 1600 126 165

165 191 278 244 θὲωςον
301 195 343 228 te
375 185 614 242 praebuisti,
640 183 766 240 plane
798 197 885 224 non
918 182 1198 238 reprehendo.
1229 186 1270 214 54
1283 197 1397 226 nunc
1419 201 1520 229 vero
1554 191 1598 233 in

165 243 355 285 hibernis
389 242 573 299 injectus
605 240 711 281 mihi
746 240 915 282 videris.
953 241 1099 295 itaque
1133 250 1174 281 te
1205 254 1478 284 commovere
1512 260 1597 288 non

164 315 301 342 curas,
367 298 657 356 Usquequaque
675 311 812 352 sapere
832 303 1002 352 oportet.
1033 296 1079 337 id
1097 297 1174 338 erit
1197 296 1320 338 telum
1341 300 1596 344 acerrimum.

164 356 260 414 Ego
283 358 316 399 si
341 357 444 398 foris
460 356 730 405 coenitarem‚
752 354 833 395 Cn.
858 354 1060 405 Octavio,
1082 354 1278 395 familiari
1304 365 1392 406 tuo,
1415 371 1500 398 non
1523 359 1596 400 de-

163 414 354 456 fuissem.
385 415 452 455 cui
477 423 619 453 tamen
641 412 749 462 dixi,
771 425 869 453 cum
895 426 961 452 me
983 411 1209 467 aliquoties
1231 412 1459 456 invitaret:
1503 415 1594 457 Oro

161 479 216 522 te,
244 472 339 528 quis
361 480 407 512 tu
428 472 500 511 es?
562 469 645 510 Sed
675 468 951 520 mehercules,
973 479 1096 510 extra
1110 469 1278 524 jocum,
1305 469 1436 512 homo
1460 472 1592 515 bellus

158 538 237 569 est.
272 527 418 568 vellem
441 534 537 567 eum
562 536 703 567 tecum
729 526 996 567 abduxisses.
1057 526 1176 572 Quid
1197 527 1351 582 agatis,
1372 537 1415 569 et
1437 531 1592 584 ecquid

158 585 200 626 in
226 584 393 626 Italiam
415 584 581 624 venturi
605 583 697 624 sitis
719 583 799 624 hac
822 582 977 633 hieme,
1001 582 1068 624 fac
1085 583 1209 638 plane
1231 584 1378 626 sciam.
1429 585 1591 629 Balbus

157 641 262 682 mihi
293 640 581 692 confirmavit,
615 651 655 681 te
686 640 863 681 divitem
897 639 1104 681 futurum.
1137 640 1179 681 id
1212 649 1355 682 utrum
1391 642 1590 686 Romano

155 712 272 739 more
294 697 462 739 locutus
486 698 555 749 sit,
581 698 687 738 bene
718 705 988 738 nummatum
1011 706 1053 738 te
1083 696 1291 749 futurum,
1316 713 1384 750 an,
1439 715 1588 743 uomo-

150 756 206 797 do
229 754 365 796 Stoici
387 755 552 806 dicunt,
574 769 705 796 omnes
725 768 802 795 esse
821 753 979 805 divites,
995 754 1067 810 qui
1086 753 1182 796 coelo
1203 762 1242 795 et
1263 715 1481 812 terr-affui
1493 772 1589 813 pos-

148 812 255 861 sint,·
295 821 444 868 postea
473 812 635 853 videro.
698 812 786 859 Qui
817 811 945 853 istinc
977 812 1169 863 veniunt,
1192 812 1435 868 superbiam
1469 824 1587 856 tuam

150 880 369 920 accusant,
391 869 507 924 quod
541 878 700 925 negent
722 879 764 910 te
798 869 1178 925 percunctantibus
1208 870 1479 925 respondere.
1511 873 1585 914 sed

148 935 291 967 tamen
314 935 378 967 est
398 926 513 981 quod
544 926 746 982 gaudeas.
777 935 947 967 constat
977 926 1091 967 enim
1123 927 1233 967 inter
1262 941 1425 980 omnes,
1448 930 1626 980 nemi-p.
1646 942 1715 972 103.

147 997 246 1025 nem
267 993 308 1024 te
330 998 415 1024 uno
438 983 751 1026 Samarobrivae
768 983 880 1039 juris
905 983 1151 1040 peritiorem
1174 998 1279 1025 esse.
1594 992 1625 1014 ³·

661 1072 1066 1110 ARGUMENTUM.
1605 1077 1652 1120 17

153 1135 257 1172 Urbis
275 1136 491 1172 desiderium
509 1136 605 1182 quod
622 1136 839 1183 deposuerit,
856 1135 1081 1183 gratulatur,
1102 1140 1135 1171 et
1153 1140 1195 1172 ut
1216 1137 1366 1173 Caesaris
1384 1140 1586 1176 amicitiam

308 1186 436 1237 faciat
451 1187 579 1236 pluris,
598 1192 728 1228 monet,
750 1199 857 1235 quam
865 1185 1100 1237 fructuosam
1107 1187 1198 1235 fore
1210 1189 1418 1236 pollicetur.

497 1263 732 1306 CICERO
761 1263 1077 1306 TREBATIO
1109 1266 1154 1307 S.
1178 1265 1237 1308 D.

147 1321 249 1375 EX
278 1333 362 1373 tuis
379 1332 547 1383 litteris,
570 1341 613 1372 et
636 1333 804 1379 Quinto
827 1331 946 1373 fratri
972 1333 1132 1389 gratias
1153 1333 1239 1390 egi,
1261 1342 1304 1375 et
1328 1343 1370 1375 te
1390 1335 1583 1392 aliquan-

143 1391 199 1432 do
221 1390 462 1431 collaudare
485 1404 673 1445 possum,
696 1389 917 1445 quodjam
943 1390 1097 1431 videris
1123 1401 1240 1432 certa
1257 1392 1400 1448 aliqua
1421 1394 1464 1434 in
1487 1410 1582 1438 sen-

145 1448 281 1489 tentia
312 1447 571 1488 constitisse.
642 1447 754 1487 Nam
791 1448 1028 1503 primorum
1062 1448 1274 1490 mensium
1308 1449 1460 1491 litteris
1497 1454 1580 1493 tuis

142 1505 417 1546 vehementer
438 1504 757 1554 commovebar,
776 1505 891 1559 quod
913 1504 1019 1545 mihi
1042 1505 1256 1546 interdum
1278 1510 1404 1562 (pace
1423 1517 1496 1549 tua
1517 1510 1582 1550 di.

144 1562 301 1612 xerim)
321 1562 424 1602 levis
448 1561 489 1601 in
525 1561 640 1601 urbis
663 1561 1004 1617 urbanitatisque
1025 1563 1253 1614 desiderio,
1275 1564 1491 1606 interdum
1516 1568 1580 1622 pi-

144 1633 234 1676 ger,
258 1618 470 1659 interdum
495 1618 669 1658 timidus
690 1618 731 1658 in
754 1617 899 1659 labore
921 1619 1110 1671 militari,
1132 1634 1247 1676 saepe
1268 1630 1412 1662 autem
1433 1623 1580 1676 etiam,

141 1679 181 1708 55
195 1675 309 1732 quod
340 1691 365 1716 a
388 1683 429 1715 te
449 1674 757 1716 alienissimum
790 1685 868 1726 est,
888 1676 1196 1733 subimpudens
1220 1678 1434 1719 videbare.
1471 1689 1579 1721 tam-

140 1747 269 1789 quam
291 1732 406 1773 enim
430 1731 720 1788 syngrapham
743 1733 794 1773 ad
820 1732 1137 1788 imperatonem,
1161 1749 1245 1775 non
1265 1735 1493 1791 epistolam
1514 1748 1579 1779 at-

141 1790 329 1842 tulisses-,3
352 1789 427 1839 sic,
451 1790 633 1846 pecunia
655 1789 811 1841 ablata,
832 1790 1007 1831 domum
1033 1791 1168 1832 redire
1189 1793 1474 1848 properabas:
1499 1809 1578 1836 nec

142 1848 220 1889 tibi
243 1847 286 1888 in
315 1854 502 1887 mentem
533 1846 747 1898 veniebat,
769 1861 840 1888 eos
870 1847 1002 1904 ipsos,
1032 1849 1154 1904 56qui
1185 1863 1284 1890 cum
1319 1851 1577 1908 syngraphis

136 1905 354 1946 venissent
385 1903 708 1956 Alexandriam,
741 1918 922 1945 numum
954 1905 1094 1947 adhuc
1119 1905 1281 1947 nullum
1304 1907 1470 1950 auferre
1498 1924 1575 1966 po-

139 1963 284 2003 tuisse.
346 1960 457 2018 Ego,
481 1961 513 2001 si
534 1961 617 2001 mei
635 1962 852 2003 commodi
875 1963 1084 2003 rationem
1105 1964 1319 2015 ducerem,
1341 1975 1381 2005 te
1404 1980 1574 2008 mecum

135 2033 227 2061 esse
249 2019 438 2060 maxime
473 2017 638 2059 vellem.
669 2033 756 2060 non
786 2019 900 2060 enim
932 2020 1138 2061 mediocri
1169 2021 1390 2062 afficiebar
1412 2023 1476 2064 vel
1502 2039 1574 2065 vo-

140 2077 306 2132 luptate
347 2090 401 2117 ex
442 2076 754 2117 consuetudine
795 2086 956 2128 nostra,
999 2077 1065 2118 vel
1107 2077 1294 2119 utilitate
1335 2093 1390 2120 ex
1432 2082 1574 2122 consi-

138 2133 196 2174 lio
237 2142 367 2188 atque
408 2147 539 2188 opera
581 2142 668 2173 tua.
730 2133 813 2174 Sed
855 2149 954 2176 cum
996 2144 1037 2175 te
1078 2149 1132 2175 ex
1174 2135 1463 2178 adolescentia
1500 2147 1574 2181 tua

138 2191 183 2232 in
218 2189 454 2231 amicitiam
487 2198 531 2229 et
558 2189 687 2230 fidem
720 2204 860 2232 meam
894 2191 1172 2234 contulisses:
1221 2207 1389 2250 semper
1421 2205 1463 2236 te
1484 2210 1572 2238 non

135 2247 266 2288 modo
300 2247 507 2288 tuendum
543 2246 665 2297 mihi,
696 2248 768 2289 sed
806 2248 935 2289 etiam
972 2249 1217 2304 augendum
1252 2259 1382 2306 atque
1416 2267 1573 2294 ornan-

137 2304 241 2345 dum
285 2304 449 2360 putavi.
523 2301 674 2359 Itaque
711 2305 853 2359 quoad
891 2305 1093 2361 opinatus
1134 2321 1242 2358 sum,
1282 2322 1351 2349 me
1393 2309 1435 2350 in
1474 2325 1573 2366 pro-

137 2361 323 2403 vinciam
365 2361 599 2413 exiturum,
641 2363 678 2395 57
694 2375 790 2416 quae
832 2362 883 2403 ad
927 2372 968 2403 te
1008 2363 1120 2404 ultro
1151 2364 1383 2418 attulerim,
1422 2368 1572 2409 memi-

175 2520 216 2549 54
236 2527 325 2549 nunc
339 2517 586 2558 vero-wideris]
618 2517 698 2549 Haec
710 2517 830 2549 absunt
874 2518 1076 2551 Gebhardus.
1120 2521 1152 2552 Si
1184 2522 1401 2554 alienissimus
1431 2524 1570 2556 dedisset

135 2569 156 2591 a
171 2560 233 2590 Ms.
250 2570 334 2591 meo.
875 2561 1003 2600 Cicero,
1019 2573 1086 2594 non
1101 2563 1275 2595 addidisset
1288 2565 1381 2604 quod.

174 2604 214 2633 55
237 2612 266 2642 q.
289 2612 311 2632 a
336 2607 367 2633 te
388 2602 605 2633 alienissimus
624 2606 656 2633 et
675 2602 829 2643 subimp]
920 2605 958 2635 56
979 2606 1035 2645 qui.
1047 2615 1122 2636 cum
1132 2608 1331 2647 syngraphis
1343 2618 1374 2639 υ.
1389 2607 1500 2647 Αἶαν]
1525 2618 1571 2641 sc.

132 2643 185 2674 Sic
208 2644 274 2675 fere
299 2644 373 2675 libri
395 2654 456 2675 scr.
479 2650 512 2675 et
535 2644 606 2675 edd.
630 2655 678 2685 pr.
701 2649 736 2675 at
758 2644 830 2676 edd.
876 2646 916 2677 ad
927 2647 1100 2687 petendam
1111 2649 1297 2688 pecuniam,
1312 2659 1409 2688 quam
1428 2659 1481 2680 rex
1495 2649 1572 2681 Pto·

131 2691 208 2716 ante
234 2686 419 2717 Victor-ium
448 2686 524 2717 inde
551 2687 591 2718 ab
617 2687 828 2724 Aseensiana,
871 2688 1007 2719 lemaeus
1029 2689 1168 2721 debebat
1187 2691 1426 2721 feneratoribus
1449 2692 1572 2725 Roma-

131 2728 365 2759 alienissimum
387 2733 445 2765 est,
469 2729 606 2770 subimp.
631 2729 717 2769 quod
739 2733 773 2760 et
792 2730 828 2761 P.
872 2732 936 2768 nis,
962 2741 1020 2762 nee
1041 2732 1198 2763 solvebat.
1223 2732 1261 2763 de
1284 2742 1348 2772 quo
1371 2734 1405 2763 in
1427 2733 1485 2766 or.
1511 2746 1572 2776 pro

131 2768 304 2800 Manutius
319 2781 395 2802 cum
410 2782 496 2811 seqq.
520 2771 672 2809 servavit,
688 2776 722 2802 et
738 2772 828 2802 Grae-
872 2773 954 2804 Rab.
970 2774 1060 2804 Post.

137 2812 207 2842 vius
223 2811 258 2842 in
273 2811 323 2843 ed.
340 2813 601 2844 sec.Victoriu1n
617 2813 767 2845 imitatus
780 2817 830 2844 est
916 2817 954 2850 57
979 2825 1049 2856 quoe
1072 2816 1117 2846 ad
1137 2819 1168 2845 te
1189 2817 1277 2847 ultro
1299 2817 1482 2858 attulerim]
1509 2818 1569 2850 Le-

782 2861 865 2898 MS
