1903 3218
302 102 380 138 224
656 93 659 96 ⁴
690 92 870 138 EPIST.
907 99 1091 139 LIBER
1128 99 1330 140 NONUS

304 204 415 263 sima
438 203 625 253 fuerunt,
646 212 691 244 et
715 205 830 259 quia,
851 218 948 245 cum
970 205 1157 246 viderem
1191 204 1378 260 praesidii
1400 217 1486 244 non
1517 202 1620 245 satis
1640 216 1732 244 esse

303 261 357 303 ad
378 276 429 303 ea
457 261 708 311 obtinenda,
731 261 1163 302 viribuscertandum
1186 276 1284 303 cum
1309 261 1612 302 valentioribus
1645 274 1731 302 non

303 317 505 375 putarim.
568 316 683 373 Ergo
706 318 748 358 in
770 318 915 359 officio
948 319 1050 359 boni
1073 317 1194 368 civis,
1216 328 1331 359 certe
1361 331 1446 358 non
1469 331 1730 373 suinrepre-

301 375 565 418 hendendus.
627 375 857 429 Reliquum
888 384 967 424 est,
989 389 1042 415 ne
1063 375 1166 430 quid
1198 375 1339 425 stulte,
1363 389 1414 415 nc
1444 374 1547 428 quid
1573 384 1730 414 temere

300 433 441 475 dicam
473 441 547 473 aut
572 430 728 473 faciam
754 441 905 472 contra
927 442 1138 485 potentes·
1170 431 1212 472 id
1234 445 1404 486 quoque
1427 441 1532 486 puto
1554 444 1644 471 esse
1665 444 1730 470 sa-

301 490 473 546 pientis
533 489 690 530 Cetera
721 501 835 537 vero,
864 487 967 542 quid
997 488 1179 542 quisque
1210 502 1277 528 me
1306 489 1467 529 dixisse
1496 487 1626 538 dicat,
1657 496 1734 528 aut

300 547 519 604 quomodo
550 545 620 586 ille
649 543 848 599 accipiat,
873 553 948 584 aut
978 558 1062 599 qua
1092 544 1176 585 fide
1209 557 1373 585 mecum
1408 545 1554 586 vivant
1585 544 1628 596 ii,
1657 543 1731 598 qui

301 611 371 645 me
391 603 558 644 assidue
579 599 727 642 colunt
748 610 792 642 et
816 601 1061 651 observant,
1085 609 1286 656 praestare
1308 615 1393 642 non
1415 615 1603 656 possum.
1666 599 1735 641 Ita

302 662 366 712 fit,
388 670 437 701 ut
457 669 501 701 et
530 656 807 700 consiliorum
839 658 1105 712 superiorum
1136 657 1414 708 conscientia,
1435 668 1478 698 et
1510 659 1733 714 praesentis

301 717 508 773 temporis
537 714 831 757 moderatione
853 728 921 754 me
943 713 1158 755 consoler:
1190 723 1233 754 et
1255 713 1370 754 illam
1392 713 1514 755 Accii
1535 714 1734 755 similitu-

301 775 446 816 dinem
477 774 518 804 64
533 787 617 813 non
655 770 824 824 [modo]
859 770 953 825 jam
985 772 1038 812 ad
1069 771 1292 820 invidiam,
1324 770 1396 811 sed
1430 771 1481 811 ad
1518 771 1734 812 fortunam

303 831 583 872 transferam:
614 841 743 882 quam
776 827 978 868 existimo
1010 827 1147 869 levem
1175 836 1219 868 et
1253 826 1526 878 imbecillam,
1554 828 1595 858 65
1608 837 1652 868 et
1679 828 1734 868 ab

302 889 447 929 animo
481 885 604 926 firmo
641 892 686 924 et
721 884 855 938 gravi,
895 892 1114 939 tamquam
1153 884 1334 924 fluctum
1373 898 1398 924 a
1436 898 1557 935 saxo,
1592 882 1733 940 frangi

304 953 516 1001 oportere.
580 941 753 982 Etenim
776 955 873 981 cum
907 941 1032 996 plena
1055 942 1141 982 sint
1164 949 1444 982 monumenta
1466 940 1738 991 Graecorum,

304 999 668 1057 quemadmodum
699 998 1003 1054 sapientissimi
1036 999 1114 1038 viri
1146 1012 1277 1054 regna
1307 997 1483 1038 tulerint
1514 997 1580 1038 vel
1600 996 1739 1038 Athe-

285 1059 387 1109 .1'1is‚
408 1057 475 1098 vel
506 1055 754 1111 Syracusis;
785 1069 899 1105 cum,
926 1055 1209 1096 servientibus
1241 1055 1326 1094 suis
1358 1054 1622 1105 civitatibus,
1645 1053 1738 1095 fue-

306 1116 392 1156 rint
429 1114 512 1170 ipsi
551 1112 871 1167 quodammodo
910 1111 1059 1153 liberi:
1097 1126 1179 1167 ego
1218 1125 1287 1152 me
1317 1125 1402 1151 non
1443 1120 1590 1166 putem
1632 1110 1743 1156 tueri

305 1186 447 1213 meum
471 1180 630 1212 statum
654 1169 715 1210 sic
741 1183 878 1223 posse,
903 1177 950 1208 ut
973 1183 1110 1224 neque
1141 1168 1355 1209 offendam
1382 1168 1573 1208 animum
1595 1167 1740 1222 cujus-

304 1244 448 1284 quam,
468 1242 546 1269 nec
568 1227 763 1282 frangam
788 1225 1044 1281 dignitatem
1067 1239 1204 1266 meam
1225 1229 1236 1267 ?
1298 1225 1428 1266 Nunc
1451 1225 1577 1265 vcnio
1599 1225 1650 1265 ad
1668 1224 1740 1278 jo-

305 1286 497 1327 cationes
528 1293 637 1334 tuas,
666 1297 799 1338 quum
833 1293 877 1323 tu
910 1283 1143 1323 secundum
1175 1282 1442 1323 OEnomaum
1473 1281 1613 1332 Accii,
1638 1295 1740 1333 non,

306 1353 355 1383 ut
392 1342 494 1384 olim
537 1341 716 1390 solebat,
745 1339 1070 1390 66Atellanum3
1113 1340 1201 1390 sed,
1237 1349 1285 1379 ut
1322 1353 1436 1379 nunc
1466 1338 1531 1388 fit,
1561 1338 1741 1379 mimum

306 1398 603 1441 introduxisti.
665 1397 807 1442 Quem
832 1405 875 1436 tu
899 1396 1005 1437 mihi
1036 1397 1074 1430 67
1095 1396 1328 1452 Popilium,
1351 1409 1477 1450 quem
1503 1394 1739 1435 Denarium

307 1459 479 1498 narras?
509 1469 639 1510 quam
669 1452 943 1509 Tyrotarichi
969 1453 1158 1508 patinam
1180 1455 1193 1494 ?
1226 1452 1432 1493 facilitate
1460 1466 1554 1492 mea
1578 1452 1659 1492 ista
1679 1450 1741 1492 fe-

307 1514 512 1555 rebantur
532 1520 684 1552 antea:
717 1524 831 1551 nunc
853 1519 1019 1550 mutata
1039 1523 1105 1549 res
1123 1518 1203 1549 est.
1264 1508 1455 1549 Hirtium
1479 1522 1561 1563 ego
1583 1517 1626 1548 et
1652 1506 1742 1549 Do-

307 1570 505 1611 labellam
555 1567 727 1608 dicendi
778 1565 1012 1622 discipulos
1064 1566 1219 1615 habeo,
1265 1565 1447 1607 cenandi
1497 1565 1742 1620 magistros.

316 1627 428 1668 Puto
457 1626 587 1675 enim,
609 1634 653 1665 te
682 1623 864 1674 audisse,
887 1624 920 1664 si
953 1622 1064 1664 forte
1095 1623 1148 1664 ad
1171 1636 1246 1664 vos
1276 1622 1423 1672 omnia
1453 1621 1744 1677 perferuntur,

309 1685 404 1726 illos
421 1684 535 1741 apud
567 1695 635 1722 me
665 1680 953 1730 declamitare,
984 1694 1051 1721 me
1082 1681 1195 1736 apud
1218 1694 1291 1721 eos
1320 1679 1524 1720 cenitare.
1582 1677 1648 1719 Tu
1670 1691 1746 1720 au-

309 1752 413 1792 tem,
433 1740 550 1796 quod
573 1737 680 1779 mihi
712 1738 869 1779 bonam
893 1737 1062 1793 copiam
1083 1738 1238 1793 ejureS‚
1259 1735 1369 1777 nihil
1389 1745 1467 1776 est.
1500 1744 1591 1776 tum
1614 1735 1749 1787 enim,-

308 1812 407 1841 cum
447 1812 536 1839 rem
574 1795 778 1846 habebas,
816 1793 1081 1850 quaesticulis
1119 1803 1162 1834 te
1200 1794 1410 1835 faciebam
1454 1793 1745 1833 attentiorem.

309 1870 441 1906 nunc,
471 1855 511 1886 63
525 1867 621 1894 cum
643 1860 732 1892 tarn
754 1865 880 1906 aequo
898 1852 1041 1892 animo
1064 1852 1178 1892 bona
1199 1851 1365 1907 perdas,
1383 1864 1468 1890 non
1493 1863 1544 1890 eo
1565 1850 1620 1889 sis
1642 1864 1746 1891 con-

311 1913 421 1963 silio,
444 1921 506 1963 ut,
528 1924 626 1952 cum
658 1923 727 1950 me
764 1908 955 1964 hospitio
992 1907 1186 1964 recipias,
1218 1907 1548 1949 aestimationem
1590 1916 1633 1947 te
1669 1906 1746 1947 ali-

309 1984 437 2026 quam
462 1979 586 2025 putes
616 1966 826 2022 accipere.
857 1966 988 2006 etiam
1009 1964 1105 2007 haec
1123 1964 1256 2006 levior
1277 1972 1341 2005 est
1364 1963 1490 2020 plaga
1511 1962 1566 2004 ab
1587 1962 1749 2014 amico,-

323 2093 331 2097 ·
352 2084 394 2115 64
413 2093 478 2113 non
500 2080 591 2112 modo
606 2079 685 2121 jam
699 2079 746 2110 ad
763 2079 936 2115 invidiam,
952 2078 1009 2108 sed
1049 2078 1113 2109 Gu.
1141 2080 1173 2108 2.
1209 2077 1281 2108 edd.
1324 2077 1421 2108 Rom.
1461 2078 1550 2111 1471.
1591 2077 1668 2107 Asc.
1694 2085 1745 2116 pr.

311 2124 468 2165 adfore]
507 2123 599 2154 modo
621 2131 674 2152 me
701 2131 830 2162 semper
856 2120 1006 2158 offendit,

312 2168 407 2208 idque
425 2166 573 2208 spurium
596 2169 678 2205 puto
700 2169 799 2203 atque
821 2162 1008 2194 delendum.

312 2219 390 2241 nam
403 2217 516 2240 sensus
530 2212 592 2243 est,
607 2212 646 2236 ut
671 2211 759 2237 recte
783 2205 864 2236 vidit
890 2206 1009 2236 Manu-

311 2254 395 2284 tius:
418 2249 553 2286 invidia,
575 2257 674 2288 quam
701 2248 759 2279 ina
780 2248 871 2278 Accii
894 2246 1009 2278 simili-

311 2295 427 2326 tudine
441 2291 608 2323 vitandam
626 2300 752 2327 mones,
767 2299 834 2320 non
856 2295 906 2321 est
928 2288 1009 2319 mihi

311 2335 471 2372 timenda,
487 2333 542 2364 sed
565 2333 699 2363 fortuna
714 2333 862 2363 adversa:
888 2333 922 2363 in
946 2340 1010 2371 quo

314 2380 406 2412 modo
421 2378 530 2409 locum
547 2384 613 2405 non
627 2374 738 2406 habet.

359 2422 399 2453 65
421 2421 462 2451 ab
502 2416 625 2456 animo]
663 2416 779 2447 Addidi
814 2417 855 2447 ab
890 2426 908 2446 e
944 2415 1008 2445 Ms.

317 2473 405 2500 meo,
424 2462 488 2493 Gn.
514 2462 541 2489 1.
564 2461 595 2489 2.
641 2459 731 2489 Gorl.
754 2463 789 2488 et
811 2458 882 2489 edd.
899 2467 948 2498 pr.
972 2461 1012 2487 ut

316 2506 415 2537 Rom.
433 2505 522 2537 1471.
560 2500 649 2533 Med.
674 2502 732 2532 διο.
753 2501 802 2530 ita
824 2500 940 2530 melius
960 2508 1011 2529 re-

314 2547 455 2589 spondet
477 2542 571 2576 alteri
585 2544 732 2585 fluctum
750 2551 873 2572 asa-to,
916 2543 1012 2572 Cete-

313 2600 387 2621 rum
409 2589 521 2620 durior
546 2585 627 2616 mihi
653 2585 707 2616 hic
734 2590 785 2614 est
809 2583 915 2614 oratio
943 2583 1010 2613 visa

312 2636 448 2672 propter
483 2628 565 2660 illud
602 2629 701 2659 levem
733 2629 765 2656 et
799 2626 1009 2661 imbecillam,

312 2674 400 2714 quod
413 2683 480 2704 non
496 2669 574 2703 satis
595 2675 670 2711 apte
692 2677 768 2699 cum
781 2667 897 2699 ceteris
912 2667 1011 2697 strui-

312 2722 381 2747 tur.
413 2716 451 2747 In
467 2715 530 2745 Ms.
549 2722 622 2744 meo
635 2712 700 2743 fuit
712 2715 743 2741 et
756 2709 1006 2750 interpositum:

313 2761 346 2788 et
364 2757 405 2788 ab
427 2768 457 2787 a.
479 2756 534 2787 sed
556 2759 738 2786 correctum
761 2756 812 2784 est
835 2761 958 2787 rasura,
974 2756 1011 2780 ut

314 2805 429 2830 tamen
455 2799 590 2837 vestigia
615 2796 704 2827 verbi
720 2798 911 2835 *appareant
935 2802 1012 2823 cum

315 2841 446 2874 lacuna.
492 2841 550 2871 Est
565 2849 640 2870 vero
655 2842 689 2870 et
703 2837 760 2869 illa
769 2835 887 2878 copula
900 2838 934 2866 in
949 2834 1012 2867 Ms.

1049 2121 1161 2158 itaque
1178 2119 1296 2150 addidi.

1092 2162 1133 2192 66
1154 2160 1362 2200 Atellanam]
1402 2159 1479 2190 Non
1505 2159 1634 2191 videtur
1667 2169 1746 2190 con-

1051 2203 1229 2234 temnenda
1275 2205 1313 2234 A.
1362 2201 1538 2241 Augustini
1587 2203 1747 2232 correctio

1050 2246 1252 2277 Atellanam.
1296 2246 1384 2276 Nam
1420 2244 1592 2275 Atellanus
1625 2243 1748 2286 (actor)

1050 2292 1134 2319 esset
1151 2289 1218 2329 ipse
1241 2288 1401 2329 Papirius,
1417 2287 1472 2326 qui
1495 2286 1564 2317 scil.
1578 2286 1631 2317 hic
1647 2285 1748 2316 licen-

1052 2331 1117 2360 tius
1134 2331 1266 2370 jocatus
1281 2334 1363 2366 erat,
1380 2339 1447 2359 non
1469 2332 1508 2358 ut
1521 2328 1676 2363 Atellani,
1693 2327 1748 2358 sed

1052 2377 1090 2402 ut
1113 2372 1218 2404 mimi.
1263 2372 1324 2402 Sed
1347 2380 1414 2401 non
1433 2371 1499 2411 ipse
1521 2380 1554 2400 se
1577 2369 1687 2411 potuit
1701 2371 1751 2399 in-

1053 2414 1187 2446 ducere:
1212 2419 1246 2444 et
1267 2413 1330 2444 hoc
1352 2413 1500 2448 verbum,
1515 2413 1580 2442 sive
1602 2412 1750 2441 introdu-

1054 2467 1136 2494 cere,
1166 2456 1286 2486 dicitur
1312 2456 1413 2486 etiam
1449 2453 1487 2484 de
1515 2453 1634 2484 fabulis
1663 2454 1752 2494 ipsis.-

1056 2498 1108 2529 lta
1122 2504 1155 2529 et
1172 2499 1292 2528 mimus
1304 2497 1366 2527 erit
1385 2496 1424 2527 de
1443 2506 1489 2532 rc,
1506 2505 1572 2526 non
1587 2496 1625 2527 de
1641 2495 1750 2527 histri-

1056 2549 1119 2571 one
1133 2539 1341 2579 capiendum.

1094 2583 1133 2615 67
1163 2579 1586 2621 Popilium—Denarium]
1624 2579 1674 2610 De
1699 2579 1752 2612 his

1054 2624 1135 2655 nihil
1150 2623 1309 2653 extricare
1330 2626 1465 2662 potuere
1488 2622 1547 2651 viri
1569 2622 1669 2658 docti,
1684 2627 1750 2654 est-

1053 2676 1113 2704 que
1129 2665 1235 2696 inanis
1258 2665 1350 2694 labor
1369 2664 1475 2694 omnis
1498 2664 1566 2694 sine
1584 2664 1674 2695 libris
1691 2674 1750 2696 no-

1055 2708 1099 2737 vis
1115 2713 1148 2738 et
1164 2707 1215 2737 hic
1233 2707 1432 2737 melioribus.

1097 2749 1136 2780 63
1159 2758 1234 2779 cum
1256 2754 1326 2778 tam
1349 2758 1434 2789 cz‘quo
1454 2750 1563 2778 animo
1578 2749 1659 2779 bona
1675 2757 1754 2788 per-

1056 2791 1128 2831 das]
1154 2799 1198 2821 sc.
1218 2800 1276 2831 per
1298 2791 1532 2822 aestimationes
1552 2790 1625 2823 inas
1647 2801 1667 2823 a
1681 2790 1754 2822 ‹3ae-

1055 2843 1125 2866 sare
1139 2833 1299 2865 inductas.
