1860 3228
369 77 450 115 AD
474 77 532 114 M.
558 74 812 114 MARIUM
838 74 912 111 ET
939 75 1222 115 CETEROS.
1441 87 1514 126 157

550 175 553 177 ’
595 178 1000 216 ARGUMENTUM.
1521 196 1549 232 4

118 242 322 279 Praemonet
338 242 504 279 Marium
522 242 565 278 de
581 243 737 277 adventu
754 253 818 278 suo
836 243 875 277 in
894 241 1167 288 Pompeianum.
1203 242 1341 279 Eodem
1359 257 1464 282 anno.

422 309 490 350 M.
512 308 563 350 T.
587 308 638 350 C.
673 307 740 349 M.
765 307 975 349 MARIO
1010 308 1054 349 S.
1081 307 1137 349 D.
1522 319 1617 352 nse„

80 368 121 397 ²⁵
140 366 206 418 A.
242 377 298 420 D.
333 392 400 420 rx.
434 376 530 418 Kal.
564 376 606 417 in
632 375 877 417 Cumanum
900 376 997 417 veni
1020 391 1118 417 cum
1143 376 1308 418 Libone
1330 386 1421 430 tuo,
1443 381 1509 423 vel
1522 365 1552 387 a.

80 444 227 478 nostro
262 435 417 492 potius.
450 434 493 474 in
530 433 844 490 Pompeianum
878 434 1023 474 statim
1054 434 1217 490 cogito.
1249 435 1320 476 sed
1353 436 1509 480 faciam

79 502 179 534 ante
203 503 243 534 te
263 491 502 532 certiorem.
543 489 605 531 Te
626 505 722 532 cum
748 504 915 546 semper
938 490 1075 531 valere
1096 492 1241 548 cupio,
1265 501 1355 533 tum
1380 503 1510 547 certe,

79 549 181 590 dum
205 549 274 590 hic
296 562 456 588 sumus,
516 548 556 578 26
572 548 700 589 Vides
723 548 853 598 enim,
887 556 1049 602 quanto
1072 559 1170 603 post
1193 563 1276 590 una
1298 549 1430 591 futuri
1455 552 1511 593 si-

80 621 189 647 mus.
252 605 410 655 Quare,
441 607 479 639 2Ἰ
496 604 528 644 si
561 605 675 660 quod
708 605 992 645 constitutum
1025 619 1124 646 cum
1151 606 1342 663 podagra
1362 607 1510 661 habes,

80 663 147 704 fac
179 670 226 702 ut
257 662 298 702 in
332 661 460 702 alium
492 661 606 702 diem
637 661 822 702 differas.
885 660 1001 702 Cura
1022 661 1169 718 igitur,
1201 673 1249 703 ut
1272 663 1435 708 valeas:
1466 675 1510 707 et

80 733 147 760 me
171 718 254 760 hoc
280 719 409 759 biduo
432 728 505 759 aut
529 719 670 760 triduo
693 727 911 774 exspecta.

594 807 997 845 ARGUMENTUM.
1525 820 1550 857 5

78 870 116 907 C.
141 870 349 907 Trebatium
373 871 530 912 Testam,
541 869 856 916 jurisconsultum,
875 870 1109 919 familiarem
1132 883 1248 915 suum,
1270 873 1403 911 Caesari
1425 875 1513 911 Gal-

338 924 472 959 [iarum
486 924 708 971 proconsuli,
725 924 1000 971 diligentissime
1018 925 1255 961 commendat.

346 989 582 1032 CICERO
605 989 847 1032 CAESARI
872 990 1092 1032 IMPER.
1124 991 1168 1032 S.
1194 991 1251 1034 D.

83 1046 260 1109 VIDE,
291 1073 420 1114 quam
444 1058 549 1098 milii
576 1058 871 1114 persuaserim,
891 1061 929 1089 28
944 1069 985 1099 te
1007 1073 1099 1100 esse
1119 1059 1300 1101 alterum
1321 1075 1404 1114 me,
1425 1076 1514 1105 non

79 1117 208 1158 modo
232 1117 276 1156 in
298 1117 364 1157 his
387 1115 528 1166 rebus,
550 1131 648 1171 quae
671 1116 724 1157 ad
750 1130 816 1156 me
838 1116 993 1171 ipsum,
1017 1116 1088 1157 sed
1108 1117 1238 1158 etiam
1261 1118 1302 1159 in
1326 1118 1392 1170 iis,
1416 1134 1514 1175 quae

79 1173 130 1214 ad
163 1188 282 1214 meos
315 1173 544 1229 pertinent.
608 1172 659 1213 C.
683 1172 932 1213 Trebatium
957 1173 1211 1228 cogitaram,
1242 1189 1514 1232 quocumque

78 1231 257 1281 exirem,
279 1244 447 1271 mecum
467 1229 637 1280 ducere,
659 1239 705 1269 ut
722 1243 835 1279 eum,
855 1229 960 1269 meis
979 1229 1180 1271 omnibus
1201 1232 1367 1283 studiis,
1385 1234 1515 1275 bene-

78 1287 187 1328 ficiis
210 1301 340 1342 quam
363 1285 699 1336 ornatissimum,
722 1286 898 1326 domum
924 1285 1186 1328 reducerem.
1238 1288 1321 1330 Sed
1344 1296 1514 1345 postea-

76 1357 206 1399 quam
227 1353 271 1384 et
297 1341 495 1399 Pompeii
527 1343 812 1384 commoratio
834 1342 1078 1384 diuturnior
1099 1353 1204 1395 erat,
1237 1360 1365 1400 quam
1390 1356 1514 1403 puta-

76 1415 192 1453 ram;
223 1409 267 1441 et
289 1415 385 1442 mea
406 1399 603 1455 quaedam
628 1400 708 1440 tibi
733 1415 817 1440 non
843 1400 994 1456 ignota
1015 1400 1245 1453 dubitatio,
1273 1412 1347 1444 aut
1377 1405 1514 1461 impe-

76 1457 167 1499 dire
189 1456 504 1513 profectionem
526 1471 664 1498 meam
688 1457 929 1508 videbatur,
952 1466 1026 1498 aut
1049 1467 1164 1499 certe
1181 1460 1370 1503 tardare:
1397 1463 1512 1515 vide,

76 1514 182 1570 quid
203 1514 311 1555 mihi
334 1514 573 1555 sumserim.
636 1513 767 1570 Coepi
792 1514 911 1565 velle,
934 1529 985 1555 ea
1006 1514 1257 1558 Trebatium
1285 1529 1513 1574 exspecta-

76 1585 122 1613 re
152 1586 177 1612 a
208 1580 264 1622 te,
295 1586 392 1626 quae
425 1580 635 1626 sperasset
666 1587 690 1612 a
721 1586 803 1612 me.
866 1572 1020 1627 Neque
1042 1573 1284 1615 mehercule
1304 1576 1445 1618 minus
1472 1578 1513 1618 ei

76 1628 245 1684 prolixe
267 1628 320 1671 de
342 1638 416 1669 tua
435 1627 657 1669 voluntate
675 1628 868 1684 promisi,
890 1643 1021 1684 quam
1043 1644 1156 1671 eram
1178 1631 1327 1673 solitus
1347 1633 1399 1674 de
1418 1648 1515 1676 mea

75 1685 283 1742 polliceri.
345 1685 481 1726 Casus
520 1699 619 1726 vero
652 1686 859 1727 mirificus
898 1686 1074 1741 quidam
1107 1687 1352 1741 intervenit,
1390 1692 1512 1746 quasi

78 1742 145 1784 vel
186 1741 306 1783 testis
347 1741 565 1798 opinionis
608 1756 732 1794 meae,
770 1742 838 1784 vel
873 1757 1055 1798 sponsor
1088 1743 1368 1787 humanitatis
1409 1758 1512 1792 tuae.

78 1799 194 1841 Nam
215 1814 314 1841 cum
337 1799 390 1841 de
411 1798 495 1841 hoc
517 1799 612 1855 ipso
635 1799 842 1841 Trebatio
864 1814 964 1841 cum
987 1800 1125 1842 Balbo
1147 1811 1296 1844 nostro
1318 1803 1515 1860 loquerer

76 1857 318 1899 accuratius
340 1857 457 1898 domi
488 1870 612 1908 meae,
639 1856 794 1898 litterae
825 1856 932 1899 mihi
965 1857 1121 1899 dantur
1141 1874 1167 1900 a
1189 1869 1255 1903 te:
1288 1862 1445 1916 quibus
1468 1864 1514 1906 in

75 1914 281 1959 extremis
304 1915 513 1969 scriptum
544 1921 649 1965 erat,
672 1913 743 1955 M.
771 1913 944 1969 Offiu”²›
974 1929 1090 1970 quem
1118 1916 1221 1958 mihi
1248 1920 1511 1974 commendas,
1526 1940 1558 1973 b.

74 1971 140 2013 vel
157 1986 289 2030 regem
314 1970 468 2013 Gallice
473 1969 657 2028 faciam,
678 1973 719 2006 29
731 1971 797 2014 vel
814 1971 920 2013 hunc
944 1971 1086 2028 Leptae
1107 1972 1262 2030 delego.
1304 1975 1354 2017 Si
1373 1977 1433 2019 vis
1453 1985 1513 2032 tu,

114 2109 156 2138 25
182 2107 224 2137 A.
245 2107 278 2138 d.
303 2107 351 2138 ix.
376 2105 471 2146 Kal]
496 2105 628 2137 Nomen
651 2106 772 2137 mensis

74 2157 142 2179 non
155 2154 206 2180 est
220 2149 380 2186 additum,
395 2150 471 2188 quia
485 2149 604 2179 mensis
619 2148 674 2179 ille
691 2159 772 2179 non-

73 2191 153 2222 dum
178 2191 314 2229 exierat,
339 2200 404 2231 quo
432 2195 566 2221 venerat
588 2191 624 2221 in
650 2192 772 2222 Cuma-

74 2242 167 2263 num.

115 2276 156 2306 26
172 2274 424 2313 Vides—simus]
451 2274 532 2305 Haec
547 2274 667 2305 delevit
681 2275 772 2306 Grae-

72 2317 143 2347 vius
158 2321 292 2348 auctore
311 2317 375 2347 Ms.
399 2316 470 2348 Pal.
495 2320 528 2347 et
550 2326 609 2347 suo
631 2318 772 2357 optimo,

71 2359 156 2398 quod
166 2369 232 2390 non
242 2359 402 2390 haberent
411 2359 619 2390 commodum
628 2368 772 2397 sensum,

815 2116 928 2138 verum
943 2111 1005 2144 est,
1019 2108 1230 2140 constitutum
1244 2110 1448 2144 substantive
1462 2124 1516 2146 ac-

814 2149 1013 2189 cipiendum,
1038 2154 1074 2180 ut
1096 2150 1132 2181 in
1146 2152 1364 2191 jure'dictum
1387 2160 1458 2188 est:
1481 2159 1518 2189 in

815 2201 914 2230 quam
931 2201 998 2222 rem
1014 2191 1105 2223 locus
1119 2192 1270 2225 classicus
1286 2201 1336 2226 est
1356 2197 1440 2239 Top.
1467 2202 1516 2232 12.

816 2242 845 2263 ν.
861 2233 953 2265 Clav.
969 2234 1031 2264 Sed
1043 2234 1099 2265 alii
1109 2234 1183 2266 libri
1195 2241 1229 2267 et
1240 2236 1313 2268 edd.
1329 2248 1377 2279 pr.
1394 2240 1518 2273 habent

814 2276 901 2315 quid.
913 2276 1050 2307 varietas
1064 2283 1114 2308 est
1128 2287 1146 2307 e
1159 2280 1352 2320 compendio
1366 2283 1419 2321 qd.
1431 2284 1519 2315 Prae-

815 2317 883 2348 fero
911 2323 1025 2349 tamen
1052 2319 1148 2359 quod,
1177 2326 1215 2351 ut
1238 2324 1449 2356 constitutum
1474 2327 1518 2357 sit

815 2360 1019 2391 substantive
1033 2361 1183 2402 dictum;
1206 2368 1341 2405 propter
1354 2366 1437 2398 illud
1451 2367 1517 2408 dzf-

67 2401 178 2441 judice
192 2401 368 2432 Manutio:
385 2411 515 2442 nempe,
528 2402 604 2441 quia
615 2411 682 2432 non
696 2412 773 2432 con-
803 2400 867 2441 fer
880 2403 916 2433 in
930 2404 1036 2434 alium
1050 2405 1147 2435 diem.

71 2444 234 2474 sentirent
248 2443 393 2474 ultimis:
408 2453 459 2474 me
471 2445 528 2474 hoc
538 2445 631 2474 biduo
642 2448 704 2475 aut
711 2446 772 2475 tri-

72 2485 135 2516 duo
156 2490 315 2526 eoespecta.
360 2485 422 2516 Sed
444 2485 515 2516 haec
537 2496 589 2517 me
611 2495 679 2516 non
700 2496 771 2517 mo-

72 2531 162 2559 vent.
207 2529 326 2559 Sensus
353 2533 422 2558 est:
452 2533 545 2568 opto,
570 2532 609 2559 ut
629 2533 667 2559 tu
690 2529 773 2560 bene

73 2569 192 2607 valeas,
214 2580 314 2610 quarn
335 2569 391 2601 diu
413 2570 448 2601 in
470 2570 520 2600 his
540 2570 620 2601 locis
637 2572 772 2609 erimus,

74 2617 114 2642 ut
141 2612 328 2652 frequenter
352 2622 420 2643 una
447 2622 516 2643 esse
541 2619 577 2643 et
604 2613 668 2644 frui
695 2624 773 2644 con-

75 2654 246 2685 suetudine
261 2659 374 2686 nostra
387 2655 560 2695 possimus.
595 2656 695 2686 Ratio
710 2660 773 2693 est,

74 2696 149 2733 quia
162 2697 307 2736 posthaec
324 2697 424 2737 longo
437 2700 587 2738 tempore
600 2707 668 2728 non
683 2698 774 2729 dabi—

74 2741 129 2766 tur
143 2738 280 2769 facultas
294 2739 370 2770 talis
385 2739 630 2771 consuetudinis
642 2746 774 2772 nostrae.

76 2778 115 2808 Ei
131 2779 175 2808 rei
189 2789 255 2810 non
268 2786 454 2821 repugnant
469 2781 599 2813 ultima.

856 2447 896 2475 28
918 2448 950 2475 te
964 2455 1015 2476 me
1027 2456 1091 2476 esse
1105 2446 1181 2486 alt.]
1199 2447 1317 2479 Malim
1332 2451 1395 2480 sic:
1412 2455 1443 2481 te
1455 2460 1519 2483 esse

815 2495 866 2516 me
881 2488 1038 2526 alterum,
1060 2494 1099 2519 ut
1120 2488 1198 2520 hinc
1220 2490 1334 2521 laudat
1353 2493 1518 2531 Nimbus,

816 2528 867 2559 vel
894 2530 1002 2570 potius
1025 2532 1169 2562 alterum
1194 2541 1255 2563 me.
1299 2533 1385 2564 Nam
1411 2535 1518 2567 forma

816 2572 948 2612 propria
957 2575 1007 2602 est
1015 2573 1072 2603 ille
1085 2578 1132 2604 est
1145 2575 1231 2605 alter
1242 2584 1300 2613 ego
1310 2587 1319 2604 .·
1335 2576 1380 2606 sic
1390 2577 1430 2607 ad
1442 2577 1517 2609 Att.

818 2613 882 2651 111,
904 2616 951 2645 15.
973 2615 1087 2647 deinde
1107 2621 1150 2654 te,
1172 2618 1266 2656 quasi
1287 2618 1430 2648 alterum
1452 2630 1516 2651 me.

817 2655 898 2686 item
913 2656 953 2687 ad
969 2656 1064 2688 Brut.
1082 2661 1130 2688 1⁴1.
1144 2660 1191 2689 ad
1204 2663 1235 2689 te
1246 2663 1416 2699 tamquam
1434 2663 1518 2693 alte-

815 2707 894 2729 rum
903 2708 954 2729 me
959 2699 1177 2740 proficiscens.
1191 2705 1226 2731 et
1237 2701 1283 2731 sic
1290 2710 1429 2742 semper.
1450 2703 1520 2736 Ita-

818 2750 880 2780 que
893 2741 939 2771 sic
954 2741 1051 2772 edidi.

861 2785 902 2816 29
916 2784 968 2813 vel
977 2785 1064 2814 hunc
1078 2784 1191 2823 Leptoe
1204 2784 1329 2824 delega.
1353 2785 1391 2816 Si
1401 2788 1450 2818 vis
1463 2788 1517 2829 tu]

115 2821 154 2853 <37
169 2822 196 2851 si
211 2822 294 2861 quod
301 2825 509 2855 constitutum
522 2824 630 2865 habes]
646 2825 678 2856 Si
694 2825 781 2865 quod
820 2824 1002 2856 Distinetio
1023 2830 1074 2858 est
1094 2825 1147 2857 hic
1168 2825 1296 2859 vitiosa.
1328 2827 1425 2861 debet
1450 2840 1522 2865 esse
