1860 3228
312 96 385 131 158
659 92 839 130 EPIST.
867 92 1050 130 LIBER
1077 93 1372 132 SEPTIMUS

308 193 365 236 ad
381 210 442 237 me
464 194 592 237 alium
613 196 741 247 mitte,
763 211 877 252 quem
899 211 1049 238 ornem.
1100 198 1356 239 Sustulimus
1377 212 1541 247 manus,
1563 205 1607 238 et
1627 212 1723 254 ego,

308 261 352 294 et
382 252 556 294 Balbus.
589 262 709 294 tanta
740 253 821 294 fuit
854 254 1167 308 opportunitas,
1202 266 1247 296 ut
1279 254 1379 295 illud
1415 255 1558 296 nescio
1593 255 1723 308 quod,

307 323 393 352 non
417 309 659 361 fortuitum,
690 310 761 350 sed
791 310 985 351 divinum
1009 311 1234 352 videretur.
1296 311 1432 352 Mitto
1457 311 1588 367 igitur
1609 311 1661 352 ad
1684 321 1725 352 te

307 364 572 417 Trebatium,
605 375 732 421 atque
756 367 815 406 ita
845 367 985 417 mitto,
1009 377 1054 407 ut
1077 367 1199 408 initio
1223 383 1317 409 mea
1338 378 1504 424 sponte,
1529 376 1625 423 post
1651 382 1727 408 au-

308 432 391 464 tem
417 423 599 464 invitatu
631 433 705 463 tuo
737 423 991 463 mittendum
1023 424 1234 465 duxerim.
1296 425 1441 476 Hunc,
1476 425 1531 465 mi
1565 424 1725 474 Caesar‚

307 480 369 521 sic
392 480 516 521 velim
550 480 664 520 omni
702 488 774 519 tua
795 479 998 519 comitate
1029 481 1328 535 complectare,
1363 492 1408 522 ut
1438 481 1597 532 omnia,
1629 495 1724 536 quae

306 551 382 592 per
413 551 480 577 me
516 536 650 591 possis
682 535 849 585 adduci,
880 545 927 575 ut
951 536 991 575 iu
1015 550 1131 577 meos
1156 538 1348 578 conferre
1371 538 1486 588 velis,
1519 539 1560 578 iu
1594 551 1724 578 unum

307 595 422 635 hunc
443 592 651 634 conferas.
713 591 780 633 De
809 607 894 646 quo
917 592 995 632 tibi
1020 592 1192 633 homine
1215 593 1307 634 haec
1335 595 1523 650 spondeo
1547 609 1629 635 non
1655 593 1725 634 illo

308 660 449 691 vetere
471 650 601 690 verbo
625 663 734 699 meo,
764 646 894 704 quod,
921 663 1019 690 cum
1041 650 1093 690 ad
1124 660 1164 690 tc
1186 650 1238 690 de
1262 650 1428 701 Milone
1449 652 1727 707 scripsissem,

301 707 400 763 jure
423 706 573 747 lusisti.
599 706 670 746 sed
694 719 811 745 more
836 705 1047 757 Romano,
1078 721 1163 760 quo
1188 707 1315 747 modo
1338 707 1532 749 homines
1556 723 1640 749 non
1665 708 1727 748 in-

307 765 396 820 epti
428 763 680 818 loqunntur3
712 762 954 816 probiorem
980 762 1214 813 hominem,
1236 763 1451 805 meliorem
1475 765 1627 815 virum,
1651 779 1727 820 pu-

308 821 544 862 dentiorem
576 833 665 858 esse
700 819 927 859 neminem.
988 819 1170 861 Accedit
1200 821 1344 870 etiam,
1375 822 1487 875 quod
1521 821 1726 862 familiam

308 878 427 918 ducit
461 876 502 916 in
530 875 629 930 jure
661 875 793 925 civili,
824 876 1049 931 singularis
1082 877 1301 927 memoria,
1340 891 1506 918 summa
1535 878 1727 918 scientia.

309 933 428 974 Huic
449 946 531 987 ego
553 946 690 987 neque
710 933 990 983 tribunatum,
1012 948 1150 988 neque
1173 934 1486 989 praefecturam,
1509 948 1645 989 neque
1668 935 1728 975 ul-

305 989 386 1031 lius
411 988 605 1030 beneficii
630 998 793 1030 certum
825 1004 980 1030 nomen
1016 1000 1136 1045 peto:
1171 990 1503 1031 benivolentiam
1536 1001 1651 1032 tuam
1687 1000 1730 1032 et

304 1046 603 1088 liberalitatem
638 1055 758 1101 peto:
791 1060 928 1100 neque
961 1047 1163 1102 impedio,
1195 1063 1280 1102 quo
1313 1047 1466 1099 minus,
1498 1048 1531 1088 si
1564 1048 1641 1088 tibi
1668 1047 1730 1088 ita

305 1103 527 1159 placuerit,
549 1104 677 1143 etiam
701 1102 818 1143 hisce
839 1117 935 1143 eum
955 1118 1078 1144 ornes
1096 1103 1287 1160 gloriolae
1308 1104 1563 1161 insignibus.
1589 1114 1727 1145 totum

304 1161 489 1217 denique
509 1160 729 1201 hominem
755 1160 834 1200 tibi
858 1160 917 1200 ita
940 1160 1060 1201 trado
1082 1162 1134 1202 de
1156 1176 1285 1202 manu
1315 1165 1383 1214 (ut
1403 1162 1542 1213 aiunt)
1574 1161 1615 1202 in
1640 1175 1729 1202 ma-

304 1232 405 1259 num
432 1227 549 1258 tuam
573 1217 712 1265 istam,
743 1226 786 1257 et
809 1217 990 1257 victoria
1011 1227 1053 1257 et
1077 1217 1158 1258 fide
1183 1226 1471 1274 praestantem.
1531 1220 1571 1249 30
1586 1218 1727 1259 Simus

301 1276 416 1315 enim
443 1274 741 1330 putidiusculi:
775 1289 1034 1329 quamquam
1068 1289 1141 1330 per
1164 1285 1205 1316 te
1229 1276 1301 1315 vix
1332 1275 1457 1316 licet:
1491 1289 1650 1326 verum,
1682 1283 1729 1315 ut

301 1331 442 1384 video,
465 1331 626 1372 licebit.
689 1330 817 1383 Cura,
839 1340 885 1371 ut
908 1330 1060 1381 valeas,
1082 1343 1125 1372 et
1147 1347 1229 1382 me,
1254 1341 1301 1373 ut
1322 1346 1453 1383 amas,
1475 1347 1584 1373 ama.

261 1431 289 1473 6
820 1420 1220 1458 ARGUMENTUM.

305 1485 510 1520 Trebatium
529 1484 744 1519 desiderium
762 1483 859 1518 urbis
886 1484 1118 1530 impatienter
1125 1483 1320 1532 ferentem,
1341 1483 1509 1519 hortatur
1525 1489 1566 1519 ut
1584 1491 1728 1520 maneat

350 1538 388 1572 in
405 1537 606 1585 provincia,
626 1536 844 1582 laboretque,
872 1540 913 1570 ut
941 1540 1188 1583 consequatur,
1209 1534 1308 1581 cujus
1326 1547 1434 1571 causa
1448 1535 1730 1585 profectus-fue-

349 1595 421 1626 γαῖ’
652 1636 886 1679 ctcERo
908 1636 1222 1679 TREBATIo
1255 1637 1299 1679 S.
1324 1637 1381 1679 D.

299 1697 374 1749 IN
398 1707 597 1750 omnibus
622 1707 726 1747 meis
747 1705 953 1762 epistolis,
976 1720 1080 1760 quas
1112 1706 1164 1746 ad
1196 1705 1426 1755 Caesarem,
1449 1714 1523 1747 aut
1543 1707 1596 1747 ad
1628 1706 1727 1748 Bal-

299 1765 402 1806 bum
436 1765 576 1814 mitto,
612 1764 805 1818 legitima
836 1763 1034 1818 quaedam
1071 1773 1136 1802 cst
1167 1764 1354 1803 accessio
1389 1764 1727 1805 commendatio-

189 1823 366 1880 p,99‚nis
390 1833 490 1873 tuae,
524 1836 602 1862 nec
635 1835 685 1861 ea
718 1819 918 1875 vulgariS,
949 1819 1021 1859 sed
1051 1833 1148 1860 cum
1186 1819 1328 1874 aliquo
1364 1820 1522 1875 insigni
1566 1821 1725 1861 indicio

255 1890 286 1910 a.
299 1893 407 1921 meae
430 1893 531 1935 erga
554 1888 595 1918 te
617 1876 933 1919 benivolentiae.
993 1875 1058 1916 Tu
1089 1877 1216 1917 modo
1247 1877 1428 1932 ineptias
1452 1877 1567 1927 istas,
1590 1886 1632 1918 et
1654 1878 1725 1918 de-

299 1936 453 1978 sideria
485 1936 599 1977 urbis
632 1944 675 1975 et
709 1934 961 1975 urbanitatis
991 1933 1180 1988 depone:
1213 1944 1269 1984 et,
1303 1948 1388 1988 quo
1421 1934 1600 1975 consilio
1627 1949 1726 1990 pro-

298 1993 437 2035 fectus
471 2007 529 2043 es,
560 1992 602 2032 id
634 1991 886 2032 assiduitate
917 2000 960 2031 et
995 1990 1150 2031 virtute
1186 2005 1460 2045 consequere.
1523 1991 1623 2032 Hoc
1645 1992 1725 2033 tibi

298 2061 386 2091 tam
410 2051 682 2106 ignoscemus
706 2063 784 2089 nos
806 2047 948 2097 amici,
971 2061 1099 2101 quam
1133 2048 1394 2103 ignoverunt
1418 2047 1605 2099 Medeae,
1628 2063 1725 2103 quae

298 2107 557 2149 Corinthum
591 2120 723 2147 arcem
755 2103 882 2146 altam
918 2104 1122 2145 habebant
1156 2113 1349 2146 matronce
1378 2104 1589 2160 opulentae,
1621 2106 1726 2160 opti-

296 2172 443 2206 mates:
474 2164 630 2219 quibus
651 2163 721 2203 illa
742 2163 938 2203 manibus
961 2161 1275 2217 gypsatissimis
1306 2163 1527 2217 persuasit,
1561 2176 1615 2202 ne
1642 2163 1724 2203 sibi

297 2223 404 2262 vitio
438 2221 520 2262 illae
543 2229 771 2270 verterent,
793 2219 908 2274 quod
938 2220 1106 2259 abesset
1127 2234 1152 2259 a
1174 2219 1324 2274 patria.
1383 2222 1420 2249 3¹
1443 2218 1585 2259 “Nam
1607 2218 1728 2260 multi

295 2280 323 2301 “
343 2293 455 2319 suam
487 2292 569 2318 rem
598 2278 693 2318 bene
707 2291 870 2333 gessere,
893 2283 929 2317 et
950 2275 1175 2330 publicam,
1198 2275 1342 2330 patria
1358 2275 1518 2331 procul.
1578 2274 1726 2326 Multi,

294 2338 323 2358 “
344 2335 415 2391 qui
435 2334 542 2375 domi
555 2341 711 2375 oetatem
731 2340 911 2390 agerent,
923 2339 1141 2388 propterea
1160 2340 1253 2374 sunt
1274 2332 1535 2388 improbuti.''
1559 2333 1659 2379 Quo
1681 2333 1722 2373 in

292 2448 356 2479 sic:
380 2450 413 2479 Ιι.
437 2448 478 2478 L.
502 2449 636 2485 delegas
659 2451 689 2477 et
701 2448 729 2477 si
749 2447 798 2477 vis
810 2451 859 2483 tu,
875 2447 921 2477 ad
940 2456 985 2478 m.
1029 2450 1212 2485 sequuntur
1225 2455 1352 2483 verum,
1367 2450 1404 2476 ul
1418 2445 1518 2482 video,
1534 2446 1650 2481 licebit,
1668 2456 1724 2476 ne·

292 2491 352 2522 διο.
367 2490 560 2521 mirabiliter
574 2490 626 2520 hic
640 2489 713 2519 libri
729 2490 856 2520 variant
868 2494 902 2519 et
915 2488 986 2519 edd.
1029 2489 1202 2519 cessariam
1236 2488 1360 2518 faciunt
1395 2487 1631 2517 correctionem
1669 2498 1728 2518 uo-

334 2536 375 2564 30
404 2531 514 2562 Simus
535 2531 758 2571 putidiusczcli,
783 2530 897 2570 quam]
925 2531 987 2560 Hic
1030 2538 1144 2560 stram.
1190 2530 1228 2559 In
1251 2529 1340 2560 libris
1363 2529 1505 2568 antiquis
1526 2539 1625 2568 quam
1649 2532 1726 2560 scri-

292 2575 380 2606 soleo
395 2574 498 2604 ridere
511 2574 662 2610 Criticos,
673 2573 726 2612 qui
738 2573 851 2602 vitium
863 2582 928 2602 non
938 2574 983 2602 vi-
1028 2577 1122 2611 ptum
1147 2572 1243 2602 modo
1265 2571 1340 2608 fuit,
1363 2571 1418 2601 sed
1434 2575 1470 2601 ut
1486 2571 1533 2601 bis
1549 2571 1724 2611 legeretur,

291 2617 754 2656 de1·unt,putidiusculz'sensu
765 2615 986 2654 comparativo
1028 2623 1123 2643 sensu
1140 2618 1308 2644 monente.
1352 2613 1416 2644 Res
1430 2617 1479 2643 est
1494 2613 1636 2645 evidens.
1660 2616 1722 2645 ita-

290 2662 509 2700 acceperunt:
531 2657 616 2688 uude
638 2664 671 2687 et
694 2657 727 2686 in
750 2656 840 2686 libris
855 2657 986 2695 quibus-
1029 2665 1090 2694 que
1105 2656 1150 2685 sic
1163 2655 1298 2686 correxi.

290 2702 365 2732 dam
381 2702 536 2731 omissum
550 2704 600 2730 est
610 2700 677 2729 vir.
692 2698 754 2729 Sed
768 2698 799 2728 id
810 2702 859 2728 est
871 2703 987 2728 contra
1069 2700 1106 2728 31
1134 2697 1228 2727 Nam
1246 2698 1341 2727 multi
1357 2696 1429 2736 δία]
1457 2697 1525 2727 Hos
1541 2707 1648 2728 versus
1668 2698 1723 2728 alii

290 2743 503 2779 latinitatem,
526 2743 610 2773 sicut
632 2741 828 2771 breviuscule
849 2749 914 2770 non
937 2746 988 2771 est
1029 2739 1125 2770 aliter
1150 2739 1280 2779 fingunt
1305 2749 1341 2769 ac
1365 2738 1529 2778 digerunt.
1575 2740 1651 2771 Non
1675 2746 1723 2771 est

291 2786 430 2821 brevius,
446 2785 501 2815 sed
517 2784 658 2815 breviter
670 2792 727 2824 per
742 2782 986 2812 diminutivum.
1029 2782 1133 2813 tanti:
1159 2791 1218 2812 nee
1232 2780 1353 2821 aliquid
1367 2781 1458 2812 certi.

291 2827 352 2858 Pro
376 2837 473 2869 quam
496 2826 560 2867 legi
574 2826 670 2858 debet
684 2833 894 2866 quamquam.
917 2834 987 2865 quae
