1865 3223
320 113 396 147 384
550 107 724 147 EPIST.
752 107 943 146 LIBER
967 107 1532 161 QUARTUSDECIMUS

258 206 306 247 16
827 211 1227 250 ARGUMENTUM.

615 275 677 312 De
694 275 826 311 litteris
838 290 850 311 .·
880 276 922 310 de
945 274 1134 310 Volumnia
1146 290 1158 311 .·
1189 276 1231 310 de
1247 286 1310 309 suo
1330 275 1463 313 dolore.

542 340 610 383 M.
631 340 682 382 T.
707 341 757 382 C.
789 339 1120 382 TERENTIAE
1158 341 1290 382 SUAE
1324 342 1367 382 S.
1394 341 1444 383 Ρ.
1469 341 1525 383 D.

317 399 379 449 SI
413 408 538 460 vales,
561 410 669 450 bene
699 416 781 448 est:
817 408 948 448 valeo.
1021 407 1107 448 Ftsi
1138 408 1349 461 ejusmodi
1383 419 1576 464 tempora
1606 423 1751 453 nostra

317 475 429 516 sunt,
457 475 503 506 ut
535 466 637 506 nihil
660 465 864 512 habeam,
897 464 1010 518 quod
1044 473 1118 504 aut
1147 467 1225 503 393.
1253 475 1294 505 te
1328 465 1488 506 litteldl
1494 481 1561 506 um
1596 482 1748 523 exspe-

317 533 444 573 ctem,
467 533 539 562 aut
559 523 648 576 ipse
670 521 721 561 ad
744 530 783 561 te
805 520 1014 560 scribam:
1041 529 1183 560 tamen
1198 522 1341 562 nescio
1361 523 1577 577 quomodo
1594 533 1636 564 et
1659 539 1749 580 ipse

319 589 482 620 vestras
507 579 666 618 litteras
688 586 909 633 exspecto,
942 588 983 617 et
1020 576 1160 616 sc1ibo
1194 578 1245 617 ad
1276 593 1364 628 vos,
1387 595 1481 620 cum
1509 580 1658 630 habeo,
1677 583 1752 637 qui

319 636 394 678 fer
397 645 440 675 tt
504 634 732 674 Volumnia
753 633 934 674 debuit
928 648 968 673 m
994 643 1033 673 te
1056 633 1288 674 officiosior
1309 649 1413 685 esse,
1436 652 1563 690 quam
1589 636 1685 687 fuit,
1708 648 1752 679 et

317 693 358 733 id
394 693 547 746 ipsum,
579 691 691 745 quod
727 689 845 741 fecit,
879 690 1019 746 potuit
1055 690 1162 730 dili(r
1134 690 1304 745 gentius
1340 690 1477 733 facere
1500 705 1541 733 et
1564 695 1747 736 elutius.

318 749 591 801 Quamquam
613 748 676 787 ali
671 763 694 787 ι
715 756 828 797 sunt,
852 761 948 801 quae
969 746 1104 801 m·1gis
1113 760 1335 809 ememus,
1364 749 1584 803 magisque
1607 751 1748 792 dolea-

316 819 434 846 mus:
467 819 564 858 quae
586 819 651 844 me
673 804 733 844 ita
753 779 1070 853 001'1ficiunt,ut
1095 802 1123 843 ii
1144 803 1467 859 volueru11t‚qui
1492 821 1556 846 me
1578 807 1630 847 de
1654 823 1747 849 mea

318 862 529 902 sententia
560 860 845 902 detruserunt.
905 859 1035 911 Cura,
1075 868 1122 900 ut
1161 860 1314 901 valeas.
1372 837 1520 902 Pridie
1565 862 1744 906 Kalend

321 918 498 961 Januar.

258 977 302 1015 17
832 972 1233 1012 ARGUMENTUM.

354 1037 460 1074 Nihil
477 1049 549 1073 esse
566 1039 620 1073 ait
640 1037 736 1085 quod
751 1037 897 1074 scribat.
916 1037 1092 1085 quomodo
1110 1038 1186 1085 ipse
1205 1039 1268 1081 sit,
1288 1050 1329 1073 ex
1347 1037 1467 1086 Lepta
1483 1043 1517 1074 et
1542 1038 1711 1076 Trebatio

876 1101 982 1137 posse
1000 1090 1177 1137 cognosci.

573 1154 641 1197 M.
661 1154 712 1197 T.
737 1155 788 1197 C.
820 1154 1151 1198 TERENTIAE
1183 1155 1332 1207 SUAE,
1364 1156 1408 1197 S.
1434 1156 1490 1198 D.

316 1213 367 1265 S.
390 1223 444 1264 V.
468 1223 520 1264 B.
549 1222 594 1264 E.
619 1223 671 1264 V.
701 1226 743 1254 40
757 1222 802 1264 Si
835 1223 937 1279 quid
973 1223 1188 1274 haberem,
1218 1224 1333 1278 quod
1361 1224 1415 1265 ad
1444 1234 1484 1266 te
1502 1225 1746 1276 scriberem,

316 1280 497 1322 facerem
519 1281 560 1321 id
583 1290 626 1320 et
648 1280 840 1336 pluribus
865 1280 1018 1331 verbis,
1041 1289 1083 1321 et
1105 1281 1277 1336 saepius.
1338 1281 1468 1322 Nunc
1488 1284 1525 1312 41
1545 1297 1642 1338 quae
1662 1282 1748 1324 sint

318 1338 506 1393 negotia,
530 1337 660 1378 vides.
721 1337 817 1393 Ego
845 1347 989 1378 autem
1019 1337 1237 1392 quomodo
1260 1337 1339 1377 sim
1369 1338 1565 1390 affectus,
1587 1353 1640 1380 ex
1668 1339 1747 1380 Le-

350 1404 392 1434 ta
433 1405 476 1434 et
510 1393 712 1434 Trebatio
747 1394 906 1449 poteris
939 1408 1216 1448 cognoscere.
1273 1393 1338 1435 Tu
1371 1393 1455 1446 fac,
1488 1405 1535 1436 ut
1565 1405 1681 1437 tuam
1702 1405 1748 1437 et.

317 1409 468 1493 lfulliae
493 1451 770 1492 valitudinem
793 1464 930 1492 cures.
989 1450 1110 1491 Vale.

254 1527 301 1564 18
827 1523 1230 1562 ARGUMENTUM.

341 1586 514 1634 Ejusdem
530 1587 737 1634 argumenti
754 1590 819 1627 est,
837 1584 937 1632 cujus
955 1591 1035 1622 erat
1053 1588 1156 1635 epist.
1175 1586 1282 1629 XIV,
1302 1588 1435 1635 quippe
1448 1588 1632 1634 permittit
1643 1588 1730 1630 suis,

465 1640 554 1687 quzd
558 1638 774 1687 factendam
792 1639 970 1678 videatur,
991 1639 1210 1675 adventante
1227 1640 1276 1675 ad
1294 1639 1415 1675 urbem
1435 1639 1584 1675 Coesare.

179 1717 211 1748 P·
227 1709 303 1743 239
333 1703 595 1747 TULLIUS
617 1703 947 1746 TERENTIAE
969 1704 1117 1755 SUAE,
1143 1704 1216 1747 ET
1239 1704 1438 1747 PATER
1463 1704 1726 1748 SUAVISS.

513 1761 696 1803 FILIAE
726 1760 1067 1812 TULLIOLAE,
1091 1761 1325 1804 CICERO
1349 1761 1550 1804 MATRI

730 1817 805 1859 ET
835 1817 1084 1868 SORORI,
1117 1819 1160 1860 S.
1187 1819 1236 1861 Ρ.
1262 1819 1318 1861 D.

314 1874 878 1927 CONSIDERANDUM
914 1886 1035 1926 vobis
1075 1887 1206 1927 etiam
1240 1896 1370 1942 atque
1407 1887 1553 1937 etiam,
1586 1886 1741 1927 auimae

310 1958 434 1994 meae,
462 1943 691 1997 diligenter
722 1951 842 1998 puto,
863 1942 966 1998 quid
991 1942 1183 1985 faciatis:
1219 1943 1427 1984 Romaene
1448 1943 1555 1992 sitis,
1578 1957 1630 1983 an
1654 1957 1742 1983 ine-

310 2015 410 2042 cum
447 2000 489 2039 in
519 2000 663 2055 aliquo
700 2009 795 2040 tuto
830 1999 940 2041 loco.
1001 1999 1051 2041 Id
1074 2013 1160 2041 non
1184 2000 1320 2041 solum
1352 2014 1492 2041 meum
1514 1998 1742 2041 consilium

310 2066 389 2108 est,
422 2056 494 2097 sed
532 2057 660 2097 etiam
704 2064 907 2098 vestrum.
968 2055 1084 2097 Mihi
1127 2057 1304 2098 veniunt
1340 2057 1383 2098 in
1411 2066 1597 2097 mentem
1621 2056 1740 2099 haec:

313 2114 467 2155 Romae
503 2128 576 2153 vos
605 2127 697 2154 esse
726 2121 820 2154 tuto
858 2127 980 2169 posse
1022 2128 1095 2178 per
1126 2112 1411 2165 Dolabellam,
1446 2128 1624 2169 eamque
1652 2128 1740 2154 rem

311 2185 435 2226 posse
469 2171 593 2211 nobis
622 2171 874 2225 adjumento
907 2184 1012 2221 esse,
1042 2171 1075 2211 si
1097 2186 1182 2226 qua
1205 2172 1282 2222 vis,
1304 2180 1378 2212 aut
1399 2171 1432 2212 si
1455 2185 1551 2226 quae
1576 2170 1737 2226 iapinae

312 2228 402 2268 fieri
442 2227 671 2282 coepelint.
732 2227 814 2267 Sed
854 2242 995 2268 rursus
1032 2227 1132 2269 illud
1167 2243 1235 2269 me
1268 2237 1427 2278 movet,
1460 2227 1573 2283 quod
1598 2227 1737 2278 video,

311 2298 458 2324 omnes
485 2285 618 2324 bonos
640 2285 787 2325 abesse
812 2283 966 2334 Roma,
991 2293 1035 2324 et
1065 2299 1138 2326 eos
1166 2285 1360 2326 mulieres
1383 2300 1477 2325 suas
1497 2299 1638 2325 secum
1664 2284 1740 2324 ha-

311 2342 426 2382 bere.
490 2340 600 2381 Haec
622 2350 765 2382 autem
787 2342 922 2397 regio,
951 2341 994 2382 in
1017 2355 1102 2396 qua
1121 2356 1203 2398 ego
1226 2357 1334 2394 Sum,
1355 2345 1396 2372 42
1410 2351 1651 2383 nostrorum
1673 2349 1738 2381 est

352 2457 392 2488 39
414 2463 436 2483 α
451 2458 482 2484 te
496 2453 684 2492 literarum]
723 2454 896 2483 literarum
920 2453 1000 2483 mihi
1044 2460 1078 2484 et
1092 2452 1259 2485 latinitate
1274 2454 1463 2495 postulante
1482 2457 1516 2484 et
1530 2453 1737 2484 assentienti-

309 2496 485 2526 insititiuin
510 2495 637 2525 videtur
656 2500 691 2525 et
713 2505 730 2524 a
754 2495 930 2533 glossatore
949 2505 1001 2526 or-
1046 2497 1104 2526 bus
1119 2495 1190 2526 cdd.
1206 2507 1254 2536 pr.

308 2544 393 2568 tum.
418 2548 493 2568 nam
517 2539 602 2577 quod
623 2539 796 2567 literarum
819 2547 883 2567 non
900 2537 1002 2568 latine
1085 2541 1125 2568 42
1147 2543 1330 2568 nostrorum
1352 2542 1399 2568 est
1420 2548 1448 2568 c.
1470 2548 1496 2568 o.
1523 2536 1597 2576 δια]
1629 2538 1736 2575 ‘regio-

309 2579 440 2610 dicitur.
1044 2589 1116 2609 nem
1145 2580 1302 2619 intelligit
1331 2580 1556 2619 Campaniam,
1584 2579 1636 2608 cui
1661 2588 1736 2609 cum

353 2624 394 2652 40
428 2621 466 2652 Si
493 2621 573 2661 quid
597 2622 760 2657 haberem,
790 2620 888 2660 quod]
926 2621 1005 2659 quid
1045 2621 1180 2661 imperio
1197 2622 1388 2661 prael-oenus
1409 2626 1491 2650 crat.
1513 2623 1580 2660 eju<
1597 2621 1736 2659 regionis

311 2663 427 2694 melius
453 2664 622 2694 afuturum
638 2668 729 2703 puto.
754 2672 820 2692 non
838 2664 1003 2692 consentit
1045 2663 1160 2703 oppida
1185 2673 1243 2693 sua
1270 2664 1361 2700 dicit,
1387 2663 1515 2702 opinor,
1541 2672 1611 2701 quae
1641 2667 1737 2693 erant

312 2706 522 2743 sequentibus
541 2704 790 2744 satis,facerem
804 2705 839 2734 id
853 2706 910 2734 ἃς.
926 2714 1000 2734 nam
1044 2707 1077 2735 in
1103 2705 1172 2743 ojus
1197 2705 1360 2741 clientela,
1389 2706 1556 2744 ipsumque
1572 2705 1738 2735 habebant

311 2756 370 2787 per
392 2756 424 2777 se
445 2748 575 2786 quidem
590 2747 731 2777 latinum
748 2753 811 2783 est,
835 2747 952 2786 quippe
968 2751 1001 2777 et
1044 2751 1218 2787 patronum
1233 2759 1241 2784 ;
1259 2748 1399 2787 prcedia,
1424 2758 1562 2785 quorum
1584 2751 1656 2778 erat
1671 2747 1738 2787 ipse

312 2788 444 2826 dicitur,
459 2792 542 2819 nihil
555 2790 663 2826 habeo,
678 2790 761 2829 quod
773 2790 924 2819 scribam.
1043 2789 1206 2828 domiuus,
1219 2796 1257 2821 ut
1274 2790 1472 2825 Cumanum.

353 2833 392 2861 41
416 2841 484 2871 quoe
505 2836 582 2862 sum
603 2831 748 2872 negocia]
775 2832 907 2863 Cori-exi
924 2832 1001 2869 sint,
