1903 3218
395 111 474 150 AD
499 111 549 150 D.
575 110 834 150 BRUTUM
858 110 934 149 ΕΤ
958 111 1241 153 CETEROS.
1460 122 1538 161 277

98 217 200 273 jure
217 215 435 268 decedere,
453 216 557 273 quin
579 213 728 257 consul
750 228 868 256 arma
898 215 1099 257 minetur.
1160 216 1357 263 Quorum
1381 217 1538 262 fiducia

109 273 216 315 nihil
236 283 316 326 est,
337 273 452 330 quod
474 288 552 315 nos
575 282 746 313 terreas.
807 271 961 327 Neque
984 272 1099 313 enim
1118 271 1256 324 decet,
1286 286 1361 316 aut
1381 290 1538 317 conve-

106 331 170 372 nit
190 331 329 382 nobis,
350 330 538 387 periculo
570 327 642 369 ulli
677 328 930 369 submittere
961 329 1151 371 animum
1180 342 1389 372 nostrum.
1450 333 1537 374 Ne-

104 402 189 442 que
209 397 273 430 est
290 387 484 429 Antonio
502 385 822 442 postulandum,
845 395 891 426 ut
910 385 960 427 iis
984 386 1180 442 imperet,
1202 401 1382 443 quorum
1408 404 1538 445 opera

105 443 215 486 liber
231 454 311 486 est.
350 443 442 487 Nos
465 443 498 484 si
521 441 603 483 alia
624 442 912 494 hortarentur,
932 452 979 483 ut
1003 444 1157 485 bellum
1182 444 1309 485 civile
1331 447 1536 488 suscitare

102 502 321 553 vellemus,
341 501 496 543 litterae
517 508 601 540 tuae
621 499 727 541 nihil
748 499 1019 556 proficerent.
1084 500 1213 542 Nulla
1229 502 1343 543 enim
1369 503 1534 544 minan-

99 559 154 599 tis
176 558 407 600 auctoritas
436 555 549 612 apud
580 556 735 598 liberos
757 567 836 598 est.
897 556 978 599 Sed
1001 556 1176 614 pulchre
1207 558 1425 615 intelligis,
1447 575 1534 602 non

98 629 224 671 posse
256 629 332 656 nos
369 627 588 669 quoquam
624 612 807 670 impelli:
839 624 883 656 et
916 613 1107 655 fortassis
1141 628 1191 655 ea
1222 630 1266 656 re
1306 618 1533 660 minaciter

96 672 206 727 agis,
224 670 497 726 utjudicium
520 679 715 712 nostrum
733 680 874 712 metus
895 670 1102 712 videatur.
1154 671 1246 713 Nos
1270 673 1312 714 in
1336 673 1416 715 hac
1435 688 1529 716 sen-

98 728 233 782 tentia
254 742 414 778 sumus,
433 735 481 768 ut
512 736 554 768 te
575 727 800 784 cupiamus
835 728 876 769 in
911 728 1044 770 libera
1069 729 1289 785 republica
1323 744 1525 788 maguum
1541 745 1572 776 b.

95 793 225 840 atque
245 785 476 827 honestum
497 798 611 837 esse,
643 799 846 826 vocemus
870 795 911 825 te
932 785 982 826 ad
1007 785 1143 827 nullas
1161 787 1434 831 inimicitias:
1455 789 1527 831 sed

91 849 234 883 tamen
270 842 402 898 pluris
445 851 635 883 nostram
675 841 932 892 libertatem,
966 856 1095 898 quam
1137 853 1253 885 tuam
1289 845 1527 889 amicitiam

92 898 370 940 aestimemus.
430 896 496 940 Tu
529 899 659 940 etiam
688 908 816 954 atque
843 900 972 940 etiam
1012 899 1123 951 vide,
1161 901 1264 955 quid
1304 903 1528 959 suscipias,

91 955 198 1010 quid
224 956 432 997 sustinere
465 956 624 1011 possis:
655 970 810 1012 neque,
843 970 971 1012 quam
995 955 1066 997 diu
1088 957 1245 999 vixerit
1270 957 1431 1011 Caesar,
1453 961 1526 1003 sed

89 1026 218 1068 quam
238 1027 322 1054 non
343 1013 416 1054 diu
436 1013 640 1068 regnarit,
669 1012 737 1054 fac
758 1014 940 1069 cogites.
1002 1012 1120 1055 Deos
1142 1029 1403 1070 quaesumu3‚
1422 1032 1526 1059 con-

89 1069 184 1111 silia
207 1080 279 1111 tua
303 1069 551 1125 reipublicae
575 1070 776 1111 salutaria
795 1072 880 1111 sint
901 1084 951 1112 ac
972 1071 1066 1111 tibi.
1089 1072 1120 1112 si
1141 1072 1307 1114 minus:
1331 1083 1393 1124 ut,
1410 1074 1527 1116 salva

85 1135 215 1182 atque
236 1127 418 1168 honesta
439 1126 672 1183 republica,
696 1127 774 1168 tibi
798 1142 927 1183 quam
944 1128 1170 1170 minimum
1188 1140 1387 1182 noceant,
1400 1142 1524 1188 opta·

85 1197 194 1225 mus,
257 1183 403 1225 Pridie
424 1184 573 1226 Nonas
596 1183 719 1225 Sext.

602 1265 1007 1304 ARGUMENTUM.
1531 1273 1561 1310 4

83 1329 154 1367 Res
172 1343 195 1366 a
210 1342 248 1366 se
263 1334 383 1377 gestas
401 1331 559 1378 exponit,
579 1334 625 1369 et,
645 1334 686 1365 ut
707 1329 830 1366 Cicero
847 1342 914 1366 sua
931 1342 968 1366 se
984 1331 1164 1366 sententia
1185 1331 1222 1366 in
1239 1333 1520 1380 supplicationi-

487 1382 549 1417 bus
566 1382 795 1418 decernendis
812 1381 971 1429 adjuvet,
990 1386 1109 1430 rogat.

84 1447 142 1490 D.
166 1446 409 1489 BRUTUS
441 1446 575 1488 IMP.
599 1447 729 1489 COS.
754 1447 1005 1490 DESIGN.
1037 1448 1081 1489 S.
1105 1447 1163 1490 D.
1198 1447 1521 1497 CICERONI.

84 1505 146 1558 SI
169 1516 222 1557 de
254 1524 329 1556 tua
366 1516 406 1556 in
444 1529 513 1556 me
548 1515 769 1556 voluntate
803 1516 1061 1568 dubitarem,
1094 1518 1240 1559 multis
1271 1532 1296 1558 a
1317 1527 1359 1560 te
1381 1521 1521 1562 verbis

82 1583 288 1630 peterem,
310 1580 359 1612 ut
379 1572 636 1628 dignitatem
671 1587 810 1614 meam
846 1583 1024 1615 tuerere.
1047 1574 1117 1615 sed
1142 1574 1338 1630 profecto
1359 1585 1424 1617 est
1446 1579 1520 1629 ita,

81 1639 130 1671 ut
157 1629 263 1670 mihi
299 1629 505 1684 persuasi,
536 1643 604 1670 me
641 1630 720 1670 tibi
756 1644 847 1671 esse
879 1645 1010 1672 curae.
1072 1630 1328 1687 Progressus
1351 1648 1443 1674 sum
1466 1635 1520 1676 ad

83 1689 119 1718 ¹3
136 1685 358 1742 Inalpinos
393 1700 491 1727 cum
521 1687 731 1736 exercitu,
761 1701 846 1728 non
882 1697 968 1728 tam
1006 1702 1163 1729 nomen
1194 1689 1519 1744 imperatorium

79 1753 273 1799 captans,
295 1756 421 1798 quam
447 1744 625 1798 cupiens
662 1743 872 1785 militibus
902 1744 1162 1796 satisfacere,
1191 1745 1422 1802 firmosque
1444 1762 1518 1790 eos

77 1801 129 1842 ad
153 1800 332 1841 tuendas
365 1810 531 1841 nostras
553 1814 618 1840 res
651 1800 834 1842 efficere.
872 1801 986 1856 quod
1011 1801 1118 1842 mihi
1143 1801 1290 1844 videor
1310 1817 1518 1846 consecu-

76 1866 160 1899 tus.
222 1856 335 1898 Nam
371 1867 414 1897 et
446 1856 746 1898 liberalitatem
780 1867 986 1909 nostram,
1019 1869 1062 1899 et
1095 1860 1285 1900 animum
1318 1872 1417 1903 sunt
1440 1877 1516 1904 ex-

77 1914 203 1971 perti.
225 1928 323 1956 cum
347 1915 540 1955 omnium
567 1914 902 1956 bellicosissimis
932 1914 1089 1956 bellum
1119 1917 1258 1971 gessi:
1289 1919 1424 1960 multa
1445 1934 1516 1960 ca-

74 1971 195 2014 stella
214 1971 335 2026 cepi:
368 1971 502 2012 multa
532 1972 709 2013 vastavi.
769 1971 870 2013 Non
895 1972 986 2012 sine
1006 1987 1135 2013 causa
1156 1973 1208 2014 ad
1229 1984 1422 2016 senatum
1446 1976 1515 2017 lit-

76 2038 186 2071 teras
223 2028 335 2069 misi.
394 2026 568 2083 Adjuva
603 2043 681 2069 nos
716 2038 788 2070 tua
822 2029 1056 2071 sententia:
1093 2030 1253 2084 l4quod
1278 2045 1375 2072 curn
1399 2032 1513 2075 fece-

76 2086 147 2137 ris,
169 2099 223 2127 ex
245 2099 403 2141 magna
425 2096 545 2142 parte
561 2086 780 2128 communi
800 2086 1030 2127 commodo
1050 2086 1305 2129 inservieris.

587 2175 992 2213 ARGUMENTUM.
1520 2176 1546 2212 5

72 2239 236 2278 Excusat
259 2248 309 2280 se,
337 2238 434 2285 quod
453 2237 565 2274 Bruti
579 2239 712 2277 litteris
730 2251 800 2275 non
818 2240 1042 2287 responderit
1053 2254 1066 2275 .·
1095 2239 1265 2274 hortatur
1281 2239 1331 2274 ad
1349 2238 1496 2276 liberta-

206 2294 277 2326 tem
293 2291 575 2338 recuperandam
587 2306 600 2327 .·
629 2295 663 2326 et
679 2303 783 2327 suum
798 2293 959 2327 studium
977 2303 1020 2328 ac
1036 2290 1155 2339 officia
1170 2291 1378 2339 pollicetur.

185 2355 254 2400 M.
279 2355 515 2398 CICERO
547 2356 591 2398 S.
616 2356 674 2398 D.
707 2357 917 2400 BRUTO
942 2357 1075 2400 IMP.
1100 2357 1230 2399 COS.
1255 2356 1387 2400 DES.

71 2412 284 2468 LUPUS
326 2423 546 2466 familiaris
601 2435 759 2476 noster,
800 2440 898 2467 eum
938 2441 963 2467 a
1002 2434 1044 2467 te
1081 2427 1280 2476 venisset,
1323 2439 1508 2481 cumque

73 2482 227 2527 Romae
250 2482 458 2538 quosdam
479 2482 570 2523 dies
592 2494 943 2534 commoraretur,
976 2498 1060 2539 ego
1085 2497 1199 2525 eram
1232 2484 1275 2524 in
1305 2483 1354 2523 iis
1386 2483 1506 2534 locis,

70 2599 268 2636 potestatem
283 2595 508 2636 postulabant.
535 2596 683 2627 Graevius
699 2606 769 2628 ma·
810 2596 958 2637 Alpibus.
1001 2596 1110 2636 Vulgo
1130 2596 1210 2627 olim
1233 2599 1317 2632 erat,
1343 2595 1442 2625 etiam
1472 2595 1505 2626 in

68 2637 142 2669 vult
155 2637 310 2674 decidere,
325 2647 369 2669 sc.
395 2647 470 2668 cum
490 2643 626 2670 senatu:
649 2644 685 2669 at
699 2648 767 2671 uon
810 2639 901 2670 libris
927 2648 989 2670 scr.
1014 2640 1248 2679 transalpinos.
1279 2638 1311 2668 in
1338 2636 1401 2667 Ms.
1432 2647 1505 2668 meo

70 2679 281 2721 postularant
301 2690 320 2710 a
346 2686 476 2718 senatu,
501 2680 558 2711 sed
580 2691 600 2711 a
619 2680 764 2713 consule.
808 2686 992 2712 correctum
1007 2685 1058 2712 est
1071 2682 1252 2720 cisahpinos.
1400 2720 1407 2726 ·

69 2731 131 2753 nee
150 2727 264 2752 tamen
288 2721 461 2753 absurdum
489 2727 558 2753 est:
594 2732 671 2754 nam
693 2727 766 2755 erat
853 2726 890 2755 14
911 2724 995 2763 quod
1005 2721 1205 2763 cumfizciec]
1229 2721 1434 2762 scnfecerw,
1447 2731 1505 2761 PO-

70 2766 183 2795 tamen
194 2772 296 2802 genus
305 2765 535 2795 transactionis
548 2770 581 2795 et
592 2765 766 2805 pactionis.
808 2765 913 2797 stulat
930 2766 992 2797 hoc
1014 2765 1207 2796 inservim-is.
1230 2764 1327 2794 aliter
1341 2767 1390 2794 est
1405 2772 1457 2804 ep.
1473 2762 1505 2795 6.

116 2808 152 2836 13
175 2805 357 2846 Inalpinos]
381 2805 495 2837 Recte.
515 2812 609 2847 patet
632 2817 650 2838 e
675 2816 763 2848 seqq.
806 2809 862 2839 ubi
876 2809 1024 2848 sequitur
1036 2806 1173 2838 habebis.

69 2847 122 2879 ubi
149 2847 284 2879 castella
310 2852 487 2886 memorat,
513 2858 585 2887 quae
608 2854 703 2880 erant
728 2850 763 2880 in

743 2896 818 2932 ΤΒ
