1860 3228
436 77 516 117 AD
540 76 597 115 M.
623 73 881 116 MARIUM
906 72 982 110 ET
1007 70 1292 110 CETEROS.
1505 73 1580 110 16⁹

152 180 310 224 solent:
341 196 466 238 quem
491 182 634 223 tamen
658 179 691 220 si
713 177 941 228 excideris,
962 175 1145 217 multum
1168 172 1454 230 prospexeris.
1473 229 1479 234 .
1497 172 1580 214 Sed

154 238 197 279 in
228 239 376 295 primis
407 247 698 295 opportunum
724 235 905 286 videtur,
935 233 1002 274 his
1035 231 1271 288 praesertim
1300 229 1582 292 temporibus,

152 295 308 337 habere
332 295 592 353 perfugium,
615 293 801 350 primum
824 305 973 332 eorum
993 290 1159 340 urbem,
1181 288 1338 343 quibus
1357 299 1479 327 carus
1502 299 1580 326 Sis:

153 352 307 394 deinde
329 364 443 394 tuam
468 352 659 402 domum,
682 359 864 404 tuosque
885 362 1027 405 agros,
1060 359 1194 401 eaque
1215 347 1251 379 7¹
1270 351 1450 392 remoto,
1473 341 1584 405 salu,-

156 409 234 459 bri,
257 423 431 452 amoeno
460 409 575 450 loco:
610 407 738 462 idque
768 406 898 446 etiam
930 419 1025 445 mea
1055 405 1272 452 interesse,
1304 401 1360 442 mi
1392 398 1585 462 Treba-ti,

152 466 336 508 arbitror
409 465 491 507 Sed
516 464 693 516 valebis,
713 477 894 519 meaque
917 462 1092 518 negotia
1114 459 1293 510 videbis,
1321 470 1474 512 meque
1503 455 1585 519 d.¹¹S

148 521 419 577 juvantibus,
442 531 542 563 ante
563 522 759 563 brumam
781 520 1071 576 exspectabis.
1133 517 1227 574 Ego
1258 531 1281 557 a
1310 516 1412 558 Sex.
1436 512 1586 562 Fadio,

160 579 340 621 Niconis
361 578 588 636 discipulo,
616 579 771 620 librum
796 576 969 627 abStUll‚
1000 579 1139 619 Νίκωνος
1158 579 1230 628 erigi
1249 575 1482 621 πολυφαγίας.
1545 568 1587 610 Ο

158 636 370 677 medicum
391 650 580 688 suavem,
598 650 753 692 meque
774 633 956 675 docilem
977 632 1028 674 ad
1051 631 1163 671 hanc
1182 628 1451 684 disciplinam
1470 627 1478 668 ἔ
1501 625 1589 690 §ed

159 692 315 733 Bassus
339 702 483 734 noster
503 707 572 735 me
593 694 646 735 de
669 693 750 734 hoc
773 691 882 732 libro
905 689 1080 731 celavit:
1106 696 1147 728 te
1169 686 1342 742 quidem
1365 699 1450 725 nou
1472 683 1590 724 vnde-

157 758 248 846 κᾶτι..
291 749 456 791 Ventus
478 750 748 793 increbescit.
809 748 925 790 Cura
947 757 994 788 ut
1017 745 1170 786 valeas.
1203 757 1319 784 x111.
1345 740 1442 783 Kal.
1467 740 1589 782 Sext.

199 820 221 846 e
240 821 294 847 ia.

672 859 1077 901 ARGUMENTUM.
1606 868 1657 904 21

158 923 258 970 Silii,
287 928 396 963 amici
417 929 487 971 sui,
516 939 662 964 causam
694 928 861 964 Trebatio
889 925 1127 966 commendat,
1158 927 1199 959 ut
1228 923 1277 958 ad
1303 933 1382 957 eum
1409 921 1532 957 veniat
1560 924 1596 955 et

791 977 950 1026 adjuvet.

504 1045 739 1089 CICERO
770 1042 1085 1087 TREBATIO
1118 1042 1162 1084 S.
1197 1040 1254 1082 D.

163 1099 316 1154 SILII
338 1128 510 1156 causam
534 1124 576 1155 te
597 1114 741 1156 docui.
803 1113 845 1154 Is
870 1123 1019 1169 postea
1036 1111 1120 1151 fuit
1139 1109 1253 1166 apud
1276 1123 1360 1149 me.
1422 1107 1536 1150 Cum
1557 1106 1596 1148 ei

163 1168 364 1222 dicerem,
395 1172 475 1212 tibi
499 1172 632 1212 videri
661 1171 938 1227 sponsionem
961 1169 1075 1209 illam
1108 1182 1184 1207 nos
1207 1167 1298 1206 sine
1321 1165 1511 1222 periculo
1534 1165 1599 1206 fa-

164 1239 260 1267 cere
292 1242 431 1283 posse,
462 1231 501 1263 72
517 1227 578 1269 Ni
607 1228 802 1269 bonorum
834 1224 1030 1281 Turpiliae
1056 1223 1347 1278 possessionem,
1383 1222 1435 1276 Q.
1461 1221 1599 1276 Caepz'o

157 1290 315 1337 praetor
342 1299 390 1325 ex
420 1284 549 1325 edicto
576 1299 646 1326 suo
678 1284 780 1325 mihi
810 1283 980 1333 dederit,
1018 1295 1178 1337 negare
1211 1280 1355 1320 aiebat
1387 1279 1600 1329 Servium,

165 1342 205 1372 73
221 1340 386 1382 tabulas
407 1342 651 1382 testamenti
672 1355 763 1382 esse
781 1355 867 1392 eas,
889 1354 994 1396 quas
1013 1337 1271 1379 instituisset
1287 1336 1337 1387 is,
1356 1337 1430 1390 qui
1447 1335 1602 1377 factio-

165 1410 263 1437 nem
298 1399 543 1439 testamenti
578 1413 664 1439 non
700 1398 921 1439 habuerit:
955 1397 1038 1438 hoc
1071 1394 1185 1435 idem
1221 1393 1400 1435 Ofilium
1434 1393 1601 1435 dicere:

167 1462 308 1495 tecum
333 1469 377 1495 se
398 1455 590 1496 locutum
615 1456 827 1512 negabat3
849 1468 1004 1509 meque
1025 1452 1210 1508 rogavit,
1232 1461 1281 1492 ut
1303 1465 1346 1492 se
1365 1460 1409 1491 et
1430 1465 1604 1491 causam

167 1525 288 1552 suam
321 1512 401 1553 tibi
430 1513 793 1554 commendarem.
856 1512 950 1553 Nec
973 1511 1037 1552 vir
1063 1508 1230 1559 melior,
1261 1508 1320 1549 mi
1351 1507 1496 1558 Testa,
1527 1521 1606 1548 nec

170 1567 277 1608 mihi
314 1569 493 1610 amicior
536 1569 586 1610 P.
622 1569 728 1610 Silio
764 1569 991 1624 quisquam
1029 1577 1108 1617 est,
1148 1575 1190 1606 te
1223 1576 1367 1607 tamen
1403 1574 1606 1620 excepto.

172 1624 478 1667 Gratissimum
511 1626 645 1682 igitur
675 1626 779 1667 mihi
813 1626 979 1676 feceris,
1011 1625 1046 1666 si
1077 1623 1128 1664 ad
1161 1637 1258 1663 eum
1292 1623 1404 1663 ultro
1428 1622 1609 1671 veneris,

171 1681 296 1736 eique
321 1682 537 1738 pollicitus
559 1684 666 1724 eris:
700 1684 788 1734 sed,
812 1683 846 1723 si
870 1697 938 1724 me
960 1696 1092 1731 amas,
1114 1694 1244 1736 quam
1267 1680 1470 1736 primum.
1507 1678 1609 1720 Hoc

172 1749 214 1779 te
237 1739 513 1781 vehementer
533 1740 664 1781 etiam
687 1750 818 1796 atque
839 1740 970 1780 etiam
993 1753 1118 1794 rogo,

687 1827 1095 1867 ARGUMENTUM.
1625 1827 1682 1865 22

173 1894 235 1931 De
251 1893 360 1944 furtc
382 1894 626 1942 quaestionem,
657 1894 752 1929 inter
769 1892 920 1980 scyphlos
939 1896 1079 1934 natam,
1104 1891 1238 1939 probat
1257 1891 1480 1926 auctoritate
1497 1888 1614 1937 juris-

767 1957 873 1981 consu
893 1949 1024 1980 torum.

172 2063 190 2083 e
207 2053 272 2084 Ms.
295 2052 382 2083 Flor.
396 2053 585 2085 Victorius:
608 2063 682 2084 cum
705 2052 761 2084 alii
779 2052 869 2091 libri,
912 2051 961 2081 ita
982 2054 1045 2087 est,
1067 2054 1106 2080 ut
1129 2059 1190 2089 ego
1206 2049 1289 2079 dico.
1333 2049 1396 2079 Sed
1418 2049 1485 2089 ipse
1500 2054 1615 2081 tamen

174 2101 213 2127 ut
227 2095 299 2126 edd.
315 2101 397 2127 vett.
412 2096 572 2127 haberent
586 2096 703 2126 locum.
721 2095 773 2126 cui
789 2096 870 2126 vitio
912 2093 1053 2133 spondet
1067 2094 1115 2129 ni,
1131 2102 1206 2122 cum
1222 2092 1249 2121 is
1266 2090 1352 2121 unde
1366 2092 1505 2131 petitur,
1521 2092 1615 2123 resti-

175 2139 278 2169 etiam
305 2147 408 2177 genus
437 2138 655 2169 mascnlinum
685 2138 718 2168 in
747 2148 770 2167 a
797 2148 871 2177 quo,

174 2189 281 2219 quem,
309 2180 419 2210 locum
441 2182 553 2211 feck'ase
577 2179 724 2211 videtur:
749 2180 784 2210 in
806 2190 872 2219 quo

174 2222 241 2262 ipse
255 2221 421 2252 Victorius
435 2222 602 2260 haerebat3
625 2221 711 2262 quod
722 2231 788 2252 non
800 2227 872 2252 erat

177 2273 318 2299 necesse,
334 2273 410 2294 cum
426 2269 460 2294 et
470 2264 525 2295 alii
535 2274 574 2293 eo
584 2274 702 2303 genere
716 2262 872 2301 dixerint,

177 2311 212 2337 et
239 2306 343 2337 Graeci
370 2315 509 2347 semper.
537 2305 660 2337 Lotum
686 2305 738 2337 hie
762 2306 873 2345 legen—

177 2348 255 2378 dum
282 2357 362 2385 esse,
389 2349 491 2380 etiam
517 2349 709 2388 conjectura
733 2347 875 2388 intelligi

179 2395 310 2430 poterat
323 2400 342 2421 e
356 2391 473 2427 verbis,
496 2400 557 2430 quo
569 2392 702 2421 advenae
716 2392 818 2422 teneri
830 2400 878 2420 so-

179 2435 259 2470 lent,
275 2438 322 2470 et,
337 2443 430 2472 quem
445 2435 473 2464 si
487 2433 654 2465 excideris.
670 2443 746 2464 nam
760 2433 793 2464 id
807 2442 878 2464 ma-

181 2475 298 2506 nifeste
313 2475 444 2515 respicit
459 2476 648 2506 Graecorum
664 2476 703 2507 de
719 2475 790 2506 loto
805 2484 878 2515 pro-

185 2518 345 2554 verbium,
359 2523 393 2548 et
408 2517 469 2549 hac
490 2517 529 2549 de
543 2518 658 2549 arbore
673 2528 740 2549 esse
755 2527 879 2549 sermo-

185 2569 274 2597 nem,
289 2561 394 2591 docet.

228 2605 264 2636 71
283 2601 418 2642 remoto]
436 2601 498 2633 int.
514 2602 554 2633 ab
568 2601 648 2635 urbe
662 2602 782 2635 Roma.

227 2647 267 2677 72
284 2645 323 2676 Si
339 2645 598 2685 boum-amposta]
618 2644 797 2677 Lambinus
810 2654 881 2675 eor-

186 2686 264 2727 tigit
277 2689 325 2725 ni,
348 2688 446 2727 quod,
466 2688 521 2726 qui
536 2689 711 2728 sponsione
725 2697 880 2727 provoca-

187 2734 249 2765 ret,
264 2729 298 2760 in
315 2729 458 2760 formula
476 2730 660 2769 sponsionis
673 2732 719 2761 sic
732 2729 880 2760 haberet.

186 2770 318 2812 Proprie
332 2772 401 2812 ipse
424 2781 490 2802 non
513 2777 669 2811 provocat
686 2774 753 2810 sic;
777 2772 880 2802 immo

184 2814 247 2844 sie:
264 2814 449 2854 spondes-ne,
458 2818 488 2845 te
502 2814 660 2846 daturum
678 2815 735 2846 διο.
749 2814 791 2853 si,
806 2814 877 2846 scil.

914 2135 1060 2175 puletur.
1085 2144 1162 2165 nam
1177 2135 1203 2164 is
1216 2135 1326 2164 utitur
1337 2133 1481 2164 formula
1496 2135 1541 2164 ni.
1564 2139 1614 2166 at.

915 2187 977 2216 que
995 2177 1070 2207 iude
1082 2178 1126 2213 ei,
1142 2177 1197 2216 qui
1212 2175 1421 2216 sponsionem
1436 2176 1548 2207 fecisse
1565 2177 1613 2208 di-

915 2220 1014 2256 citur,
1029 2228 1156 2259 semper
1176 2218 1337 2249 tribuitur
1357 2217 1501 2249 formula
1521 2219 1613 2250 haee:

915 2262 962 2292 πὶ.
1007 2260 1070 2292 Sed
1094 2261 1142 2292 ita
1167 2264 1243 2300 post
1263 2268 1331 2290 esse
1357 2259 1454 2291 debet
1475 2261 1616 2293 dederit:

918 2312 996 2334 nam
1019 2303 1053 2333 in
1075 2304 1227 2334 omnibus
1251 2303 1323 2334 aliis
1344 2303 1503 2342 exemplis
1519 2303 1617 2343 hujus

919 2345 1071 2376 formulae
1086 2350 1136 2376 est
1152 2345 1390 2386 conjunctivus.
1406 2345 1477 2375 vide
1492 2346 1618 2376 formu·

920 2387 968 2418 las
990 2387 1099 2427 plures
1119 2387 1204 2418 tales
1225 2398 1266 2418 ex
1287 2388 1358 2427 ipso
1382 2386 1539 2418 Cicerone
1567 2397 1621 2428 ap.

921 2430 1066 2461 Brisson.
1091 2430 1130 2460 de
1145 2430 1308 2460 Formuiis
1321 2429 1360 2460 L.
1376 2429 1417 2460 V.
1434 2439 1468 2470 p.
1483 2439 1528 2459 m.
1545 2429 1621 2464 369.

921 2473 977 2512 qui
991 2477 1025 2502 et
1039 2483 1078 2502 ex
1093 2471 1156 2502 hoe
1170 2472 1244 2503 loco
1259 2476 1374 2502 nostro
1389 2472 1435 2502 sic
1451 2471 1560 2501 affert:
1583 2472 1622 2502 ni

920 2514 1268 2546 ”dedda—Similiter
1281 2515 1314 2545 in
1328 2523 1375 2543 or.
1390 2523 1447 2553 pro
1459 2513 1576 2552 Quint.
1592 2523 1621 2544 c.

923 2561 952 2590 8.
968 2557 1024 2588 ubi
1038 2561 1103 2587 est:
1120 2557 1218 2597 jubet
1240 2561 1364 2597 praetor
1385 2556 1420 2585 P.
1443 2555 1620 2594 Quintium

922 2599 1175 2640 —sponsionem
1197 2599 1322 2630 facere:
1345 2598 1373 2628 si
1388 2598 1467 2627 bona
1485 2598 1541 2627 διο.
1564 2597 1621 2628 sed

924 2643 967 2673 ibi
983 2651 1110 2682 quoque
1124 2641 1302 2672 emendant
1316 2640 1376 2670 viri
1390 2639 1494 2669 docti:
1518 2639 1555 2669 ni
1569 2640 1620 2670 bo-

924 2694 1151 2725 net—possessa
1165 2687 1278 2714 essent.
1303 2682 1368 2713 Res
1383 2685 1432 2711 est
1447 2680 1545 2712 clara.
1561 2691 1622 2712 nec

924 2727 1072 2758 dubitavi
1087 2727 1134 2756 sic
1148 2725 1251 2756 edere.

966 2773 1006 2804 73
1029 2769 1161 2799 tabulas
1175 2766 1361 2797 testamenti
1376 2764 1454 2805 esse]
1480 2765 1501 2797 i.
1517 2765 1545 2796 e.
1562 2774 1623 2806 pro

922 2814 1124 2844 testamento
1139 2809 1260 2847 valere,
1274 2813 1371 2850 putas
1386 2817 1454 2839 esse
1468 2817 1570 2851 posse.
