1903 3218
382 89 462 127 AD
488 89 578 131 CN.
606 88 908 128 PLANCUM
933 87 1010 125 ET
1037 87 1323 126 CETEROS.
1477 91 1555 127 243

124 191 226 235 Non
263 193 403 235 minus
444 207 570 249 posse
610 202 666 244 te,
702 205 831 247 quam
868 190 989 244 velle,
1020 190 1293 248 exploratum
1330 189 1438 231 mihi
1473 200 1551 232 est.

124 249 211 292 Fac
234 250 385 302 valeas,
407 264 560 306 meque
582 258 732 290 mutuo
756 248 926 306 diligas.

632 324 1035 364 ARGUMENTUM.
1566 333 1590 369 3

122 390 258 428 Causas
275 390 408 441 adfert,
429 403 491 428 cur
507 402 544 426 se
559 402 637 427 sero
656 390 836 426 libertatis
862 388 1084 438 defensorem
1106 388 1350 440 prqfiteatur:
1378 391 1412 423 et
1432 387 1474 450 de
1492 397 1550 422 ex-

452 441 454 444 ’
481 444 595 478 ενεὶία
613 446 647 478 et
662 443 859 490 provinciae
874 446 974 478 statu
991 441 1185 491 significat.

173 508 454 551 PLANCUS
487 507 620 550 IMP.
654 507 831 551 CONS.
864 506 996 550 DES.
1029 507 1074 550 S.
1106 507 1164 550 D.
1198 505 1361 549 COSS.
1395 503 1490 546 PR.

336 563 499 623 TRIB.
533 565 704 607 PLEB.
737 564 869 607 SEN.
902 564 1038 606 POP.
1071 564 1159 606 PL.
1193 564 1250 611 Q
1283 563 1339 604 R.

121 622 183 675 SI
207 634 274 675 cui
299 633 408 674 forte
432 633 578 675 videor
608 635 768 676 diutius
790 644 834 675 et
855 633 1079 674 hominum
1103 632 1488 687 exspectationem,
1509 639 1552 672 et

119 704 239 746 spem
278 689 527 755 reipublicae
567 691 620 733 de
660 705 756 733 mea
795 690 1015 732 voluntate
1054 690 1239 731 tenuisse
1278 703 1551 743 suspensam:

119 746 220 789 huic
255 747 371 802 prius
405 748 699 790 excusandum
740 762 808 789 me
836 762 926 789 esse
964 749 1163 798 arbitror,
1197 760 1326 801 quam
1357 746 1409 786 de
1443 745 1552 786 inse-

117 806 264 869 quenti
287 805 433 847 officio
455 805 690 861 quidquam
715 805 789 846 ulli
810 804 1113 860 pollicendum.
1174 803 1275 845 Non
1297 803 1411 850 enim
1441 816 1551 858 pr‘ae-

118 863 286 909 teritam
313 862 483 926 culpam
510 863 643 904 videri
669 862 764 904 volo
795 863 1052 904 redemisse:
1085 861 1158 903 sed
1188 860 1366 925 optimae
1396 860 1550 901 mentis

117 920 311 975 cogitata
335 919 611 985 jampridem,
636 932 803 961 maturo
834 929 1027 976 tempore
1056 919 1293 960 enuntiare.
1354 916 1454 959 Non
1483 931 1552 961 me

117 977 382 1031 praeteribat,
404 977 448 1018 in
480 985 601 1018 tanta
629 977 917 1018 sollicitudine
946 976 1016 1017 ho·
1007 977 1186 1026 ·ninum,
1208 985 1252 1017 et
1276 984 1363 1015 tam
1386 984 1551 1030 pertur-

118 1033 219 1075 bato
261 1042 374 1075 statu
425 1034 629 1085 civitatis,
671 1033 1055 1076 fructuosissimam
1101 1047 1194 1075 esse
1242 1030 1552 1088 professionem

119 1090 244 1132 bonae
268 1090 526 1134 voluntatis:
558 1105 825 1147 magnosque
856 1091 1037 1132 honores
1071 1105 1123 1131 ex
1156 1104 1206 1131 ea
1234 1104 1280 1130 re
1309 1089 1550 1145 complures

117 1159 371 1190 consecutos
396 1149 608 1190 videbam.
669 1148 768 1199 Sed,
790 1163 889 1190 cum
922 1149 964 1188 in
996 1162 1092 1189 eum
1115 1161 1262 1189 casum
1287 1160 1355 1186 me
1379 1146 1551 1189 fortuna

116 1204 371 1256 demisisset,
394 1216 441 1246 ut
471 1215 545 1246 aut
574 1205 767 1246 celeriter
801 1204 1055 1261 pollicendo,
1091 1206 1298 1258 ¹8magna
1328 1203 1470 1243 mihi
1460 1218 1551 1259 ipse

116 1262 168 1303 ad
200 1262 512 1326 proficiendum
549 1262 858 1318 impedimenta
894 1274 1182 1317 opponer3em
1224 1269 1314 1310 aut,
1351 1261 1384 1300 si
1421 1261 1464 1300 in
1500 1275 1550 1301 eo

111 1318 222 1360 mihi
258 1320 622 1375 temperavissem‚
659 1319 840 1374 majores
878 1331 1126 1359 occasrones
1159 1316 1213 1357 ad
1251 1317 1551 1372 opitulandum

111 1375 341 1418 haberem:
383 1376 628 1432 expeditius
670 1376 750 1417 iter
790 1375 1031 1418 communis
1075 1374 1239 1425 salutis,
1271 1388 1400 1429 quam
1442 1388 1548 1416 meae

112 1431 265 1485 laudis,
287 1447 379 1475 esse
412 1434 541 1474 volui.
606 1432 718 1473 Nam
739 1434 835 1488 quis
866 1433 909 1473 in
931 1447 982 1473 ea
1012 1433 1199 1482 fortuna,
1221 1446 1318 1486 quae
1350 1446 1445 1472 mea
1468 1441 1548 1482 est,

111 1500 157 1531 et
178 1491 233 1532 ab
255 1505 306 1531 ea
329 1491 430 1541 vita,
449 1505 522 1546 qur
509 1504 577 1530 rm
601 1490 645 1530 in
670 1504 738 1530 me
769 1491 989 1546 cognitam
1013 1489 1262 1530 hominibus
1284 1489 1483 1540 arbitror,
1506 1499 1549 1530 et

110 1562 209 1588 cum
231 1561 281 1589 ea
303 1562 393 1603 spe,
414 1562 542 1603 quam
566 1547 609 1588 in
632 1521 850 1587 manibus³³
852 1547 1006 1597 habeo,
1041 1549 1077 1580 19
1091 1554 1166 1586 aut
1186 1545 1405 1586 sordidum
1423 1546 1550 1601 quid-

113 1619 242 1660 quam
265 1605 370 1660 pati,
393 1615 467 1646 aut
492 1604 779 1668 perniciosum
804 1604 1109 1659 concupiscere
1131 1612 1299 1658 potest
1292 1604 1305 1634 Ρ
1365 1602 1450 1644 Sed
1473 1603 1549 1644 ali-

106 1670 322 1717 quantum
344 1662 469 1702 nobis
493 1673 712 1717 temporis,
733 1672 777 1702 et
806 1664 846 1692 20
859 1675 1005 1717 magur
1031 1661 1211 1711 labores,
1233 1669 1276 1700 et
1298 1660 1477 1702 multae
1467 1675 1548 1701 rm-

108 1732 256 1774 pensae
279 1733 387 1774 opus
414 1717 605 1769 fuerunt,
629 1729 689 1769 ut,
711 1733 808 1773 quae
838 1718 1087 1774 reipublicae
1115 1718 1323 1772 bonisque
1345 1717 1588 1762 omnibusp
1608 1724 1676 1753 148

111 1774 426 1840 polliceremur,
447 1776 567 1818 exitu
602 1785 914 1831 praestaremus,
946 1777 982 1805 2¹
1001 1788 1139 1829 neque
1158 1774 1210 1815 ad
1239 1773 1450 1815 auxilium
1471 1775 1590 1830 pa-a·

107 1831 206 1879 triae
227 1833 332 1877 nudi
355 1847 454 1874 cum
486 1835 600 1874 bona
625 1832 857 1883 voluntate,
881 1832 950 1873 sed
984 1847 1082 1873 cum
1117 1831 1394 1872 facultatibus
1425 1846 1547 1874 acce-

109 1889 320 1931 der-‚emus
380 1889 712 1931 Confirmandus
734 1898 825 1930 erat
847 1890 1062 1930 exercitus
1086 1889 1225 1939 nobis,
1245 1889 1414 1943 magnis
1433 1904 1549 1945 saepe

107 1947 299 2002 praemiis
319 1947 585 1999 sollicitatus,
602 1955 663 1997 ut,
686 1948 740 1988 ab
763 1947 983 2002 republica
1001 1947 1144 2002 potius
1164 1946 1400 1996 moderata,
1418 1961 1548 2010 quam

109 2004 164 2045 ab
193 2019 279 2045 uno
310 2003 480 2046 infinita
509 2014 711 2060 speraret.
773 2003 1093 2044 Confirmandae
1122 2003 1363 2059 complures
1395 2004 1549 2045 civita-

110 2069 186 2112 tes,
227 2075 324 2125 quae
363 2062 580 2118 superiore
619 2075 732 2102 anno
769 2061 1072 2117 largitionibus
1111 2060 1549 2117 concessionibusque

107 2118 384 2173 praemiorum
406 2129 527 2160 erant
548 2118 779 2174 obligatae:
814 2130 860 2159 ut
882 2129 924 2160 et
945 2117 1016 2159 illa
1045 2131 1153 2159 vana
1175 2125 1390 2172 putarent,
1413 2127 1456 2157 et
1478 2132 1548 2159 ea-

101 2173 205 2216 'dem
230 2189 255 2216 a
280 2175 528 2217 melioribus
559 2175 807 2216 auctoribus
839 2175 1023 2231 petenda
1044 2174 1368 2216 existimarent:
1399 2176 1440 2206 22
1456 2173 1548 2216 alli-

150 2289 188 2318 18
211 2297 338 2327 magna
351 2289 385 2318 in
408 2289 475 2329 spe]
512 2289 563 2320 Sic
581 2289 661 2320 Mss.
677 2295 710 2319 et
732 2288 805 2319 edd.
890 2291 931 2320 20
954 2289 1069 2326 magni
1098 2287 1230 2328 laboris]
1262 2287 1455 2328 Legendum
1484 2293 1546 2326 est,

104 2334 185 2361 vett.
229 2330 410 2362 Lambinus
429 2332 569 2362 correxit
585 2340 710 2369 magna
726 2331 807 2362 mihi
851 2336 887 2360 ut
911 2335 946 2360 et
967 2330 999 2360 δ.
1018 2329 1053 2360 F.
1070 2330 1236 2360 Gronovio
1259 2328 1395 2370 placuit,
1412 2330 1545 2361 labores.

102 2373 181 2412 ipse,
209 2377 247 2403 ut
284 2377 319 2403 et
356 2374 461 2404 voluit
490 2374 606 2412 corrigi
638 2373 802 2403 Facimus:
849 2383 924 2404 nam
936 2371 1121 2411 etf'uerunt
1133 2373 1196 2403 hoc
1208 2371 1382 2409 desiderat,
1392 2377 1425 2402 et
1437 2373 1545 2403 multo

104 2415 328 2455 probabiliter.
339 2425 415 2446 nam
428 2415 468 2446 de
476 2425 532 2456 spe
545 2424 611 2445 non
624 2425 656 2446 es
659 2420 672 2445 t
683 2425 803 2452 sermo,
849 2416 952 2454 magis
962 2414 1151 2454 epitheton,
1167 2414 1254 2453 quod
1267 2415 1406 2450 abesset,
1421 2415 1447 2444 si
1460 2419 1546 2449 esset

104 2456 161 2487 sed
175 2456 214 2487 de
229 2457 358 2488 officio:
383 2464 417 2488 et
440 2457 515 2487 huic
536 2457 709 2498 par-ticulae
735 2467 805 2488 ma·
847 2458 1023 2496 genitivus,
1036 2457 1090 2496 qui
1105 2457 1145 2487 ab
1157 2459 1366 2497 aliquantum
1379 2456 1544 2497 penderet.

102 2507 176 2537 gna
188 2501 223 2530 in
238 2510 294 2539 spe
309 2499 343 2529 in
359 2500 525 2530 contrario
545 2499 595 2530 nil
607 2499 803 2540 respondet.
847 2499 910 2530 Sed
924 2499 1051 2540 decepit
1068 2498 1215 2529 librarios
1231 2500 1384 2538 temporis
1397 2499 1544 2534 verbum,

104 2539 244 2582 denique
264 2543 496 2582 impedimenta
517 2541 647 2572 nullum
680 2543 804 2573 habent
846 2548 1005 2581 tanquam
1043 2541 1083 2571 ab
1124 2543 1333 2581 aliquantum
1378 2539 1544 2580 penderet.

105 2582 290 2622 epitheton,
311 2584 397 2624 quod
421 2584 615 2624 respondeat
637 2585 803 2615 contrario
847 2585 1003 2615 Ceterum
1025 2583 1100 2614 libri
1122 2583 1176 2613 hic
1197 2583 1290 2614 valde
1312 2582 1459 2612 variant:
1484 2591 1544 2612 nec

105 2623 252 2674 majores
266 2627 452 2664 occasiones,
470 2626 503 2656 id
524 2626 611 2665 quod
633 2627 802 2657 concinni·
847 2629 895 2657 est
910 2634 1040 2659 necesse
1056 2635 1324 2656 commemorare.

101 2669 154 2697 tas
168 2668 326 2698 orationis
340 2649 657 2709 postul'at.1taque
671 2669 803 2700 Lambi—
888 2670 924 2700 21
951 2677 1052 2708 neque
1064 2668 1109 2698 ad
1128 2667 1225 2706 aux]
1249 2665 1438 2705 Legendum
1463 2669 1544 2705 puto

106 2715 187 2738 num
199 2713 330 2740 secutus
343 2720 427 2742 sum.
846 2720 934 2740 neve.

150 2753 187 2784 19
208 2754 269 2782 aut
281 2752 446 2784 sordidum
461 2763 490 2793 q.
502 2751 591 2792 pati]
617 2762 661 2784 sc.
678 2752 719 2784 ab
733 2754 801 2784 An·
885 2754 925 2784 22
948 2751 1122 2790 eliciendae]
1161 2749 1225 2779 Ms.
1258 2752 1380 2784 noster,
1411 2747 1466 2778 sed
1505 2759 1545 2780 ex

102 2792 211 2830 tonio,
238 2794 325 2833 quod
350 2795 517 2826 servitutis
546 2796 709 2827 rationem
742 2795 801 2826 ha-
843 2795 1058 2830 correctione,
1088 2791 1279 2827 αἰίἰσὶεηᾱω,
1302 2796 1339 2820 ut
1367 2790 1465 2820 habet
1494 2791 1544 2826 ed.

106 2832 208 2865 beoet·
846 2836 935 2869 Med.
965 2841 997 2868 et
1029 2816 1101 2866 aiiae
1130 2838 1207 2866 ante
1234 2832 1430 2865 Victorium.
1459 2832 1546 2872 quod

765 2883 838 2919 32
