1865 3223
388 129 389 132 ,
451 101 528 139 AD
555 104 598 141 C.
625 100 936 139 MEMMIUM
962 99 1032 136 ET
1057 100 1249 139 ALIOS.
1490 103 1569 147 887

131 205 395 271 rei-publicae,
415 206 613 261 petitioni
634 219 724 245 sese
739 204 871 254 dedit,
891 203 1185 258 honoremque
1217 204 1564 249 honestissimum

129 263 395 310 existimavit
426 264 614 305 {ructum
641 261 797 302 laboris
828 261 908 301 sui.
971 259 1054 300 His
1083 270 1226 300 autem
1255 263 1519 318 temporibus
1541 279 1566 305 a

127 334 197 360 me
226 319 455 361 Brundisio
489 334 585 362 cum
616 317 772 358 litteris
801 327 845 358 et
878 317 1090 357 mandatis
1128 317 1345 373 profectus
1376 319 1427 360 ad
1466 319 1565 360 Cae-

127 391 262 419 sarem
292 388 380 418 est:
413 377 560 431 quain
593 389 635 415 re
657 386 699 416 et
730 388 918 415 amorem
944 373 1036 428 ejus
1059 374 1101 415 in
1133 374 1407 430 suscipiendo
1431 390 1564 432 nego-

124 435 186 474 tio
206 434 418 490 perspexi,
434 444 475 474 et
494 434 536 474 in
555 431 825 473 conficiendo
847 447 895 472 ac
922 431 1206 472 renuntiando
1230 430 1372 473 fidem.
1405 411 1564 474 Videor

124 490 247 541 mihi,
272 506 370 532 cum
392 489 619 554 separatim
642 490 695 530 de
723 490 939 545 probittte
959 488 1052 544 ejus
1080 498 1124 529 et
1154 488 1346 529 moribus
1369 488 1563 530 dicturus

125 546 317 598 fuissem,
339 548 372 587 si
398 547 512 602 prius
543 561 730 597 causam,
752 561 828 587 cur
854 559 951 587 eum
975 554 1198 610 tantopere
1219 545 1457 600 diligerem,
1480 547 1562 587 tibi

124 605 433 660 exposuissem,
457 618 499 644 in
523 604 616 660 ipsa
636 618 764 645 causa
788 602 1045 658 exponenda
1067 603 1168 643 satis
1189 603 1319 644 etiam
1341 602 1395 644 de
1416 603 1562 659 probi-

126 669 215 703 tate
235 661 408 703 dixisse.
471 661 552 702 Sed
587 673 728 702 tamen
753 661 982 716 separatim
1006 660 1227 715 promitto,
1250 660 1295 700 in
1322 673 1476 715 meque
1496 673 1562 702 re-

122 717 253 773 cipio,
274 716 368 758 fore
398 732 495 759 eum
527 719 606 759 tibi
637 728 679 758 et
704 717 931 772 voluptati,
953 725 996 757 et
1027 716 1135 757 usui.
1197 716 1310 758 Nam
1342 727 1386 758 et
1414 717 1563 759 mode-

122 783 235 816 stum
266 773 484 816 hominem
509 789 758 831 cognosceS,
790 777 830 805 98
843 783 886 815 et.
914 773 1183 830 prudentem,
1205 783 1249 814 et
1276 788 1302 815 a
1322 774 1562 830 cupiditate

119 832 237 874 omni
270 832 879 888 remotissimum;p1aeterea
909 831 1055 887 magni
1090 831 1261 883 laboris,
1296 844 1562 887 summaeque

119 888 357 930 industriae.
419 889 572 953 Neque
594 904 676 944 ego
700 890 793 930 haec
825 888 1012 944 polliceri
1048 888 1199 939 debeo,
1221 903 1319 944 quae
1354 889 1436 930 tibi
1461 888 1560 945 ipsi,

118 958 216 986 cum
252 946 357 987 bene
392 947 608 1001 cognoris,
633 946 871 1001 judicanda
902 954 1030 998 sunt3
1068 945 1141 986 sed
1173 954 1315 986 tamen
1346 946 1392 988 in
1419 946 1560 988 omni-

119 1002 197 1043 bus
235 1003 359 1044 novis
382 1003 774 1059 conjunctionibus
814 1003 1004 1054 interest,
1041 1001 1177 1057 qualis
1216 1003 1378 1059 primus
1415 1003 1559 1045 aditus

117 1059 189 1110 sit,
218 1069 261 1101 et
294 1075 379 1115 qua
410 1060 786 1102 commendatione
817 1059 938 1116 quasi
973 1060 1176 1101 amicitiae
1216 1059 1328 1101 fores
1363 1060 1560 1117 aperian-

115 1117 344 1172 tU1.quod
374 1131 456 1173 ego
488 1117 553 1158 his
580 1118 733 1158 litteris
762 1117 932 1158 efficere
961 1116 1093 1158 volui.
1126 1117 1208 1158 etsi
1236 1117 1312 1159 id
1304 1131 1396 1173 ipsa
1417 1131 1492 1174 per
1514 1132 1559 1158 se

115 1174 386 1215 necessitudo
434 1184 663 1230 quaesturae
718 1174 888 1216 efficere
925 1173 1067 1215 debet.
1114 1174 1187 1216 sed
1230 1183 1372 1216 tamen
1420 1174 1558 1216 nihilo

116 1230 328 1271 infirmius
351 1232 469 1283 illud,
490 1232 575 1273 hoc
604 1231 766 1272 addito.
829 1230 944 1272 Cura
971 1231 1118 1286 igitur,
1143 1231 1176 1271 si
1202 1245 1271 1272 me
1300 1231 1408 1273 tanti
1435 1231 1557 1284 facis,

114 1288 263 1341 quanti
285 1298 327 1328 et
349 1288 484 1329 Varro
509 1288 744 1339 existimat,
765 1296 809 1328 et
839 1288 931 1343 ipse
952 1287 1106 1339 sentio,
1131 1297 1178 1328 ut
1206 1301 1334 1342 quam
1369 1289 1599 1344 primumb.

117 1343 370 1400 intelligam,
392 1345 504 1386 hanc
533 1359 672 1386 meam
702 1344 1124 1386 commendationem
1154 1351 1322 1386 tantum
1350 1345 1410 1386 illi
1441 1345 1557 1387 utili-

111 1401 220 1442 tatis
234 1401 442 1454 attulisse,
463 1411 673 1458 quantum
695 1411 739 1444 et
760 1403 852 1458 ipse
874 1402 1068 1458 sperarit,
1092 1416 1171 1443 nec
1197 1415 1280 1459 ego
1305 1402 1554 1444 dubitarim.

626 1491 1032 1529 ARGUMENTUM.
1574 1497 1588 1532 l
1604 1498 1619 1532 l

108 1553 342 1592 Commendat
361 1555 479 1592 Bruto
505 1556 713 1603 vectigalia,
743 1567 820 1603 quae
843 1555 1042 1603 Arpinates
1069 1556 1107 1591 in
1131 1555 1259 1590 Gallia
1285 1555 1486 1596 habebant:
1519 1560 1555 1594 et

385 1607 536 1656 legatos,
557 1609 620 1656 qui
638 1608 686 1643 acl
703 1619 746 1643 ea
764 1609 939 1655 exigenda
953 1607 1284 1656 proficiscebantur.

479 1675 546 1716 M.
569 1674 622 1717 T.
645 1675 697 1717 C.
731 1674 941 1717 BRUTO
973 1675 1018 1716 S.
1044 1674 1093 1716 P.
1120 1674 1179 1716 D.

106 1729 275 1792 QUIA
308 1761 476 1804 semper
508 1748 807 1801 animadverti,
841 1748 1032 1789 studiose
1067 1757 1109 1789 te
1141 1762 1313 1804 operam
1351 1747 1467 1800 dare,
1501 1757 1551 1790 ut

105 1818 160 1845 ne
194 1805 313 1869 quid
335 1819 528 1846 meorum
562 1806 643 1847 tibi
679 1814 791 1847 esset
826 1805 1054 1862 ignotum:
1087 1811 1318 1870 propterea
1349 1818 1437 1847 non
1471 1804 1562 1847 du-‚

105 1861 213 1913 bito,
243 1861 348 1918 quin
387 1862 510 1914 scias,
542 1877 628 1904 non
664 1863 802 1904 solum
833 1863 957 1919 cujus
994 1863 1222 1928 municipii
1253 1863 1350 1914 sim,
1381 1863 1454 1904 sed
1484 1872 1551 1904 et·

104 1918 205 1969 iam,
235 1934 364 1975 quam
403 1919 634 1975 diligenter
673 1920 831 1962 soleam
864 1927 986 1961 meos'
1018 1920 1273 1976 municipes,
1300 1918 1548 1976 Arpinates,

105 1978 228 2017 tueri.
290 1954 508 2023 Quorum*
526 1978 699 2032 quidem
738 1978 885 2018 omnia
926 1977 1169 2028 commoda,
1206 1991 1442 2032 omnesque
1484 1976 1547 2018 fa-

102 2033 299 2085 cultates,
334 2033 490 2089 quibus
523 2044 566 2075 et
601 2049 721 2076 sacra
755 2035 981 2100 conficere,
1014 2044 1058 2075 et
1092 2043 1205 2075 sarta
1238 2042 1353 2074 tecta
1387 2033 1546 2076 aedium

100 2104 332 2142 sacrarum,
372 2090 652 2147 locorumque
693 2093 991 2134 communium
1033 2091 1142 2132 tueri
1182 2091 1365 2147 possint,
1404 2092 1548 2132 consi·

103 2156 222 2189 stunt
244 2148 288 2189 in
321 2148 387 2188 his
413 2149 712 2204 vectigalibus,
734 2164 831 2204 quae
863 2149 1026 2190 habent
1056 2149 1100 2189 in
1134 2148 1356 2203 provincia
1388 2147 1545 2189 Gallia.

98 2203 168 2246 Ad
199 2219 249 2246 ea
279 2205 468 2255 visenda,
501 2207 803 2261 pecuniasque,
828 2221 924 2261 quae
953 2221 979 2247 a
1009 2205 1172 2247 colonis
1204 2205 1429 2256 debentur,
1451 2205 1545 2246 exi·

101 2262 277 2318 gendas,
314 2272 536 2317 totamque
572 2278 661 2304 iem
695 2264 747 2304 ad
780 2263 1126 2327 cognoscendam
1165 2271 1209 2302 et
1241 2262 1545 2303 administran-

99 2320 213 2369 dam,
246 2319 410 2374 legatos
442 2320 606 2375 equites
640 2320 861 2361 Romanos
893 2335 1102 2370 misimus,
1136 2319 1193 2366 Q.
1219 2318 1451 2369 Fufidium,
1485 2319 1542 2365 Q.

101 2375 152 2418 F.
178 2375 246 2416 M.
270 2353 494 2428 Faucium,
528 2376 594 2418 Μ.
629 2377 676 2418 F.
711 2377 768 2424 Q.
793 2377 1080 2428 Mamercum,
1113 2376 1171 2423 Q.
1195 2375 1243 2418 F.
1307 2375 1415 2416 Peto
1447 2391 1471 2416 a
1502 2385 1543 2416 te

98 2433 143 2474 iu
181 2433 391 2489 majorem
423 2433 615 2485 modum,
646 2448 724 2491 pro
760 2444 906 2476 nostra
943 2433 1271 2483 necessitudine,
1302 2444 1351 2473 ut
1384 2433 1462 2472 tibi
1493 2446 1544 2473 ea

97 2504 163 2531 res
192 2505 307 2532 curae
328 2491 686 2556 sit‚ope1arr1que
711 2492 799 2543 des,
823 2501 871 2532 ut
903 2507 976 2548 per
1009 2501 1049 2532 te
1079 2505 1209 2545 quam
1243 2489 1543 2531 commodissi-

98 2560 170 2587 me
200 2548 435 2603 negotium
464 2549 690 2605 municipii
729 2549 1064 2599 administretur,
1104 2561 1234 2603 quarn
1258 2547 1544 2610 *primumque

95 2580 381 2647 confici·ttur:
425 2605 641 2661 ipsosque,
676 2620 859 2662 quorum
900 2607 1075 2647 nomina
1117 2603 1284 2660 scripsi,
1323 2612 1371 2642 ut
1412 2617 1542 2658 quam

138 2764 179 2794 28
210 2767 241 2792 et
263 2763 474 2806 prudentem]
510 2766 601 2798 Bene
632 2765 797 2798 Corradus
841 2766 974 2797 homine
984 2770 1033 2797 est
1048 2765 1148 2796 etiam
1163 2773 1216 2805 ep.
1232 2764 1285 2795 21.
1300 2766 1385 2794 extr.
1400 2761 1456 2793 sed
1468 2761 1544 2795 libri

85 2806 266 2844 pudentem
280 2807 436 2846 corrigit3
453 2817 528 2839 nam
545 2814 594 2840 est
614 2809 722 2848 aptius
738 2819 798 2840 an·
841 2819 956 2840 omnes
965 2808 1177 2849 prudentem.

93 2846 256 2878 recedenti
271 2852 306 2878 et
320 2850 552 2889 consequenti:
570 2855 603 2881 et
617 2851 663 2880 sic
678 2849 719 2881 de
736 2852 797 2882 tali

150 2903 260 2931 voL.
284 2904 360 2933 111.
385 2905 426 2933 Ρ.
448 2906 481 2933 1.
804 2907 825 2933 Z
