1817 3196
404 116 483 155 AD
510 119 552 156 C.
581 116 916 160 CURIONEM,
943 116 1019 154 ET
1046 115 1230 154 ALIOS.
1483 118 1534 155 35

102 217 299 271 quaedam
332 221 626 276 exspectatio:
660 235 786 275 quam
823 230 866 261 tu
902 234 985 261 una
1018 234 1060 260 re
1091 219 1292 260 facillime
1312 218 1472 269 vinces,
1498 219 1533 261 si

101 272 185 315 hoc
224 278 433 327 statueris,
472 292 650 332 quarum
691 279 859 318 laudum
898 278 1076 333 gloriam
1112 277 1347 327 adanu-aris3
1378 277 1534 330 quibus

101 331 262 372 artibus
286 348 346 374 eae
370 334 510 375 laudes
532 346 849 390 comparantur,
873 336 912 374 in
940 335 987 374 iis
1009 348 1099 374 esse
1128 333 1419 374 laborandum.
1486 332 1534 373 [n

99 386 211 428 hanc
231 391 481 431 sententiam
506 392 732 432 scriberem
758 392 889 447 plura,
913 391 991 431 nisi
1016 402 1057 430 te
1080 399 1152 430 tua
1174 400 1326 446 sponte
1345 390 1446 430 satis
1468 389 1534 429 in-

98 443 277 505 eitatum
301 460 391 487 esse
421 448 702 490 confiderem:
738 458 779 489 et
813 449 908 497 boe,
929 447 1136 503 quidquid
1169 447 1311 502 attigi,
1335 461 1418 486 nou
1453 445 1535 487 feci

98 501 392 545 inflammandi
417 505 477 546 tui
500 520 641 557 causa,
666 505 736 546 sed
761 505 1019 546 testificandi
1043 504 1198 545 amoris
1221 504 1319 544 mei.
1361 502 1478 543 Vale.

614 593 918 631 ARGUMENT
924 593 1015 630 UM.
1547 593 1572 631 5

97 655 248 697 Questus
266 657 310 692 de
333 658 486 704 public-is
505 658 621 698 malis,
644 658 791 694 Curioni
807 658 1030 704 gratulatur,
1051 656 1147 704 quod
1174 667 1216 691 ea
1244 667 1313 691 non
1341 656 1475 695 videat,
1497 659 1533 690 et

144 720 314 756 magnam
342 722 382 744 ex
410 709 603 758 benefactis
632 711 773 745 laudem
802 714 1050 756 consequatur.
1105 708 1177 743 Sed
1206 720 1346 755 quoquo
1373 720 1410 743 se
1428 707 1532 743 modo

142 761 344 808 respublica
378 762 519 802 habeat,
556 763 604 798 ad
638 774 716 798 eam
751 762 1003 810 capessendam
1039 762 1365 807 vindicandumque
1399 759 1532 795 adhor-

145 815 256 850 tatur.

406 879 540 922 M.T.
559 880 611 922 C.
645 880 696 922 C.
715 879 999 931 CURIONL
1027 879 1070 920 S.
1094 879 1140 921 P.
1163 878 1216 920 D.

95 933 252 988 HAEC
286 950 461 1004 negotia
492 949 710 1004 quomodo
743 963 786 989 se
824 948 1024 998 habeant,
1056 961 1110 989 ne
1142 945 1325 1003 epistola
1356 945 1532 1001 quidem

91 1015 262 1045 narrare
299 1006 450 1047 audeo.
490 1007 584 1057 tibi,
617 1007 695 1048 etsi
738 1007 996 1060 ubicumque
1034 1019 1093 1055 es,
1129 1016 1173 1045 ut
1212 1003 1359 1059 scripsi
1400 1004 1451 1044 ad
1489 1013 1532 1044 te

90 1070 230 1111 antea,
254 1061 296 1102 in
329 1063 476 1104 eadem
510 1078 554 1105 es
588 1064 701 1114 navi,
735 1072 892 1112 tamen,
915 1062 1029 1117 quod
1064 1063 1178 1111 abes,
1215 1060 1430 1117 gratulor:
1465 1060 1532 1101 vel

90 1118 190 1171 quia
223 1133 306 1159 non
333 1121 447 1161 vides
479 1135 542 1171 ea,
572 1136 668 1176 quae
702 1135 807 1171 nos3
843 1120 904 1160 vel
938 1119 1051 1174 quod
1086 1118 1257 1159 excelso
1295 1126 1338 1158 et
1375 1117 1529 1158 illustri

89 1172 187 1215 loco
210 1177 324 1217 7sita
355 1189 419 1218 est
453 1177 540 1218 laus
576 1188 661 1227 tua,
685 1178 726 1218 in
764 1177 1040 1232 plurimorum
1071 1185 1113 1216 et
1146 1176 1359 1215 sociorum
1393 1184 1436 1215 et
1465 1174 1527 1215 ci-

91 1231 208 1273 vium
238 1245 500 1289 conspeetu:
532 1249 628 1288 quae
660 1234 712 1274 ad
744 1248 821 1274 nos
853 1247 931 1274 nec
961 1233 1160 1282 obscuro,
1193 1246 1270 1273 nec
1295 1232 1410 1272 vario
1442 1245 1528 1271 ser-

89 1301 232 1340 mone,
265 1291 337 1331 sed
374 1300 418 1331 et
455 1291 701 1340 clarissima,
737 1300 780 1331 et
815 1305 900 1331 una
936 1289 1129 1330 omnium
1166 1304 1270 1329 voce
1302 1288 1528 1344 perfertur.

91 1343 234 1388 Unum
273 1346 375 1388 illud
408 1348 565 1398 nescio,
598 1349 840 1404 gratulerne
870 1347 966 1397 tibi,
997 1361 1049 1387 an
1083 1346 1272 1395 timeam,
1303 1345 1417 1400 quod
1450 1346 1531 1384 mi-

90 1402 234 1444 rabilis
266 1415 330 1445 est
360 1406 629 1461 exspectatio
661 1406 820 1446 reditus
847 1405 935 1446 tui:
968 1418 1068 1454 non,
1091 1418 1176 1458 quo
1201 1417 1358 1453 verear,
1382 1417 1434 1443 ne
1457 1412 1532 1443 tua

90 1458 225 1501 virtus
258 1462 453 1517 opinioni
490 1463 712 1503 hominum
743 1477 826 1503 non
862 1461 1146 1517 respoudeat3
1179 1461 1249 1501 sed
1275 1459 1529 1511 mehercule,

90 1528 158 1566 ne,
192 1532 287 1559 cum
325 1519 503 1570 veneris,
538 1534 621 1560 non
662 1520 819 1560 habeas
854 1519 963 1574 jam,
997 1518 1111 1573 quod
1148 1532 1298 1558 cures:
1333 1518 1392 1557 ita
1430 1526 1530 1557 suut

92 1575 238 1615 omnia
259 1576 482 1616 debilitata
508 1576 601 1631 jam
628 1591 760 1632 prope
781 1586 824 1617 et
845 1577 1074 1616 exstincta.
1118 1574 1201 1615 Sed
1227 1575 1318 1615 haee
1341 1574 1434 1628 ipsa
1455 1588 1525 1614 ne·
1539 1576 1636 1617 p.2o.

89 1630 195 1680 scio,
218 1642 388 1673 rectene
415 1634 499 1674 siut
530 1634 682 1674 litteris
713 1633 955 1674 commissa.
980 1646 1110 1687 quare
1132 1642 1272 1672 cetera
1293 1630 1570 1686 cognoscesa·

88 1699 143 1727 ex
166 1689 275 1731 aliis.
334 1688 399 1730 Tu
424 1700 581 1742 tamen,
605 1692 693 1731 sive
718 1691 847 1731 habes
869 1690 1056 1745 aliquam
1079 1703 1197 1744 spem
1221 1689 1273 1729 de
1294 1688 1530 1742 republica,

89 1743 179 1785 sive
210 1746 423 1802 desperas,
453 1762 503 1788 ea
538 1763 651 1803 para,
692 1748 911 1797 meditare,
945 1746 1104 1802 cogita,
1144 1760 1241 1800 quae
1274 1758 1365 1785 esse
1398 1745 1441 1785 in
1477 1759 1529 1786 eo

87 1801 173 1841 civi
203 1818 253 1844 ac
277 1804 366 1844 viro
400 1805 572 1855 debent,
595 1806 668 1859 qui
705 1805 760 1845 sit
792 1804 1100 1860 rempublicam
1136 1802 1356 1852 afflictam,
1378 1812 1421 1842 et
1450 1817 1530 1858 op-

88 1872 277 1913 pressam
313 1862 474 1902 miseris
509 1862 790 1918 teinporibuS‚
813 1877 862 1902 ac
895 1861 1074 1917 perditis
1098 1860 1305 1910 moribus,
1336 1859 1382 1899 in
1411 1870 1529 1901 vete-

86 1928 176 1957 rem
198 1917 456 1973 dignitatem
479 1934 528 1960 ae
546 1919 788 1960 libertatem
811 1919 1120 1960 vindicaturus.

605 2007 1010 2045 ARGUMENTUM.
1538 1999 1567 2041 6

88 2071 250 2114 Curioni,
268 2084 310 2107 ex
327 2073 419 2108 Asia
435 2073 660 2114 adventanti,
689 2071 842 2107 Milonis
860 2083 1018 2112 causam,
1039 2071 1264 2106 consulatum
1281 2071 1448 2116 petentis,
1468 2070 1526 2105 di-

139 2123 373 2170 ligentissime
400 2125 636 2166 commendat,
656 2129 695 2159 ut
722 2125 861 2171 gratia,
882 2136 953 2171 qua
978 2123 1176 2170 plurimum
1200 2122 1352 2170 polleat,
1377 2123 1529 2168 petitio-

137 2187 217 2210 nem
236 2174 310 2221 ejus
336 2175 494 2222 adjuvet,
514 2188 583 2224 quo
611 2178 688 2224 ipso
716 2188 786 2211 non
815 2180 890 2211 tarn
909 2175 1086 2210 stIilonem
1102 2175 1183 2214 sibi,
1203 2185 1311 2221 quam
1338 2175 1448 2208 etiam
1469 2173 1530 2209 Ci-

139 2238 312 2269 ceronem,
332 2227 431 2273 cujus
459 2230 634 2264 intererat
661 2228 838 2263 Milonem
867 2228 1003 2269 ornari,
1023 2228 1139 2274 magis
1166 2228 1354 2274 magisque
1378 2226 1446 2262 sibi
1467 2226 1528 2262 de-

137 2280 324 2315 vincturus
340 2281 400 2315 sit.

400 2345 468 2386 M.
485 2343 536 2386 T.
555 2344 606 2386 C.
640 2344 692 2386 C.
711 2344 997 2396 CURIONI,
1021 2344 1065 2386 S.
1086 2344 1137 2385 P.
1159 2343 1216 2385 D.

91 2398 389 2454 NONDUM
426 2422 517 2453 erat
551 2413 761 2464 auditum,
784 2423 825 2453 te
855 2413 906 2454 ad
946 2412 1116 2454 Italiam
1153 2413 1397 2463 adventare,
1430 2426 1530 2453 cum

89 2468 272 2510 Sextum
296 2470 488 2520 Villium,
524 2469 704 2511 Milonis
739 2470 823 2510 mei
861 2470 1130 2521 familiarem,
1160 2484 1258 2510 cum
1298 2469 1362 2510 his
1395 2469 1447 2510 ad
1487 2479 1530 2510 te

85 2525 239 2568 litteris
269 2528 381 2568 misi.
441 2527 525 2568 Sed
556 2538 698 2568 tamen
731 2542 829 2568 cum
863 2528 1208 2583 appropinquare
1241 2538 1338 2567 tuus
1371 2527 1531 2566 adven-

89 2592 156 2624 tus
180 2594 415 2640 putaretur,
438 2595 482 2624 et
511 2593 554 2624 te
578 2585 671 2639 jam
694 2598 748 2625 ex
771 2585 877 2625 Asia
909 2585 1095 2627 Romam
1118 2597 1262 2625 versus
1286 2582 1529 2639 profectum

86 2653 179 2681 esse
217 2650 448 2694 constaret,
489 2642 745 2697 magnitudo
789 2642 849 2682 rei
891 2641 1011 2693 feeit,
1054 2650 1104 2682 ut
1142 2655 1231 2682 non
1273 2653 1528 2692 vereremur,

89 2799 152 2870 ha}
168 2798 234 2870 εἰξα
253 2800 300 2829 est
322 2798 395 2833 laus
415 2796 492 2839 tua]
517 2797 570 2832 Sic
590 2805 659 2829 esse
678 2796 776 2827 debet
789 2807 801 2827 ε
827 2796 904 2835 quia
917 2795 1072 2839 praeeedit
1086 2796 1186 2836 vides,
1202 2804 1271 2827 non
1292 2796 1347 2836 sit,
1361 2800 1400 2828 ut
1414 2797 1528 2839 vulgg.

154 2848 195 2870 en
214 2861 221 2870 .

770 2893 798 2922 D
817 2884 848 2924 2
