1817 3196
378 111 455 148 AD
481 109 522 147 C.
548 107 883 151 CURIONEM‚
909 108 982 145 ET
1007 108 1195 146 ALIOS.
1454 113 1505 148 4⁵

73 210 252 255 duorum
275 212 490 267 exemplo,
505 212 575 266 qui
600 225 746 252 omnes
768 211 954 262 Cassios,
970 210 1269 266 Antoniosque
1290 211 1505 266 complexi

74 281 187 321 sunt,
209 273 245 303 27
260 269 443 310 nobilem
477 268 787 309 adolescentem
818 283 901 308 non
927 277 1011 308 tam
1036 267 1204 308 allicere
1227 267 1356 317 volui,
1379 283 1507 322 quam

73 326 254 367 alienare
277 326 408 367 nolui.
466 324 564 365 Hoc
589 334 630 365 tu
658 339 797 365 meum
821 324 1046 365 consilium
1071 325 1212 364 laudes
1237 338 1407 365 necesse
1429 335 1507 365 est.

71 383 228 423 mutari
257 383 370 423 enim
403 396 487 422 non
518 391 674 437 potest.
737 380 804 422 De
835 381 983 422 Ocella
1014 396 1161 437 parum
1201 382 1252 420 ad
1285 396 1352 421 me
1386 381 1509 436 plane

74 440 325 495 scripseras:
358 449 400 479 et
432 440 472 479 in
506 442 612 479 actis
646 453 728 478 non
760 448 864 479 crat.
924 437 1029 478 Tuae
1062 452 1125 478 res
1154 448 1286 493 gestae
1313 438 1371 477 ita
1394 448 1508 478 notae

73 506 187 547 sunt,
210 506 255 536 ut
288 505 401 536 trans
434 504 622 536 montem
645 494 831 535 Tauium
855 494 983 535 etiam
1007 495 1058 535 de
1082 494 1292 535 Matrinio
1314 495 1367 535 sit
1390 495 1511 535 audi-

74 562 182 593 tum.
248 552 355 607 Ego,
388 552 466 592 nisi
500 552 603 607 quid
636 566 703 592 me
735 551 891 593 Etesiae
916 553 1210 603 morabuntur,
1230 551 1422 593 celeriter
1444 556 1512 605 (ut

71 611 215 665 spero)
241 624 312 650 vos
336 609 505 650 videbo.
569 608 687 649 Vale.

592 696 996 735 ARGUMENTUM.
1529 700 1580 741 16

76 760 198 796 Cicero
217 773 258 796 ex
278 762 468 808 provincia
493 773 683 809 regressus,
706 761 812 797 Coelio
839 761 1027 798 videbatur
1053 761 1204 795 nimium
1233 760 1281 795 ad
1300 758 1513 807 Pompeium

120 815 353 860 propendere,
376 815 471 860 quod
490 814 659 848 dissuasit
686 814 742 849 illi
771 815 872 861 epist.
893 812 997 848 XVI.
1019 813 1078 847 lib.
1106 811 1209 849 VIII.
1230 813 1287 847 cui
1308 811 1429 847 Cicero
1457 822 1512 846 re-

123 866 287 911 spondet,
304 877 340 900 se
354 877 479 913 pacem
499 870 531 900 et
551 867 664 900 otium
685 866 804 907 malle,
826 877 931 912 qzium
958 869 1077 900 castra
1094 866 1194 911 sequi
1206 879 1219 905 ;
1249 865 1360 900 etiam
1387 875 1513 899 causas·

124 918 356 953 sinisterioris
373 919 585 964 suspicionis
603 919 758 953 ostendit
777 922 811 952 et
829 916 980 965 refutat.

76 980 144 1023 M.
161 982 210 1024 T.
233 983 284 1024 C.
317 983 450 1024 IMP.
483 983 550 1025 M.
570 983 795 1035 COELIO,
818 982 1011 1024 AEDILI
1043 981 1292 1033 CL‘RULI,
1317 982 1360 1022 S.
1382 980 1432 1022 P.
1453 980 1513 1022 D.

76 1036 324 1092 MAGNO
357 1051 503 1092 dolore
532 1066 600 1092 me
632 1051 875 1092 affecissent
913 1063 997 1092 tuae
1033 1051 1203 1101 litterae,
1227 1051 1307 1090 nisi
1339 1050 1432 1106 jam
1469 1059 1514 1091 et

75 1107 184 1148 ratio
218 1108 310 1163 ipsa
342 1108 574 1164 depulisset
607 1123 753 1149 omnes
786 1108 1017 1159 molestias,
1049 1118 1092 1148 et
1130 1109 1331 1149 diuturna
1363 1107 1514 1162 despe-

76 1164 241 1205 ratione
262 1179 400 1206 rerum
423 1166 694 1206 obduruisset
717 1166 883 1206 animus
905 1166 957 1206 ad
980 1165 1170 1205 (lolmein
1194 1179 1276 1205 nm
1282 1179 1368 1204 um
1429 1164 1515 1205 Sed

77 1230 219 1262 tamen
252 1236 380 1276 quare
413 1222 632 1272 acciderit,
655 1231 702 1262 ut
734 1236 788 1262 ex
822 1222 927 1262 meis
961 1222 1250 1284 superioribus
1284 1221 1435 1261 litteris
1470 1220 1515 1262 id

77 1278 352 1333 suspicarere,
385 1279 500 1333 quod
533 1254 697 1329 scribis,
731 1279 892 1319 nescio.
928 1279 1030 1333 quid
1066 1292 1181 1318 enlm
1215 1278 1298 1318 fuit
1336 1277 1379 1317 in
1418 1276 1514 1328 illis,

77 1345 233 1389 leaetel
257 1335 472 1390 querelam
504 1344 760 1391 tempozum‚
781 1350 878 1390 quae.
911 1350 995 1376 non
1029 1336 1219 1375 animum
1252 1349 1395 1375 meum
1426 1349 1517 1374 ma-

76 1405 143 1446 gis
173 1391 404 1432 sollicitum
435 1392 626 1444 habetet,
659 1407 787 1448 quam
826 1395 979 1435 tuum?
1041 1392 1155 1432 'Nam
1188 1406 1274 1432 non
1307 1406 1402 1432 eam
1443 1406 1517 1432 co-

77 1449 211 1502 gnovi
244 1450 378 1489 aciem
413 1450 576 1505 ingenii
610 1450 686 1500 tui,
719 1449 834 1504 quod
871 1450 961 1505 ipse
985 1448 1168 1499 videam,
1204 1459 1244 1489 te
1277 1448 1319 1490 id
1349 1459 1398 1488 ut
1429 1463 1516 1489 non

78 1514 226 1560 putem
250 1506 407 1547 videre.
469 1506 579 1547 Illud
609 1508 756 1556 miror,
779 1505 932 1547 adduci
966 1506 1156 1561 potuisse
1179 1515 1234 1558 te,
1257 1506 1329 1561 qui
1352 1519 1421 1546 me
1442 1519 1517 1569 pe-

78 1561 195 1602 nitus
229 1577 352 1603 nosse
387 1563 576 1627 deberes,
600 1573 648 1604 ut
677 1577 744 1604 me
777 1564 1060 1613 existimares,
1084 1572 1157 1603 aut
1191 1573 1276 1603 tam
1311 1577 1518 1625 improvi-

79 1617 197 1669 dum,
218 1620 291 1674 qui
313 1621 367 1660 ab
389 1621 579 1661 excitata
600 1620 773 1661 fortuna
794 1621 845 1661 ad
869 1620 1118 1660 inclinatam
1140 1629 1183 1660 et
1210 1634 1343 1675 piope
1366 1634 1518 1674 jacen-

79 1683 165 1715 tem
188 1675 492 1719 desciscerem:
524 1687 599 1718 aut
630 1688 718 1718 tam
750 1678 1081 1726 inconstantem,
1105 1688 1151 1717 ut
1175 1676 1399 1717 collectam
1420 1691 1518 1732 gra-

78 1731 184 1772 tiam
206 1733 496 1775 florentissimi
522 1734 706 1775 hominis
728 1734 1050 1784 eff unde1em,a
1075 1748 1228 1788 meque
1249 1735 1341 1789 ipse
1362 1733 1518 1774 defice-

79 1802 183 1841 rem,
212 1800 269 1839 et‚
291 1791 407 1845 quod
441 1791 580 1855 initio,
611 1805 861 1847 semperque
894 1791 1002 1846 fugi,
1038 1790 1153 1831 civili
1191 1791 1302 1831 bello
1340 1790 1518 1831 interes-

80 1860 183 1887 sem.
245 1848 375 1894 Quod
406 1858 469 1888 est
501 1849 633 1904 igitur
659 1863 802 1889 meum
827 1849 946 1888 triste
943 1825 1221 1888 Oconsilium.
1215 1850 1227 1879 ·²
1258 1856 1304 1888 ut
1327 1847 1519 1888 discede-

79 1916 168 1944 rem
199 1902 380 1946 fortasse
410 1906 452 1945 in
485 1905 646 1960 aliquas
679 1905 956 1946 solitudines?
988 1905 1100 1945 nosti
1132 1906 1244 1945 enim
1278 1919 1362 1945 non
1388 1904 1519 1945 modo

80 1961 291 2002 stomachi
323 1962 422 2013 mei,
444 1977 567 2026 cujus
599 1972 644 2002 tu
677 1962 857 2002 similem
881 1962 1098 2017 quondam
1128 1962 1332 2013 habebas,
1355 1962 1427 2002 sed
1456 1971 1520 2002 et-

80 2015 165 2057 iam
196 2019 433 2070 oculmum,
464 2034 506 2059 in
539 2019 763 2060 hominum
796 2019 1070 2060 insolentium
1103 2019 1376 2074 indignitate,
1399 2018 1520 2059 fasti-

79 2073 214 2116 dium.
243 2073 426 2116 Accedit
441 2078 569 2116 θῐίιω
593 2076 772 2117 molesta
794 2076 888 2117 haec
910 2091 1070 2132 pompa
1091 2076 1289 2116 lictorum
1309 2090 1518 2126 meorum,

80 2144 322 2186 nomenque
360 2134 542 2188 impeiii,
580 2149 665 2188 quo
707 2134 912 2189 appellor.
974 2132 1038 2173 Eo
1078 2133 1111 2172 si
1150 2147 1278 2174 onere
1315 2146 1520 2182 carerem,

82 2189 277 2240 quamtis
300 2191 456 2244 parviS,
481 2189 618 2231 Italiae
641 2190 813 2231 latebris
836 2198 1064 2231 contentus
1087 2204 1237 2230 essem.
1270 2189 1386 2230 Sed
1376 2203 1519 2231 lncur-

81 2244 137 2283 rit
160 2243 253 2286 baec
277 2256 422 2287 nostra
443 2247 582 2287 laurus
605 2262 692 2287 non
713 2247 882 2288 solum
873 2262 915 2287 1n
939 2246 1100 2297 oculos,
1120 2247 1224 2288 sed
1208 2261 1299 2302 jam
1323 2248 1454 2287 etiam
1474 2246 1517 2288 in

82 2300 255 2342 voculas
277 2303 589 2344 malivolorum
650 2304 779 2367 Quod
802 2319 899 2344 cum
930 2304 990 2344 ita
1021 2313 1145 2354 esset,
1169 2305 1227 2344 nil
1259 2314 1400 2345 tamen
1424 2317 1560 2348 um·p
1574 2309 1627 2346 2⁴1,

83 2370 211 2410 quam
244 2358 297 2399 de
335 2360 616 2415 profectione,
648 2361 731 2401 nisi
764 2362 887 2402 vobis
922 2361 1277 2425 approbantibus,
1310 2359 1558 2416 cogitavif·

85 2413 167 2454 Sed
200 2429 295 2456 mea
327 2417 532 2481 piaediola
564 2418 641 2457 tibi
676 2427 780 2458 nota
812 2427 924 2458 sunt.
958 2433 1002 2458 ln
1038 2418 1105 2458 his
1132 2418 1239 2458 mihi
1262 2431 1432 2458 necesse
1454 2427 1520 2458 est

82 2483 187 2520 esse,
210 2486 263 2513 ne
284 2474 432 2514 amicis
456 2474 658 2514 molestus
679 2476 774 2515 sim.
827 2475 962 2539 Quod
979 2484 1121 2515 autem
1144 2475 1187 2515 in
1209 2474 1433 2515 maritimis
1456 2473 1521 2515 fa-

83 2527 240 2569 cillime
258 2544 377 2581 sum;
398 2545 495 2571 mov
501 2546 551 2572 eo
574 2532 787 2572 nonnullis
808 2532 1111 2595 suspicionem,
1126 2531 1232 2572 velle
1252 2545 1321 2571 me
1343 2531 1521 2586 naviga-

84 2597 148 2626 re:
172 2586 286 2642 quod
301 2597 442 2628 tamen
462 2588 640 2629 fortasse
654 2603 740 2630 non
761 2589 931 2640 nollem,
950 2603 984 2630 s1
1003 2602 1173 2645 possem
1187 2589 1239 2629 ad
1253 2588 1404 2629 otium.
1418 2602 1520 2630 nam

121 2740 160 2772 27
183 2740 318 2770 nobilem
333 2739 574 2779 adolescentem]
596 2738 658 2770 Pro
676 2740 777 2770 homi·
818 2741 915 2775 nolle,
943 2739 1021 2779 quid
1048 2739 1123 2769 est?
1159 2748 1234 2769 cum
1266 2738 1299 2769 id
1326 2739 1431 2779 reperi
1460 2749 1519 2770 no-

80 2789 152 2810 nem
169 2791 371 2812 correxeram
393 2782 516 2812 dudum
536 2782 603 2821 ipse
618 2783 774 2812 nobilem:
819 2787 929 2812 tatum
951 2793 969 2814 e
998 2786 1107 2814 vetere
1134 2780 1252 2812 Codice
1278 2780 1314 2812 in
1334 2781 1414 2814 Var.
1438 2781 1518 2814 lect.

82 2831 159 2853 nam
186 2824 345 2856 hominem
371 2825 600 2855 adolescentem
628 2825 778 2856 alienare
819 2824 926 2857 Graer.
