1865 3223
440 86 522 124 AD
548 83 916 124 C.MEMM1UM
942 83 1017 120 ET
1043 83 1228 122 ALIOS.
1474 88 1549 124 365

119 190 254 231 bitate
288 200 331 231 et
362 189 564 245 singulari
599 188 822 230 modestia.
885 186 993 228 Eum
1028 199 1110 240 ego
1133 200 1157 224 a
1180 200 1247 226 me
1272 186 1551 228 invitissimus

118 247 278 297 dimisi,
317 262 413 288 cum
453 256 627 303 propter
659 244 995 285 familiaritatem
1029 252 1073 282 et
1104 244 1424 283 consuetudinis
1459 259 1552 284 sua-

121 303 314 352 vitatem,
337 314 428 344 tum
453 303 566 358 quod
589 301 767 342 consilio
795 300 888 354 ejus
912 298 1024 340 fideli
1048 313 1097 339 ac
1121 299 1234 339 bono
1257 299 1438 340 libenter
1463 311 1553 341 ute-

120 360 211 400 bar.
273 360 357 401 Sed
384 373 540 409 vereor,
563 373 615 399 ne
639 358 732 412 jam
767 358 872 397 mihi
902 369 1118 412 superesse
1144 355 1274 395 verba
1298 369 1432 410 putes,
1455 371 1551 411 quae

122 417 317 458 dixeram
350 417 561 458 defutura.
623 414 891 456 Commendo
928 414 1005 454 tibi
1042 412 1274 462 hominem,
1298 412 1406 452 sicut
1431 413 1553 454 intel-

122 472 235 528 ligis,
259 489 340 524 me,
362 474 415 514 de
435 487 520 526 quo
543 486 592 512 ea
619 487 746 528 supra
774 471 1030 527 scripserim,
1053 469 1207 510 debere
1228 470 1552 511 commendare:

119 544 145 570 a
166 541 292 585 teque
316 530 587 570 vehementer
609 531 737 571 etiam
757 538 886 584 atque
907 529 1035 569 etiam
1066 536 1180 581 pet0,
1205 535 1264 576 ut,
1286 525 1400 580 quod
1426 525 1555 566 habet

120 587 164 626 in
185 596 258 628 tua
279 587 499 642 provincia
527 587 705 642 negotii,
728 585 955 640 expedias:
988 583 1103 639 quod
1139 583 1216 623 tibi
1244 582 1458 623 videbitur
1491 596 1556 623 re-

121 653 240 684 ctum
264 656 369 692 csse,
392 643 471 698 ipsi
495 643 626 684 dicas.
660 642 895 683 Hominem
919 641 1167 682 facillimum
1191 639 1557 680 liberalissimum-

122 713 205 754 que
235 713 484 754 cognosces.
545 699 697 754 Itaque
728 709 769 739 te
803 713 924 755 rogo,
948 707 994 739 ut
1015 711 1112 738 eum
1136 696 1336 747 solutum,
1359 696 1556 746 liberum,

121 757 332 797 confectis
363 756 455 811 ejus
485 757 670 812 negotiis
705 771 777 812 per
809 766 864 806 te,
887 769 1014 810 quam
1040 754 1223 810 primum
1246 754 1300 794 ad
1323 767 1390 794 me
1412 753 1557 794 remit-

124 820 202 854 tas.
264 811 314 853 Id
337 813 440 854 mihi
466 812 671 869 fratrique
695 827 789 853 meo
813 813 1103 868 gratissimum
1126 810 1290 852 feceris.

642 901 1044 940 ARGUMENTUM.
1571 892 1626 934 64

132 964 186 1002 Ti.
206 965 349 1001 Nerone
365 977 429 1001 suo
448 966 641 1015 honorffice
659 970 829 1004 tractato,
848 967 990 1012 gratias
1008 966 1085 1012 agit
1105 964 1212 1007 Silio,
1228 976 1377 1012 eumque
1394 965 1509 1012 magis
1526 968 1562 999 et

603 1018 841 1053 vehementius
859 1019 1094 1054 commendat.

384 1082 453 1125 M.
475 1083 527 1126 T.
550 1084 603 1126 C.
636 1083 686 1125 P.
712 1084 893 1135 SILIO,
926 1083 1151 1125 PROPR.
1183 1083 1227 1124 S.
1252 1080 1310 1125 D.

134 1136 323 1191 NERO
352 1165 469 1192 meus
508 1151 708 1193 mirificas
742 1152 854 1208 apud
894 1166 962 1192 me
998 1152 1078 1192 tibi
1116 1152 1274 1207 gratias
1307 1151 1412 1207 egit,
1447 1166 1564 1208 pror-

131 1221 202 1246 sus
225 1207 508 1259 incredibiles,
530 1211 628 1249 95ut
661 1209 821 1250 nullum
850 1208 1058 1249 honorem
1088 1209 1169 1249 sibi
1205 1208 1351 1249 haberi
1375 1209 1566 1264 potuisse

133 1263 310 1315 diceret,
343 1266 415 1319 qui
453 1280 478 1305 a
516 1276 557 1305 te
593 1266 902 1320 praetermissus
940 1274 1065 1305 esset.
1126 1264 1343 1320 Magnum
1379 1265 1566 1307 fructum

134 1334 188 1361 ex
212 1320 307 1375 ipso
327 1322 484 1377 capies.
507 1321 614 1362 nihil
636 1331 701 1362 est
721 1321 836 1362 enim
860 1322 929 1362 illo
950 1321 1220 1362 adolescente
1242 1322 1421 1377 gratius.
1482 1322 1566 1364 Sed

133 1376 375 1418 mehercule
410 1377 514 1418 mihi
548 1393 719 1434 quoque
753 1379 1044 1433 gratissimum
1072 1378 1226 1419 fecisti.
1288 1378 1429 1420 Pluris
1450 1380 1565 1420 enim

131 1447 188 1474 ex
215 1435 334 1475 omni
366 1435 592 1476 nobilitate
626 1437 841 1476 neminem
875 1435 1003 1476 facio.
1064 1434 1231 1490 Itaque,
1255 1436 1288 1475 si
1322 1450 1372 1476 ea
1397 1435 1694 1488 feceris,1›·227-

133 1505 231 1545 quae
274 1491 343 1532 ille
392 1506 466 1546 per
513 1505 580 1532 me
629 1501 772 1532 tecum
822 1492 890 1548 agi
935 1491 1084 1542 voluit,
1124 1493 1417 1548 gratissimum
1458 1493 1606 1535 mihia.

134 1546 301 1588 feceris.
363 1547 556 1589 Primum
582 1549 634 1589 de
668 1547 881 1590 Pausania
903 1548 1208 1600 Alabandensi,
1231 1559 1442 1590 sustentes
1464 1565 1568 1602 rem,

135 1604 289 1644 9⁶dum
323 1603 440 1646 Nero
464 1605 621 1646 veniat.
682 1605 969 1646 Vehementer
1003 1607 1096 1661 ejus
1133 1621 1260 1647 causa
1289 1621 1446 1662 cupere
1471 1622 1571 1649 eum

138 1660 345 1703 intellexi.
399 1661 550 1717 Itaque
571 1662 655 1703 hoc
679 1663 798 1705 valde
822 1672 862 1703 te
884 1677 1004 1719 rogo.
1049 1662 1219 1704 Deinde
1242 1663 1441 1720 NysaeOS,
1464 1680 1571 1720 quos

138 1717 255 1758 Nero
287 1718 329 1758 in
364 1719 509 1774 primis
549 1719 678 1760 habet
716 1720 990 1770 necessarios,
1029 1720 1441 1776 diligentissimeque
1479 1732 1571 1763 tue-

139 1784 208 1814 tur
237 1789 287 1815 ac
317 1775 524 1828 defendit,
554 1776 712 1817 habeas
748 1777 826 1817 tibi
865 1777 1336 1820 commendatissimos:
1369 1788 1417 1819 ut
1447 1778 1571 1820 intel-

135 1829 245 1887 ligat
269 1831 340 1872 illa
368 1833 537 1883 civitas,
558 1833 639 1874 sibi
672 1834 715 1874 in
749 1833 933 1874 Neronis
964 1835 1206 1889 patrocinio
1237 1849 1451 1876 summum
1481 1850 1572 1877 esse

141 1888 404 1944 praesidium.
464 1894 503 1924 97
515 1891 771 1931 Strabonem
799 1890 1026 1931 Servilium
1057 1891 1136 1932 tibi
1162 1906 1277 1947 saepe
1297 1893 1574 1935 commenda-

141 1946 212 1986 vi:
251 1960 366 1987 nunc
396 1960 447 1987 eo
478 1946 591 1987 facio
622 1947 665 1988 id
697 1947 945 2003 impensius,
977 1948 1091 2002 quod
1122 1949 1214 2003 ejus
1244 1963 1416 1990 causam
1456 1949 1572 1991 Nero

143 2003 346 2057 suscepit.
404 2002 590 2044 Tantum
623 2019 648 2044 a
678 2014 719 2044 te
751 2004 950 2059 petimuS‚
973 2014 1020 2045 ut
1050 2019 1150 2060 agas
1181 2020 1275 2046 eam
1305 2020 1409 2056 rem,
1431 2021 1485 2047 ne
1509 2021 1574 2048 re-

138 2058 307 2114 linquas
328 2059 549 2101 hominem
572 2061 844 2102 innocentem
867 2061 919 2102 ad
941 2061 1121 2116 alicujus
1139 2063 1200 2103 tui
1223 2063 1440 2104 dissimilis
1454 2078 1574 2119 quae·

142 2125 272 2158 stum.
332 2116 383 2157 Id
415 2132 512 2158 cum
545 2128 713 2173 gratum
746 2118 852 2159 mihi
883 2119 988 2169 erit3
1022 2128 1111 2159 tum
1142 2120 1272 2160 etiam
1298 2121 1574 2171 existimabo,

142 2181 186 2214 te
207 2173 475 2215 humanitate
496 2184 570 2215 tua
590 2189 681 2215 esse
703 2190 842 2215 usum.
903 2175 1080 2216 Summa
1110 2175 1238 2231 hujus
1264 2177 1457 2233 epistoloe
1480 2178 1575 2220 haec

143 2238 223 2280 est,
245 2240 292 2271 ut
315 2245 439 2272 ornes
469 2232 669 2272 omnibus
701 2233 825 2273 rebus
859 2232 1090 2284 Neronem,
1114 2235 1226 2282 sicut
1256 2234 1480 2276 instituisti
1510 2244 1574 2276 at-

145 2300 230 2341 que
251 2286 406 2329 fecisti.
437 2291 478 2322 98
493 2288 709 2344 Magnum
731 2288 946 2330 theatrum
971 2290 1099 2331 habet
1120 2291 1202 2331 ista
1222 2291 1445 2347 provincia
1467 2293 1574 2346 [non

188 2403 230 2434 95
259 2404 298 2431 ut
329 2402 460 2431 nullum
494 2403 838 2442 honorem—diceret]
925 2406 966 2437 98
999 2403 1167 2443 Magnum
1201 2404 1571 2444 theatrum—gloriam]

148 2439 266 2473 Putem
288 2443 463 2483 legendum
489 2454 577 2482 cum,
605 2451 643 2475 ut
668 2454 767 2484 supra
791 2455 842 2485 ep.
885 2445 959 2476 Hoc
985 2455 1052 2476 non
1078 2451 1160 2486 puto
1184 2456 1252 2478 esse
1278 2448 1347 2478 sine
1374 2447 1471 2477 vitio:
1497 2456 1576 2477 nam

148 2485 204 2514 42.
220 2484 296 2515 init.
320 2485 477 2526 mir-{ficas
499 2488 556 2517 tibi
577 2487 669 2527 apud
689 2496 740 2516 me
759 2496 841 2525 gra·
884 2488 991 2518 oratio
1007 2498 1073 2518 non
1090 2489 1245 2520 cohaeret.
1277 2488 1489 2520 Scribendum
1505 2495 1573 2519 est:

151 2527 215 2556 tias
228 2528 307 2565 egit,
323 2537 398 2560 cum
415 2529 546 2566 diceret,
563 2530 673 2559 omnia
687 2533 718 2559 te
733 2530 792 2559 διο.
810 2534 846 2560 et
887 2531 935 2560 ad
959 2530 1518 2561 adolescentis—commendationem
1545 2535 1576 2561 et

153 2568 199 2597 sic
213 2569 303 2600 alibi.
884 2574 1040 2611 gloriam.
1057 2574 1104 2603 ad
1123 2574 1285 2613 absorpsit
1306 2573 1470 2612 sequentis
1486 2573 1574 2606 verbi

195 2610 237 2643 96
257 2611 336 2641 dum
360 2610 408 2642 N.
430 2612 555 2652 veniat]
581 2613 635 2643 Sic
658 2617 756 2643 recte.
781 2612 843 2643 Gu.
887 2615 994 2654 prima
1007 2614 1142 2655 syllaba.
1165 2616 1250 2645 Puto
1267 2624 1334 2645 rem
1351 2619 1475 2645 certam
1491 2624 1573 2645 esse.

158 2653 184 2681 1.
199 2651 249 2682 ed.
264 2652 362 2683 Rom.
378 2654 494 2691 veniet,
514 2663 581 2684 non
604 2665 677 2686 rara
698 2654 732 2685 in
755 2655 844 2685 libris
885 2656 973 2688 Turn
989 2667 1051 2687 non
1063 2662 1101 2687 ut
1115 2659 1181 2687 hoec
1195 2661 1306 2686 nostra
1315 2656 1457 2696 glossam
1472 2658 1575 2696 sapit:

153 2698 236 2724 vett.
252 2694 286 2724 in
300 2694 361 2725 hae
374 2694 480 2726 forma
494 2697 718 2728 aberratione:
743 2707 843 2736 quam
886 2707 946 2729 nec
968 2705 1083 2739 aptum
1110 2698 1186 2729 huic
1211 2698 1284 2728 loco
1309 2708 1442 2729 sensum
1465 2699 1578 2730 habet.

154 2743 252 2775 supra
266 2736 366 2766 etiam
380 2739 594 2770 correximus.
885 2740 926 2771 In
947 2740 1141 2780 quibusdam
1163 2740 1266 2777 libris.
1290 2748 1329 2771 ut
1352 2740 1416 2772 Gu.
1439 2743 1470 2772 2.
1487 2740 1577 2772 Gorl.

196 2780 236 2812 97
254 2777 445 2809 Strabonem
460 2779 653 2820 Servilium]
672 2780 730 2812 Ed.
744 2779 842 2812 Rom.
885 2783 978 2814 abest
993 2787 1041 2813 ut.

154 2818 207 2849 hie
222 2819 302 2851 facit
315 2820 446 2851 initium
462 2822 725 2864 novavepistoloe.
