<?xml version="1.0" encoding="UTF-8"?>
<!DOCTYPE html PUBLIC "-//W3C//DTD XHTML 1.0 Transitional//EN"
    "http://www.w3.org/TR/xhtml1/DTD/xhtml1-transitional.dtd">
<html xmlns="http://www.w3.org/1999/xhtml" xml:lang="en" lang="en">
 <head>
  <title>
</title>
<meta http-equiv="Content-Type" content="text/html;charset=utf-8" />
  <meta name='ocr-system' content='tesseract 3.04.00' />
  <meta name='ocr-capabilities' content='ocr_page ocr_carea ocr_par ocr_line ocrx_word'/>
</head>
<body>
  <div class='ocr_page' id='page_1' title='image "./p1operaomnia03ciceuoft_0040.png"; bbox 0 0 1817 3196; ppageno 0'>
   <div class='ocr_carea' id='block_1_1' title="bbox 293 76 1395 118">
    <p class='ocr_par' dir='ltr' id='par_1_1' title="bbox 293 76 1395 118">
     <span class='ocr_line' id='line_1_1' title="bbox 293 76 1395 118; baseline 0.003 -5"><span class='ocrx_word' id='word_1_1' title='bbox 293 79 344 114; x_wconf 72' lang='lat'><em>33</em></span> <span class='ocrx_word' id='word_1_2' title='bbox 641 78 818 118; x_wconf 90' lang='lat' dir='ltr'>EPIST.</span> <span class='ocrx_word' id='word_1_3' title='bbox 856 76 1043 116; x_wconf 84' lang='lat' dir='ltr'>LIBER</span> <span class='ocrx_word' id='word_1_4' title='bbox 1079 76 1395 118; x_wconf 80' lang='lat' dir='ltr'>SECUNDUS</span> 
     </span>
    </p>
   </div>
   <div class='ocr_carea' id='block_1_2' title="bbox 359 235 1647 430">
    <p class='ocr_par' dir='ltr' id='par_1_2' title="bbox 359 235 1647 430">
     <span class='ocr_line' id='line_1_2' title="bbox 519 235 1496 293; baseline -0.003 -2"><span class='ocrx_word' id='word_1_5' title='bbox 519 237 600 291; x_wconf 88' lang='lat' dir='ltr'><em>M.</em></span> <span class='ocrx_word' id='word_1_6' title='bbox 640 238 958 293; x_wconf 81' lang='lat' dir='ltr'>TULLII</span> <span class='ocrx_word' id='word_1_7' title='bbox 1005 235 1496 292; x_wconf 76' lang='lat' dir='ltr'>CICERONIS</span> 
     </span>
     <span class='ocr_line' id='line_1_3' title="bbox 359 361 1647 430; baseline 0.002 -2"><span class='ocrx_word' id='word_1_8' title='bbox 359 361 1647 430; x_wconf 79' lang='lat' dir='ltr'><strong>EPISTOLARUM</strong></span> 
     </span>
    </p>
   </div>
   <div class='ocr_carea' id='block_1_3' title="bbox 853 500 1163 542">
    <p class='ocr_par' dir='ltr' id='par_1_3' title="bbox 853 500 1163 542">
     <span class='ocr_line' id='line_1_4' title="bbox 853 500 1163 542; baseline -0.003 0"><span class='ocrx_word' id='word_1_9' title='bbox 853 501 1068 542; x_wconf 86' lang='lat' dir='ltr'>LIBER</span> <span class='ocrx_word' id='word_1_10' title='bbox 1101 500 1163 541; x_wconf 96' lang='lat' dir='ltr'><em>II.</em></span> 
     </span>
    </p>
   </div>
   <div class='ocr_carea' id='block_1_4' title="bbox 981 603 1034 627">
    <p class='ocr_par' dir='ltr' id='par_1_4' title="bbox 981 603 1034 627">
     <span class='ocr_line' id='line_1_5' title="bbox 981 603 1034 627; baseline 0 0"><span class='ocrx_word' id='word_1_11' title='bbox 981 603 1034 627; x_wconf 69' lang='lat' dir='ltr'><em>An</em></span> 
     </span>
    </p>
   </div>
   <div class='ocr_carea' id='block_1_5' title="bbox 520 681 1480 746">
    <p class='ocr_par' dir='ltr' id='par_1_5' title="bbox 520 681 1480 746">
     <span class='ocr_line' id='line_1_6' title="bbox 520 681 1480 746; baseline -0.005 0"><span class='ocrx_word' id='word_1_12' title='bbox 520 697 951 746; x_wconf 71' lang='lat' dir='ltr'><em>eURioNEM</em></span> <span class='ocrx_word' id='word_1_13' title='bbox 995 696 1084 743; x_wconf 80' lang='lat' dir='ltr'><em>ET</em></span> <span class='ocrx_word' id='word_1_14' title='bbox 1121 681 1480 742; x_wconf 76' lang='lat' dir='ltr'>CETEROS.</span> 
     </span>
    </p>
   </div>
   <div class='ocr_carea' id='block_1_6' title="bbox 857 818 1132 839">
    <p class='ocr_par' dir='ltr' id='par_1_6' title="bbox 857 818 1132 839">
     <span class='ocr_line' id='line_1_7' title="bbox 857 818 1132 839; baseline 0 -9"><span class='ocrx_word' id='word_1_15' title='bbox 857 818 1132 839; x_wconf 55' lang='lat'><em>-.——..‘..-...—.</em></span> 
     </span>
    </p>
   </div>
   <div class='ocr_carea' id='block_1_7' title="bbox 250 899 1197 940">
    <p class='ocr_par' dir='ltr' id='par_1_7' title="bbox 250 899 1197 940">
     <span class='ocr_line' id='line_1_8' title="bbox 250 899 1197 940; baseline -0.004 2"><span class='ocrx_word' id='word_1_16' title='bbox 250 899 266 935; x_wconf 77' lang='lat'>1</span> <span class='ocrx_word' id='word_1_17' title='bbox 795 901 1197 940; x_wconf 86' lang='lat' dir='ltr'>ARGUMENTUM.</span> 
     </span>
    </p>
   </div>
   <div class='ocr_carea' id='block_1_8' title="bbox 283 965 1721 1064">
    <p class='ocr_par' dir='ltr' id='par_1_8' title="bbox 283 965 1721 1064">
     <span class='ocr_line' id='line_1_9' title="bbox 283 965 1720 1015; baseline -0.003 -10"><span class='ocrx_word' id='word_1_18' title='bbox 283 970 482 1005; x_wconf 73' lang='lat' dir='ltr'><strong><em>Accusatus</em></strong></span> <span class='ocrx_word' id='word_1_19' title='bbox 510 981 531 1005; x_wconf 88' lang='grc' dir='ltr'><em>α</em></span> <span class='ocrx_word' id='word_1_20' title='bbox 562 969 714 1004; x_wconf 71' lang='lat' dir='ltr'><em>Curione</em></span> <span class='ocrx_word' id='word_1_21' title='bbox 740 969 968 1015; x_wconf 65' lang='lat' dir='ltr'><em>negligentia?</em></span> <span class='ocrx_word' id='word_1_22' title='bbox 1000 967 1220 1007; x_wconf 76' lang='lat' dir='ltr'><em>litterarum,</em></span> <span class='ocrx_word' id='word_1_23' title='bbox 1245 977 1282 1000; x_wconf 84' lang='lat' dir='ltr'><em>se</em></span> <span class='ocrx_word' id='word_1_24' title='bbox 1309 969 1466 1005; x_wconf 71' lang='lat' dir='ltr'><em>excusat,</em></span> <span class='ocrx_word' id='word_1_25' title='bbox 1496 965 1599 1011; x_wconf 80' lang='lat' dir='ltr'><em>eique</em></span> <span class='ocrx_word' id='word_1_26' title='bbox 1625 965 1720 1012; x_wconf 80' lang='lat' dir='ltr'><em>quod</em></span> 
     </span>
     <span class='ocr_line' id='line_1_10' title="bbox 335 1017 1721 1064; baseline -0.004 -8"><span class='ocrx_word' id='word_1_27' title='bbox 335 1021 458 1057; x_wconf 80' lang='lat' dir='ltr'><strong><em>absens</em></strong></span> <span class='ocrx_word' id='word_1_28' title='bbox 475 1033 649 1055; x_wconf 79' lang='lat' dir='ltr'><em>summam</em></span> <span class='ocrx_word' id='word_1_29' title='bbox 676 1022 817 1055; x_wconf 78' lang='lat' dir='ltr'><em>laudem</em></span> <span class='ocrx_word' id='word_1_30' title='bbox 846 1023 1050 1055; x_wconf 82' lang='lat' dir='ltr'><em>consecutus</em></span> <span class='ocrx_word' id='word_1_31' title='bbox 1076 1019 1137 1059; x_wconf 83' lang='lat' dir='ltr'><em>sit,</em></span> <span class='ocrx_word' id='word_1_32' title='bbox 1155 1017 1378 1064; x_wconf 70' lang='lat' dir='ltr'><em>gratulatur,</em></span> <span class='ocrx_word' id='word_1_33' title='bbox 1400 1017 1647 1063; x_wconf 77' lang='lat' dir='ltr'><strong><em>hortaturque,</em></strong></span> <span class='ocrx_word' id='word_1_34' title='bbox 1667 1021 1721 1058; x_wconf 81' lang='lat' dir='ltr'><em>ut,</em></span> 
     </span>
    </p>
   </div>
   <div class='ocr_carea' id='block_1_9' title="bbox 333 1067 1721 1171">
    <p class='ocr_par' dir='ltr' id='par_1_9' title="bbox 333 1067 1721 1171">
     <span class='ocr_line' id='line_1_11' title="bbox 333 1067 1721 1120; baseline -0.002 -13"><span class='ocrx_word' id='word_1_35' title='bbox 333 1085 441 1120; x_wconf 81' lang='lat' dir='ltr'><em>quam</em></span> <span class='ocrx_word' id='word_1_36' title='bbox 460 1074 682 1113; x_wconf 76' lang='lat' dir='ltr'><em>concitasset,</em></span> <span class='ocrx_word' id='word_1_37' title='bbox 702 1072 961 1119; x_wconf 72' lang='lat' dir='ltr'><em>exspectationi</em></span> <span class='ocrx_word' id='word_1_38' title='bbox 977 1072 1034 1104; x_wconf 83' lang='lat' dir='ltr'><em>sui</em></span> <span class='ocrx_word' id='word_1_39' title='bbox 1053 1070 1277 1116; x_wconf 72' lang='lat' dir='ltr'><em>respondeat,</em></span> <span class='ocrx_word' id='word_1_40' title='bbox 1304 1074 1338 1104; x_wconf 86' lang='lat' dir='ltr'><em>et</em></span> <span class='ocrx_word' id='word_1_41' title='bbox 1367 1070 1493 1116; x_wconf 77' lang='lat' dir='ltr'><em>ipsum,</em></span> <span class='ocrx_word' id='word_1_42' title='bbox 1514 1067 1612 1115; x_wconf 77' lang='lat' dir='ltr'><em>cujus</em></span> <span class='ocrx_word' id='word_1_43' title='bbox 1640 1081 1721 1104; x_wconf 87' lang='lat' dir='ltr'><em>con-</em></span> 
     </span>
     <span class='ocr_line' id='line_1_12' title="bbox 333 1119 1719 1171; baseline -0.003 -12"><span class='ocrx_word' id='word_1_44' title='bbox 333 1125 425 1159; x_wconf 82' lang='lat' dir='ltr'><em>siliis</em></span> <span class='ocrx_word' id='word_1_45' title='bbox 444 1125 491 1159; x_wconf 76' lang='lat' dir='ltr'><em>ml</em></span> <span class='ocrx_word' id='word_1_46' title='bbox 511 1124 602 1159; x_wconf 78' lang='lat' dir='ltr'><em>hanc</em></span> <span class='ocrx_word' id='word_1_47' title='bbox 620 1125 834 1171; x_wconf 78' lang='lat' dir='ltr'><em>dignitatem</em></span> <span class='ocrx_word' id='word_1_48' title='bbox 849 1124 1064 1171; x_wconf 81' lang='lat' dir='ltr'><em>pervenerit,</em></span> <span class='ocrx_word' id='word_1_49' title='bbox 1083 1119 1167 1167; x_wconf 82' lang='lat' dir='ltr'><em>jam</em></span> <span class='ocrx_word' id='word_1_50' title='bbox 1191 1132 1305 1168; x_wconf 79' lang='lat' dir='ltr'><em>prope</em></span> <span class='ocrx_word' id='word_1_51' title='bbox 1331 1125 1577 1160; x_wconf 84' lang='lat' dir='ltr'><em>senescentem,</em></span> <span class='ocrx_word' id='word_1_52' title='bbox 1598 1132 1719 1156; x_wconf 85' lang='lat' dir='ltr'><em>amore</em></span> 
     </span>
    </p>
   </div>
   <div class='ocr_carea' id='block_1_10' title="bbox 332 1177 571 1212">
    <p class='ocr_par' dir='ltr' id='par_1_10' title="bbox 332 1177 571 1212">
     <span class='ocr_line' id='line_1_13' title="bbox 332 1177 571 1212; baseline 0 -1"><span class='ocrx_word' id='word_1_53' title='bbox 332 1188 397 1212; x_wconf 82' lang='lat' dir='ltr'><em>suo</em></span> <span class='ocrx_word' id='word_1_54' title='bbox 412 1177 571 1212; x_wconf 84' lang='lat' dir='ltr'><em>oblectet.</em></span> 
     </span>
    </p>
   </div>
   <div class='ocr_carea' id='block_1_11' title="bbox 614 1239 1385 1283">
    <p class='ocr_par' dir='ltr' id='par_1_11' title="bbox 614 1239 1385 1283">
     <span class='ocr_line' id='line_1_14' title="bbox 614 1239 1385 1283; baseline -0.004 0"><span class='ocrx_word' id='word_1_55' title='bbox 614 1242 681 1283; x_wconf 87' lang='lat' dir='ltr'><em>M.</em></span> <span class='ocrx_word' id='word_1_56' title='bbox 703 1242 754 1283; x_wconf 89' lang='grc' dir='ltr'><em>Τ.</em></span> <span class='ocrx_word' id='word_1_57' title='bbox 780 1242 832 1283; x_wconf 87' lang='lat' dir='ltr'><em>C.</em></span> <span class='ocrx_word' id='word_1_58' title='bbox 865 1241 908 1282; x_wconf 89' lang='lat' dir='ltr'><em>S.</em></span> <span class='ocrx_word' id='word_1_59' title='bbox 935 1241 991 1282; x_wconf 90' lang='lat' dir='ltr'><em>D.</em></span> <span class='ocrx_word' id='word_1_60' title='bbox 1024 1240 1075 1282; x_wconf 88' lang='lat' dir='ltr'><em>C.</em></span> <span class='ocrx_word' id='word_1_61' title='bbox 1101 1239 1385 1282; x_wconf 88' lang='lat' dir='ltr'>CURIONI.</span> 
     </span>
    </p>
   </div>
   <div class='ocr_carea' id='block_1_12' title="bbox 225 1299 1721 2570">
    <p class='ocr_par' dir='ltr' id='par_1_12' title="bbox 225 1299 1721 2570">
     <span class='ocr_line' id='line_1_15' title="bbox 283 1299 1718 1377; baseline -0.004 -12"><span class='ocrx_word' id='word_1_62' title='bbox 283 1299 678 1376; x_wconf 77' lang='lat' dir='ltr'><strong>QUAMQUAM</strong></span> <span class='ocrx_word' id='word_1_63' title='bbox 720 1336 787 1363; x_wconf 86' lang='lat' dir='ltr'><em>me</em></span> <span class='ocrx_word' id='word_1_64' title='bbox 822 1323 995 1363; x_wconf 89' lang='lat' dir='ltr'><em>nomine</em></span> <span class='ocrx_word' id='word_1_65' title='bbox 1036 1321 1312 1377; x_wconf 82' lang='lat' dir='ltr'><em>negligentiae</em></span> <span class='ocrx_word' id='word_1_66' title='bbox 1353 1328 1598 1376; x_wconf 85' lang='lat' dir='ltr'><em>suspectum</em></span> <span class='ocrx_word' id='word_1_67' title='bbox 1639 1318 1718 1360; x_wconf 88' lang='lat' dir='ltr'><em>tibi</em></span> 
     </span>
     <span class='ocr_line' id='line_1_16' title="bbox 281 1375 1719 1428; baseline -0.003 -6"><span class='ocrx_word' id='word_1_68' title='bbox 281 1396 372 1422; x_wconf 79' lang='lat' dir='ltr'><em>esse</em></span> <span class='ocrx_word' id='word_1_69' title='bbox 405 1381 554 1422; x_wconf 86' lang='lat' dir='ltr'><em>doleo:</em></span> <span class='ocrx_word' id='word_1_70' title='bbox 588 1391 728 1421; x_wconf 83' lang='lat' dir='ltr'><em>tamen</em></span> <span class='ocrx_word' id='word_1_71' title='bbox 762 1394 848 1420; x_wconf 90' lang='lat' dir='ltr'><em>non</em></span> <span class='ocrx_word' id='word_1_72' title='bbox 884 1389 969 1420; x_wconf 81' lang='lat' dir='ltr'><em>tam</em></span> <span class='ocrx_word' id='word_1_73' title='bbox 1004 1379 1108 1419; x_wconf 79' lang='lat' dir='ltr'><em>mihi</em></span> <span class='ocrx_word' id='word_1_74' title='bbox 1144 1377 1368 1419; x_wconf 88' lang='lat' dir='ltr'><em>molestum</em></span> <span class='ocrx_word' id='word_1_75' title='bbox 1405 1377 1502 1428; x_wconf 83' lang='lat' dir='ltr'><em>fuit,</em></span> <span class='ocrx_word' id='word_1_76' title='bbox 1528 1375 1719 1418; x_wconf 85' lang='lat' dir='ltr'><em>accusari</em></span> 
     </span>
     <span class='ocr_line' id='line_1_17' title="bbox 288 1434 1721 1490; baseline -0.004 -11"><span class='ocrx_word' id='word_1_77' title='bbox 288 1440 364 1479; x_wconf 80' lang='lat' dir='ltr'><em>abs</em></span> <span class='ocrx_word' id='word_1_78' title='bbox 401 1448 441 1479; x_wconf 84' lang='lat' dir='ltr'><em>te</em></span> <span class='ocrx_word' id='word_1_79' title='bbox 473 1438 665 1479; x_wconf 85' lang='lat' dir='ltr'><em>officium</em></span> <span class='ocrx_word' id='word_1_80' title='bbox 698 1451 854 1486; x_wconf 88' lang='lat' dir='ltr'><em>meum,</em></span> <span class='ocrx_word' id='word_1_81' title='bbox 887 1450 1013 1490; x_wconf 86' lang='lat' dir='ltr'><em>quam</em></span> <span class='ocrx_word' id='word_1_82' title='bbox 1044 1435 1285 1490; x_wconf 86' lang='lat' dir='ltr'><em>jucundum</em></span> <span class='ocrx_word' id='word_1_83' title='bbox 1325 1434 1512 1488; x_wconf 77' lang='lat' dir='ltr'><em>requiri3</em></span> <span class='ocrx_word' id='word_1_84' title='bbox 1545 1446 1721 1490; x_wconf 78' lang='lat' dir='ltr'><em>praeser-</em></span> 
     </span>
     <span class='ocr_line' id='line_1_18' title="bbox 284 1492 1718 1550; baseline -0.004 -14"><span class='ocrx_word' id='word_1_85' title='bbox 284 1496 360 1536; x_wconf 88' lang='lat' dir='ltr'><em>tim</em></span> <span class='ocrx_word' id='word_1_86' title='bbox 395 1510 509 1544; x_wconf 89' lang='lat' dir='ltr'><em>cum,</em></span> <span class='ocrx_word' id='word_1_87' title='bbox 533 1495 576 1535; x_wconf 87' lang='lat' dir='ltr'><em>in</em></span> <span class='ocrx_word' id='word_1_88' title='bbox 598 1509 682 1550; x_wconf 89' lang='lat' dir='ltr'><em>quo</em></span> <span class='ocrx_word' id='word_1_89' title='bbox 716 1494 961 1542; x_wconf 78' lang='lat' dir='ltr'><em>accusabar,</em></span> <span class='ocrx_word' id='word_1_90' title='bbox 984 1493 1110 1548; x_wconf 86' lang='lat' dir='ltr'><em>culpa</em></span> <span class='ocrx_word' id='word_1_91' title='bbox 1132 1506 1354 1542; x_wconf 82' lang='lat' dir='ltr'><em>vacarem3</em></span> <span class='ocrx_word' id='word_1_92' title='bbox 1387 1492 1428 1532; x_wconf 93' lang='lat' dir='ltr'><em>in</em></span> <span class='ocrx_word' id='word_1_93' title='bbox 1459 1506 1545 1545; x_wconf 87' lang='lat' dir='ltr'><em>quo</em></span> <span class='ocrx_word' id='word_1_94' title='bbox 1575 1499 1718 1530; x_wconf 85' lang='lat' dir='ltr'><em>autem</em></span> 
     </span>
     <span class='ocr_line' id='line_1_19' title="bbox 280 1547 1719 1607; baseline -0.004 -14"><span class='ocrx_word' id='word_1_95' title='bbox 280 1552 518 1593; x_wconf 84' lang='lat' dir='ltr'><em>desiderare</em></span> <span class='ocrx_word' id='word_1_96' title='bbox 553 1562 594 1592; x_wconf 87' lang='lat' dir='ltr'><em>te</em></span> <span class='ocrx_word' id='word_1_97' title='bbox 631 1550 905 1607; x_wconf 83' lang='lat' dir='ltr'><em>significabas</em></span> <span class='ocrx_word' id='word_1_98' title='bbox 940 1563 1053 1589; x_wconf 82' lang='lat' dir='ltr'><em>meas</em></span> <span class='ocrx_word' id='word_1_99' title='bbox 1087 1549 1262 1598; x_wconf 80' lang='lat' dir='ltr'><em>litteras,</em></span> <span class='ocrx_word' id='word_1_100' title='bbox 1286 1563 1372 1605; x_wconf 83' lang='lat' dir='ltr'><em>prae</em></span> <span class='ocrx_word' id='word_1_101' title='bbox 1407 1556 1449 1588; x_wconf 91' lang='lat' dir='ltr'><em>te</em></span> <span class='ocrx_word' id='word_1_102' title='bbox 1472 1547 1599 1588; x_wconf 83' lang='lat' dir='ltr'><em>ferres</em></span> <span class='ocrx_word' id='word_1_103' title='bbox 1624 1560 1719 1602; x_wconf 88' lang='lat' dir='ltr'><em>per-</em></span> 
     </span>
     <span class='ocr_line' id='line_1_20' title="bbox 279 1605 1715 1664; baseline -0.003 -16"><span class='ocrx_word' id='word_1_104' title='bbox 279 1619 473 1664; x_wconf 82' lang='lat' dir='ltr'><em>spectum</em></span> <span class='ocrx_word' id='word_1_105' title='bbox 498 1608 602 1648; x_wconf 83' lang='lat' dir='ltr'><em>mihi</em></span> <span class='ocrx_word' id='word_1_106' title='bbox 626 1608 814 1662; x_wconf 81' lang='lat' dir='ltr'><em>quidem,</em></span> <span class='ocrx_word' id='word_1_107' title='bbox 837 1607 908 1647; x_wconf 81' lang='lat' dir='ltr'><em>sed</em></span> <span class='ocrx_word' id='word_1_108' title='bbox 933 1617 1073 1647; x_wconf 82' lang='lat' dir='ltr'><em>tamen</em></span> <span class='ocrx_word' id='word_1_109' title='bbox 1098 1605 1265 1646; x_wconf 82' lang='lat' dir='ltr'><em>dulcem</em></span> <span class='ocrx_word' id='word_1_110' title='bbox 1299 1616 1341 1646; x_wconf 89' lang='lat' dir='ltr'><em>et</em></span> <span class='ocrx_word' id='word_1_111' title='bbox 1372 1615 1569 1660; x_wconf 85' lang='lat' dir='ltr'><em>optatum</em></span> <span class='ocrx_word' id='word_1_112' title='bbox 1598 1618 1715 1644; x_wconf 84' lang='lat' dir='ltr'><em>amo-</em></span> 
     </span>
     <span class='ocr_line' id='line_1_21' title="bbox 277 1661 1716 1719; baseline -0.003 -13"><span class='ocrx_word' id='word_1_113' title='bbox 277 1680 364 1706; x_wconf 87' lang='lat' dir='ltr'><em>rem</em></span> <span class='ocrx_word' id='word_1_114' title='bbox 398 1676 532 1706; x_wconf 84' lang='lat' dir='ltr'><em>tuum.</em></span> <span class='ocrx_word' id='word_1_115' title='bbox 596 1664 805 1719; x_wconf 84' lang='lat' dir='ltr'><em>Equidem</em></span> <span class='ocrx_word' id='word_1_116' title='bbox 841 1664 1053 1704; x_wconf 87' lang='lat' dir='ltr'><em>neminem</em></span> <span class='ocrx_word' id='word_1_117' title='bbox 1087 1662 1355 1719; x_wconf 83' lang='lat' dir='ltr'><em>praetermisi‚</em></span> <span class='ocrx_word' id='word_1_118' title='bbox 1386 1675 1511 1716; x_wconf 87' lang='lat' dir='ltr'><em>quem</em></span> <span class='ocrx_word' id='word_1_119' title='bbox 1542 1661 1716 1716; x_wconf 86' lang='lat' dir='ltr'><em>quidem</em></span> 
     </span>
     <span class='ocr_line' id='line_1_22' title="bbox 276 1718 1716 1778; baseline -0.004 -15"><span class='ocrx_word' id='word_1_120' title='bbox 276 1723 328 1763; x_wconf 85' lang='lat' dir='ltr'><em>ad</em></span> <span class='ocrx_word' id='word_1_121' title='bbox 367 1732 406 1763; x_wconf 82' lang='lat' dir='ltr'><em>te</em></span> <span class='ocrx_word' id='word_1_122' title='bbox 441 1730 740 1778; x_wconf 87' lang='lat' dir='ltr'><em>perventurum</em></span> <span class='ocrx_word' id='word_1_123' title='bbox 778 1730 986 1776; x_wconf 84' lang='lat' dir='ltr'><em>putarem,</em></span> <span class='ocrx_word' id='word_1_124' title='bbox 1008 1719 1076 1760; x_wconf 87' lang='lat' dir='ltr'><em>eui</em></span> <span class='ocrx_word' id='word_1_125' title='bbox 1112 1719 1272 1760; x_wconf 73' lang='lat' dir='ltr'><em>litteras</em></span> <span class='ocrx_word' id='word_1_126' title='bbox 1306 1733 1390 1759; x_wconf 88' lang='lat' dir='ltr'><em>non</em></span> <span class='ocrx_word' id='word_1_127' title='bbox 1424 1718 1628 1759; x_wconf 83' lang='lat' dir='ltr'><em>dederim.</em></span> <span class='ocrx_word' id='word_1_128' title='bbox 1651 1727 1716 1758; x_wconf 89' lang='lat' dir='ltr'><em>et-</em></span> 
     </span>
     <span class='ocr_line' id='line_1_23' title="bbox 275 1773 1714 1835; baseline -0.003 -15"><span class='ocrx_word' id='word_1_129' title='bbox 275 1779 388 1820; x_wconf 87' lang='lat' dir='ltr'><em>enim</em></span> <span class='ocrx_word' id='word_1_130' title='bbox 419 1783 426 1809; x_wconf 91' lang='lat'>¹</span> <span class='ocrx_word' id='word_1_131' title='bbox 446 1780 540 1835; x_wconf 87' lang='lat' dir='ltr'><em>quis</em></span> <span class='ocrx_word' id='word_1_132' title='bbox 563 1789 626 1819; x_wconf 87' lang='lat' dir='ltr'><em>est</em></span> <span class='ocrx_word' id='word_1_133' title='bbox 651 1789 735 1818; x_wconf 82' lang='lat' dir='ltr'><em>tam</em></span> <span class='ocrx_word' id='word_1_134' title='bbox 760 1778 802 1817; x_wconf 90' lang='lat' dir='ltr'><em>in</em></span> <span class='ocrx_word' id='word_1_135' title='bbox 826 1777 1050 1818; x_wconf 83' lang='lat' dir='ltr'><em>scribendo</em></span> <span class='ocrx_word' id='word_1_136' title='bbox 1073 1777 1270 1832; x_wconf 80' lang='lat' dir='ltr'><em>impiger,</em></span> <span class='ocrx_word' id='word_1_137' title='bbox 1292 1789 1420 1831; x_wconf 80' lang='lat' dir='ltr'><em>quam</em></span> <span class='ocrx_word' id='word_1_138' title='bbox 1443 1777 1553 1830; x_wconf 81' lang='lat' dir='ltr'><em>ego?</em></span> <span class='ocrx_word' id='word_1_139' title='bbox 1610 1773 1649 1814; x_wconf 91' lang='lat' dir='ltr'><strong>A</strong></span> <span class='ocrx_word' id='word_1_140' title='bbox 1672 1783 1714 1815; x_wconf 87' lang='lat' dir='ltr'><em>te</em></span> 
     </span>
     <span class='ocr_line' id='line_1_24' title="bbox 276 1831 1713 1888; baseline -0.003 -12"><span class='ocrx_word' id='word_1_141' title='bbox 276 1851 376 1877; x_wconf 90' lang='lat' dir='ltr'><em>vero</em></span> <span class='ocrx_word' id='word_1_142' title='bbox 403 1836 478 1886; x_wconf 86' lang='lat' dir='ltr'><em>bis,</em></span> <span class='ocrx_word' id='word_1_143' title='bbox 502 1846 617 1876; x_wconf 80' lang='lat' dir='ltr'><em>terve</em></span> <span class='ocrx_word' id='word_1_144' title='bbox 650 1849 879 1884; x_wconf 87' lang='lat' dir='ltr'><em>summum,</em></span> <span class='ocrx_word' id='word_1_145' title='bbox 900 1846 942 1874; x_wconf 87' lang='lat' dir='ltr'><em>et</em></span> <span class='ocrx_word' id='word_1_146' title='bbox 976 1848 1046 1874; x_wconf 87' lang='lat' dir='ltr'><em>eas</em></span> <span class='ocrx_word' id='word_1_147' title='bbox 1078 1834 1301 1888; x_wconf 84' lang='lat' dir='ltr'><em>perbreves</em></span> <span class='ocrx_word' id='word_1_148' title='bbox 1329 1832 1490 1888; x_wconf 77' lang='lat' dir='ltr'><em>accepi.</em></span> <span class='ocrx_word' id='word_1_149' title='bbox 1553 1831 1713 1882; x_wconf 80' lang='lat' dir='ltr'><em>Quare,</em></span> 
     </span>
     <span class='ocr_line' id='line_1_25' title="bbox 276 1888 1713 1948; baseline -0.003 -16"><span class='ocrx_word' id='word_1_150' title='bbox 276 1893 309 1933; x_wconf 86' lang='lat' dir='ltr'><em>si</em></span> <span class='ocrx_word' id='word_1_151' title='bbox 345 1894 514 1948; x_wconf 87' lang='lat' dir='ltr'><em>iniquus</em></span> <span class='ocrx_word' id='word_1_152' title='bbox 545 1907 588 1933; x_wconf 85' lang='lat' dir='ltr'><em>es</em></span> <span class='ocrx_word' id='word_1_153' title='bbox 625 1892 666 1932; x_wconf 92' lang='lat' dir='ltr'><em>in</em></span> <span class='ocrx_word' id='word_1_154' title='bbox 701 1906 768 1932; x_wconf 90' lang='lat' dir='ltr'><em>me</em></span> <span class='ocrx_word' id='word_1_155' title='bbox 795 1891 949 1946; x_wconf 81' lang='lat' dir='ltr'><em>judex,</em></span> <span class='ocrx_word' id='word_1_156' title='bbox 972 1890 1268 1931; x_wconf 78' lang='lat' dir='ltr'><em>condemnabo</em></span> <span class='ocrx_word' id='word_1_157' title='bbox 1290 1890 1440 1930; x_wconf 88' lang='lat' dir='ltr'><em>eodem</em></span> <span class='ocrx_word' id='word_1_158' title='bbox 1463 1903 1545 1943; x_wconf 80' lang='lat' dir='ltr'><em>ego</em></span> <span class='ocrx_word' id='word_1_159' title='bbox 1570 1898 1610 1929; x_wconf 87' lang='lat' dir='ltr'><em>te</em></span> <span class='ocrx_word' id='word_1_160' title='bbox 1631 1888 1713 1929; x_wconf 82' lang='lat' dir='ltr'><em>cri-</em></span> 
     </span>
     <span class='ocr_line' id='line_1_26' title="bbox 274 1944 1712 2001; baseline -0.003 -10"><span class='ocrx_word' id='word_1_161' title='bbox 274 1950 417 1991; x_wconf 85' lang='lat' dir='ltr'><em>mine:</em></span> <span class='ocrx_word' id='word_1_162' title='bbox 451 1951 512 1990; x_wconf 84' lang='lat' dir='ltr'><em>sin</em></span> <span class='ocrx_word' id='word_1_163' title='bbox 538 1964 604 1990; x_wconf 90' lang='lat' dir='ltr'><em>me</em></span> <span class='ocrx_word' id='word_1_164' title='bbox 628 1949 668 1989; x_wconf 90' lang='lat' dir='ltr'><em>id</em></span> <span class='ocrx_word' id='word_1_165' title='bbox 693 1948 830 1988; x_wconf 80' lang='lat' dir='ltr'><em>faeere</em></span> <span class='ocrx_word' id='word_1_166' title='bbox 853 1948 984 1997; x_wconf 84' lang='lat' dir='ltr'><em>noles,</em></span> <span class='ocrx_word' id='word_1_167' title='bbox 1008 1956 1049 1988; x_wconf 89' lang='lat' dir='ltr'><em>te</em></span> <span class='ocrx_word' id='word_1_168' title='bbox 1078 1947 1181 1988; x_wconf 82' lang='lat' dir='ltr'><em>milii</em></span> <span class='ocrx_word' id='word_1_169' title='bbox 1215 1961 1386 2001; x_wconf 83' lang='lat' dir='ltr'><em>aequum</em></span> <span class='ocrx_word' id='word_1_170' title='bbox 1419 1947 1609 2001; x_wconf 82' lang='lat' dir='ltr'><em>praebere</em></span> <span class='ocrx_word' id='word_1_171' title='bbox 1640 1944 1712 1986; x_wconf 85' lang='lat' dir='ltr'><em>de-</em></span> 
     </span>
     <span class='ocr_line' id='line_1_27' title="bbox 274 2004 1712 2054; baseline -0.001 -7"><span class='ocrx_word' id='word_1_172' title='bbox 274 2007 410 2048; x_wconf 83' lang='lat' dir='ltr'><em>bebis.</em></span> <span class='ocrx_word' id='word_1_173' title='bbox 471 2007 555 2047; x_wconf 84' lang='lat' dir='ltr'><em>Sed</em></span> <span class='ocrx_word' id='word_1_174' title='bbox 588 2006 640 2047; x_wconf 89' lang='lat' dir='ltr'><em>de</em></span> <span class='ocrx_word' id='word_1_175' title='bbox 674 2005 824 2046; x_wconf 86' lang='lat' dir='ltr'><em>litteris</em></span> <span class='ocrx_word' id='word_1_176' title='bbox 858 2005 1079 2045; x_wconf 78' lang='lat' dir='ltr'><em>hactenus.</em></span> <span class='ocrx_word' id='word_1_177' title='bbox 1102 2019 1186 2045; x_wconf 90' lang='lat' dir='ltr'><em>non</em></span> <span class='ocrx_word' id='word_1_178' title='bbox 1221 2004 1335 2044; x_wconf 89' lang='lat' dir='ltr'><em>enim</em></span> <span class='ocrx_word' id='word_1_179' title='bbox 1359 2017 1520 2054; x_wconf 83' lang='lat' dir='ltr'><em>vereor,</em></span> <span class='ocrx_word' id='word_1_180' title='bbox 1549 2017 1602 2043; x_wconf 88' lang='lat' dir='ltr'><em>ne</em></span> <span class='ocrx_word' id='word_1_181' title='bbox 1625 2017 1712 2045; x_wconf 89' lang='lat' dir='ltr'><em>non</em></span> 
     </span>
     <span class='ocr_line' id='line_1_28' title="bbox 273 2060 1705 2117; baseline -0.001 -15"><span class='ocrx_word' id='word_1_182' title='bbox 273 2063 498 2104; x_wconf 88' lang='lat' dir='ltr'><em>scribendo</em></span> <span class='ocrx_word' id='word_1_183' title='bbox 532 2072 573 2103; x_wconf 88' lang='lat' dir='ltr'><em>te</em></span> <span class='ocrx_word' id='word_1_184' title='bbox 606 2062 827 2117; x_wconf 84' lang='lat' dir='ltr'><em>expleam:</em></span> <span class='ocrx_word' id='word_1_185' title='bbox 862 2066 1097 2117; x_wconf 58' lang='lat' dir='ltr'><em>praesertim</em></span> <span class='ocrx_word' id='word_1_186' title='bbox 1132 2062 1163 2101; x_wconf 85' lang='lat' dir='ltr'><em>si</em></span> <span class='ocrx_word' id='word_1_187' title='bbox 1196 2061 1238 2100; x_wconf 89' lang='lat' dir='ltr'><em>in</em></span> <span class='ocrx_word' id='word_1_188' title='bbox 1258 2075 1308 2101; x_wconf 88' lang='lat' dir='ltr'><em>eo</em></span> <span class='ocrx_word' id='word_1_189' title='bbox 1342 2074 1496 2116; x_wconf 83' lang='lat' dir='ltr'><em>genere</em></span> <span class='ocrx_word' id='word_1_190' title='bbox 1519 2060 1705 2101; x_wconf 88' lang='lat' dir='ltr'><em>studium</em></span> 
     </span>
     <span class='ocr_line' id='line_1_29' title="bbox 272 2116 1709 2175; baseline -0.003 -14"><span class='ocrx_word' id='word_1_191' title='bbox 272 2135 412 2161; x_wconf 88' lang='lat' dir='ltr'><em>meum</em></span> <span class='ocrx_word' id='word_1_192' title='bbox 447 2135 533 2161; x_wconf 90' lang='lat' dir='ltr'><em>non</em></span> <span class='ocrx_word' id='word_1_193' title='bbox 567 2120 861 2175; x_wconf 81' lang='lat' dir='ltr'><em>aspernabere.</em></span> <span class='ocrx_word' id='word_1_194' title='bbox 931 2118 1020 2174; x_wconf 80' lang='lat' dir='ltr'><em>Ego</em></span> <span class='ocrx_word' id='word_1_195' title='bbox 1056 2127 1096 2158; x_wconf 86' lang='lat' dir='ltr'><em>te</em></span> <span class='ocrx_word' id='word_1_196' title='bbox 1129 2117 1316 2158; x_wconf 81' lang='lat' dir='ltr'><em>abfuisse</em></span> <span class='ocrx_word' id='word_1_197' title='bbox 1351 2117 1512 2157; x_wconf 85' lang='lat' dir='ltr'><em>tamdiu</em></span> <span class='ocrx_word' id='word_1_198' title='bbox 1537 2132 1561 2157; x_wconf 83' lang='lat' dir='ltr'>a</span> <span class='ocrx_word' id='word_1_199' title='bbox 1586 2116 1709 2157; x_wconf 81' lang='lat' dir='ltr'><em>nobis</em></span> 
     </span>
     <span class='ocr_line' id='line_1_30' title="bbox 271 2173 1709 2232; baseline -0.001 -15"><span class='ocrx_word' id='word_1_200' title='bbox 271 2186 315 2217; x_wconf 86' lang='lat' dir='ltr'><em>et</em></span> <span class='ocrx_word' id='word_1_201' title='bbox 352 2178 484 2228; x_wconf 88' lang='lat' dir='ltr'><em>dolui,</em></span> <span class='ocrx_word' id='word_1_202' title='bbox 520 2177 634 2232; x_wconf 84' lang='lat' dir='ltr'><em>quod</em></span> <span class='ocrx_word' id='word_1_203' title='bbox 674 2176 789 2216; x_wconf 79' lang='lat' dir='ltr'><em>carui</em></span> <span class='ocrx_word' id='word_1_204' title='bbox 830 2175 970 2216; x_wconf 84' lang='lat' dir='ltr'><em>fructu</em></span> <span class='ocrx_word' id='word_1_205' title='bbox 1005 2175 1333 2230; x_wconf 63' lang='lat' dir='ltr'><em>jucundissima}</em></span> <span class='ocrx_word' id='word_1_206' title='bbox 1372 2173 1709 2215; x_wconf 75' lang='lat' dir='ltr'><em>consuetudinis-</em></span> 
     </span>
     <span class='ocr_line' id='line_1_31' title="bbox 271 2230 1706 2288; baseline -0.003 -14"><span class='ocrx_word' id='word_1_207' title='bbox 271 2244 314 2274; x_wconf 87' lang='lat' dir='ltr'><em>et</em></span> <span class='ocrx_word' id='word_1_208' title='bbox 335 2234 472 2285; x_wconf 84' lang='lat' dir='ltr'><em>laetor,</em></span> <span class='ocrx_word' id='word_1_209' title='bbox 496 2234 609 2288; x_wconf 81' lang='lat' dir='ltr'><em>quod</em></span> <span class='ocrx_word' id='word_1_210' title='bbox 634 2234 784 2274; x_wconf 82' lang='lat' dir='ltr'><em>absens</em></span> <span class='ocrx_word' id='word_1_211' title='bbox 808 2233 953 2273; x_wconf 87' lang='lat' dir='ltr'><em>omnia</em></span> <span class='ocrx_word' id='word_1_212' title='bbox 974 2247 1072 2272; x_wconf 81' lang='lat' dir='ltr'><em>eum</em></span> <span class='ocrx_word' id='word_1_213' title='bbox 1096 2233 1284 2272; x_wconf 74' lang='lat' dir='ltr'><em>maxima</em></span> <span class='ocrx_word' id='word_1_214' title='bbox 1306 2230 1517 2286; x_wconf 78' lang='lat' dir='ltr'><em>dignitate</em></span> <span class='ocrx_word' id='word_1_215' title='bbox 1538 2245 1582 2271; x_wconf 88' lang='lat' dir='ltr'><em>es</em></span> <span class='ocrx_word' id='word_1_216' title='bbox 1604 2244 1706 2271; x_wconf 85' lang='lat' dir='ltr'><em>con-</em></span> 
     </span>
     <span class='ocr_line' id='line_1_32' title="bbox 272 2287 1707 2345; baseline -0.003 -14"><span class='ocrx_word' id='word_1_217' title='bbox 272 2300 456 2341; x_wconf 83' lang='lat' dir='ltr'><em>secutus,</em></span> <span class='ocrx_word' id='word_1_218' title='bbox 479 2290 693 2345; x_wconf 87' lang='lat' dir='ltr'><em>quodque,</em></span> <span class='ocrx_word' id='word_1_219' title='bbox 718 2290 757 2329; x_wconf 92' lang='lat' dir='ltr'><em>in</em></span> <span class='ocrx_word' id='word_1_220' title='bbox 781 2289 980 2329; x_wconf 80' lang='lat' dir='ltr'><em>omnibus</em></span> <span class='ocrx_word' id='word_1_221' title='bbox 1012 2289 1095 2329; x_wconf 85' lang='lat' dir='ltr'><em>tuis</em></span> <span class='ocrx_word' id='word_1_222' title='bbox 1129 2289 1269 2338; x_wconf 86' lang='lat' dir='ltr'><em>rebus,</em></span> <span class='ocrx_word' id='word_1_223' title='bbox 1291 2289 1396 2328; x_wconf 84' lang='lat' dir='ltr'><em>meis</em></span> <span class='ocrx_word' id='word_1_224' title='bbox 1429 2287 1587 2343; x_wconf 83' lang='lat' dir='ltr'><em>optatis</em></span> <span class='ocrx_word' id='word_1_225' title='bbox 1622 2287 1707 2327; x_wconf 88' lang='lat' dir='ltr'><em>for-</em></span> 
     </span>
     <span class='ocr_line' id='line_1_33' title="bbox 225 2345 1705 2403; baseline -0.003 -15"><span class='ocrx_word' id='word_1_226' title='bbox 225 2353 256 2382; x_wconf 91' lang='lat' dir='ltr'><em>b·</em></span> <span class='ocrx_word' id='word_1_227' title='bbox 272 2357 374 2388; x_wconf 83' lang='lat' dir='ltr'><em>tuna</em></span> <span class='ocrx_word' id='word_1_228' title='bbox 405 2347 639 2403; x_wconf 80' lang='lat' dir='ltr'><em>respondit.</em></span> <span class='ocrx_word' id='word_1_229' title='bbox 703 2347 839 2386; x_wconf 83' lang='lat' dir='ltr'><em>Breve</em></span> <span class='ocrx_word' id='word_1_230' title='bbox 871 2357 949 2397; x_wconf 86' lang='lat' dir='ltr'><em>est,</em></span> <span class='ocrx_word' id='word_1_231' title='bbox 972 2346 1084 2401; x_wconf 87' lang='lat' dir='ltr'><em>quod</em></span> <span class='ocrx_word' id='word_1_232' title='bbox 1120 2360 1187 2386; x_wconf 91' lang='lat' dir='ltr'><em>me</em></span> <span class='ocrx_word' id='word_1_233' title='bbox 1220 2345 1298 2386; x_wconf 88' lang='lat' dir='ltr'><em>tibi</em></span> <span class='ocrx_word' id='word_1_234' title='bbox 1336 2345 1565 2400; x_wconf 83' lang='lat' dir='ltr'><em>praecipere</em></span> <span class='ocrx_word' id='word_1_235' title='bbox 1586 2357 1705 2384; x_wconf 86' lang='lat' dir='ltr'><em>meus</em></span> 
     </span>
     <span class='ocr_line' id='line_1_34' title="bbox 270 2400 1706 2458; baseline -0.003 -13"><span class='ocrx_word' id='word_1_236' title='bbox 270 2404 532 2446; x_wconf 84' lang='lat' dir='ltr'><em>incredibilis</em></span> <span class='ocrx_word' id='word_1_237' title='bbox 552 2404 592 2443; x_wconf 89' lang='lat' dir='ltr'><em>in</em></span> <span class='ocrx_word' id='word_1_238' title='bbox 619 2414 658 2443; x_wconf 80' lang='lat' dir='ltr'><em>te</em></span> <span class='ocrx_word' id='word_1_239' title='bbox 682 2418 799 2443; x_wconf 79' lang='lat' dir='ltr'><em>amor</em></span> <span class='ocrx_word' id='word_1_240' title='bbox 821 2404 954 2458; x_wconf 75' lang='lat' dir='ltr'><em>cogit.</em></span> <span class='ocrx_word' id='word_1_241' title='bbox 997 2403 1135 2444; x_wconf 79' lang='lat' dir='ltr'><em>Tanta</em></span> <span class='ocrx_word' id='word_1_242' title='bbox 1155 2412 1219 2443; x_wconf 89' lang='lat' dir='ltr'><em>est</em></span> <span class='ocrx_word' id='word_1_243' title='bbox 1240 2402 1507 2456; x_wconf 80' lang='lat' dir='ltr'><em>exspectatio</em></span> <span class='ocrx_word' id='word_1_244' title='bbox 1529 2400 1592 2441; x_wconf 91' lang='lat' dir='ltr'><em>vel</em></span> <span class='ocrx_word' id='word_1_245' title='bbox 1614 2400 1706 2441; x_wconf 86' lang='lat' dir='ltr'><em>ani-</em></span> 
     </span>
     <span class='ocr_line' id='line_1_35' title="bbox 270 2457 1704 2516; baseline -0.002 -14"><span class='ocrx_word' id='word_1_246' title='bbox 270 2462 344 2512; x_wconf 89' lang='lat' dir='ltr'><em>mi,</em></span> <span class='ocrx_word' id='word_1_247' title='bbox 368 2462 431 2502; x_wconf 86' lang='lat' dir='ltr'><em>vel</em></span> <span class='ocrx_word' id='word_1_248' title='bbox 465 2461 625 2516; x_wconf 83' lang='lat' dir='ltr'><em>ingenii</em></span> <span class='ocrx_word' id='word_1_249' title='bbox 665 2461 740 2510; x_wconf 84' lang='lat' dir='ltr'><em>tui,</em></span> <span class='ocrx_word' id='word_1_250' title='bbox 773 2469 818 2500; x_wconf 89' lang='lat' dir='ltr'><em>ut</em></span> <span class='ocrx_word' id='word_1_251' title='bbox 852 2474 933 2514; x_wconf 82' lang='lat' dir='ltr'><em>ego</em></span> <span class='ocrx_word' id='word_1_252' title='bbox 968 2469 1009 2500; x_wconf 88' lang='lat' dir='ltr'><em>te</em></span> <span class='ocrx_word' id='word_1_253' title='bbox 1041 2461 1263 2500; x_wconf 87' lang='lat' dir='ltr'><em>obsecrare</em></span> <span class='ocrx_word' id='word_1_254' title='bbox 1295 2457 1585 2512; x_wconf 85' lang='lat' dir='ltr'><em>obtestarique</em></span> <span class='ocrx_word' id='word_1_255' title='bbox 1618 2471 1704 2499; x_wconf 84' lang='lat' dir='ltr'><em>non</em></span> 
     </span>
     <span class='ocr_line' id='line_1_36' title="bbox 269 2517 1703 2570; baseline -0.003 -11"><span class='ocrx_word' id='word_1_256' title='bbox 269 2518 478 2569; x_wconf 85' lang='lat' dir='ltr'><em>dubitem,</em></span> <span class='ocrx_word' id='word_1_257' title='bbox 513 2518 572 2558; x_wconf 85' lang='lat' dir='ltr'><em>sic</em></span> <span class='ocrx_word' id='word_1_258' title='bbox 605 2517 658 2558; x_wconf 81' lang='lat' dir='ltr'><em>ad</em></span> <span class='ocrx_word' id='word_1_259' title='bbox 691 2531 768 2558; x_wconf 87' lang='lat' dir='ltr'><em>nos</em></span> <span class='ocrx_word' id='word_1_260' title='bbox 801 2517 1093 2558; x_wconf 80' lang='lat' dir='ltr'><em>conformatus</em></span> <span class='ocrx_word' id='word_1_261' title='bbox 1126 2524 1351 2566; x_wconf 77' lang='lat' dir='ltr'><em>revertare,</em></span> <span class='ocrx_word' id='word_1_262' title='bbox 1386 2524 1445 2566; x_wconf 90' lang='lat' dir='ltr'><em>ut,</em></span> <span class='ocrx_word' id='word_1_263' title='bbox 1467 2528 1595 2570; x_wconf 87' lang='lat' dir='ltr'><em>quam</em></span> <span class='ocrx_word' id='word_1_264' title='bbox 1627 2527 1703 2555; x_wconf 81' lang='lat' dir='ltr'><em>ex-</em></span> 
     </span>
    </p>
   </div>
   <div class='ocr_carea' id='block_1_13' title="bbox 266 2667 1704 2831">
    <p class='ocr_par' dir='ltr' id='par_1_13' title="bbox 266 2667 1704 2831">
     <span class='ocr_line' id='line_1_37' title="bbox 313 2667 1704 2708; baseline 0 -10"><span class='ocrx_word' id='word_1_265' title='bbox 313 2671 325 2698; x_wconf 84' lang='lat'>1</span> <span class='ocrx_word' id='word_1_266' title='bbox 352 2670 422 2708; x_wconf 81' lang='lat' dir='ltr'><em>quis</em></span> <span class='ocrx_word' id='word_1_267' title='bbox 436 2673 481 2699; x_wconf 80' lang='lat' dir='ltr'><em>est</em></span> <span class='ocrx_word' id='word_1_268' title='bbox 497 2667 737 2706; x_wconf 63' lang='lat' dir='ltr'><em>inminse-rib]</em></span> <span class='ocrx_word' id='word_1_269' title='bbox 763 2667 965 2704; x_wconf 66' lang='lat' dir='ltr'><em>Restituim,</em></span> <span class='ocrx_word' id='word_1_270' title='bbox 1009 2667 1190 2707; x_wconf 78' lang='lat' dir='ltr'><em>praesertim</em></span> <span class='ocrx_word' id='word_1_271' title='bbox 1221 2668 1413 2707; x_wconf 84' lang='lat' dir='ltr'><em>compendio</em></span> <span class='ocrx_word' id='word_1_272' title='bbox 1441 2668 1574 2706; x_wconf 81' lang='lat' dir='ltr'><em>scripta,</em></span> <span class='ocrx_word' id='word_1_273' title='bbox 1602 2671 1642 2697; x_wconf 86' lang='lat' dir='ltr'><em>ut</em></span> <span class='ocrx_word' id='word_1_274' title='bbox 1668 2667 1704 2698; x_wconf 87' lang='lat' dir='ltr'><em>in</em></span> 
     </span>
     <span class='ocr_line' id='line_1_38' title="bbox 268 2708 1704 2749; baseline -0.001 -10"><span class='ocrx_word' id='word_1_275' title='bbox 268 2709 412 2740; x_wconf 82' lang='lat' dir='ltr'><em>deletum</em></span> <span class='ocrx_word' id='word_1_276' title='bbox 429 2721 448 2741; x_wconf 81' lang='lat' dir='ltr'>a</span> <span class='ocrx_word' id='word_1_277' title='bbox 466 2711 624 2744; x_wconf 77' lang='lat' dir='ltr'><em>victorio,</em></span> <span class='ocrx_word' id='word_1_278' title='bbox 641 2709 811 2739; x_wconf 84' lang='lat' dir='ltr'><em>Gebhardo</em></span> <span class='ocrx_word' id='word_1_279' title='bbox 835 2712 892 2740; x_wconf 55' lang='lat' dir='ltr'><em>&amp;a</em></span> <span class='ocrx_word' id='word_1_280' title='bbox 912 2711 966 2739; x_wconf 75' lang='lat' dir='ltr'><em>ab·</em></span> <span class='ocrx_word' id='word_1_281' title='bbox 1010 2711 1071 2739; x_wconf 77' lang='lat' dir='ltr'><em>Ms.</em></span> <span class='ocrx_word' id='word_1_282' title='bbox 1089 2717 1212 2740; x_wconf 81' lang='lat' dir='ltr'><em>nostrO.</em></span> <span class='ocrx_word' id='word_1_283' title='bbox 1259 2710 1394 2740; x_wconf 77' lang='lat' dir='ltr'><em>Utinam</em></span> <span class='ocrx_word' id='word_1_284' title='bbox 1411 2709 1559 2749; x_wconf 81' lang='lat' dir='ltr'><em>exempla</em></span> <span class='ocrx_word' id='word_1_285' title='bbox 1574 2708 1704 2739; x_wconf 75' lang='lat' dir='ltr'><em>attulis-</em></span> 
     </span>
     <span class='ocr_line' id='line_1_39' title="bbox 267 2750 1704 2792; baseline 0.001 -12"><span class='ocrx_word' id='word_1_286' title='bbox 267 2755 315 2781; x_wconf 81' lang='lat' dir='ltr'><em>est</em></span> <span class='ocrx_word' id='word_1_287' title='bbox 333 2762 408 2782; x_wconf 85' lang='lat' dir='ltr'><em>sane</em></span> <span class='ocrx_word' id='word_1_288' title='bbox 425 2752 614 2791; x_wconf 77' lang='lat' dir='ltr'><em>quibusdam</em></span> <span class='ocrx_word' id='word_1_289' title='bbox 631 2750 723 2781; x_wconf 85' lang='lat' dir='ltr'><em>codd.</em></span> <span class='ocrx_word' id='word_1_290' title='bbox 742 2751 797 2781; x_wconf 86' lang='lat' dir='ltr'><em>sed</em></span> <span class='ocrx_word' id='word_1_291' title='bbox 813 2752 967 2791; x_wconf 71' lang='lat' dir='ltr'><em>absorpta</em></span> <span class='ocrx_word' id='word_1_292' title='bbox 1008 2758 1082 2781; x_wconf 71' lang='lat' dir='ltr'><em>sent</em></span> <span class='ocrx_word' id='word_1_293' title='bbox 1097 2753 1154 2781; x_wconf 82' lang='lat' dir='ltr'><em>viri</em></span> <span class='ocrx_word' id='word_1_294' title='bbox 1171 2752 1258 2782; x_wconf 81' lang='lat' dir='ltr'><em>docti</em></span> <span class='ocrx_word' id='word_1_295' title='bbox 1274 2752 1368 2792; x_wconf 79' lang='lat' dir='ltr'><em>hujus</em></span> <span class='ocrx_word' id='word_1_296' title='bbox 1384 2752 1510 2787; x_wconf 77' lang='lat' dir='ltr'><em>formoe,</em></span> <span class='ocrx_word' id='word_1_297' title='bbox 1522 2751 1704 2791; x_wconf 69' lang='lat' dir='ltr'><em>impigrum</em></span> 
     </span>
     <span class='ocr_line' id='line_1_40' title="bbox 266 2793 1262 2831; baseline 0.002 -8"><span class='ocrx_word' id='word_1_298' title='bbox 266 2798 315 2823; x_wconf 76' lang='lat' dir='ltr'><em>est</em></span> <span class='ocrx_word' id='word_1_299' title='bbox 333 2794 373 2825; x_wconf 84' lang='lat' dir='ltr'><em>ab</em></span> <span class='ocrx_word' id='word_1_300' title='bbox 395 2794 514 2825; x_wconf 80' lang='lat' dir='ltr'><em>ultima</em></span> <span class='ocrx_word' id='word_1_301' title='bbox 538 2793 635 2825; x_wconf 84' lang='lat' dir='ltr'><em>litera</em></span> <span class='ocrx_word' id='word_1_302' title='bbox 657 2794 691 2824; x_wconf 86' lang='lat' dir='ltr'><em>iu</em></span> <span class='ocrx_word' id='word_1_303' title='bbox 714 2798 796 2831; x_wconf 77' lang='lat' dir='ltr'><em>tam,</em></span> <span class='ocrx_word' id='word_1_304' title='bbox 813 2799 852 2824; x_wconf 84' lang='lat' dir='ltr'><em>ut</em></span> <span class='ocrx_word' id='word_1_305' title='bbox 874 2794 965 2831; x_wconf 84' lang='lat' dir='ltr'><em>alibi,</em></span> <span class='ocrx_word' id='word_1_306' title='bbox 1007 2794 1171 2824; x_wconf 77' lang='lat' dir='ltr'><em>scribendo</em></span> <span class='ocrx_word' id='word_1_307' title='bbox 1187 2804 1262 2825; x_wconf 74' lang='lat' dir='ltr'><em>ene.</em></span> 
     </span>
    </p>
   </div>
   <div class='ocr_carea' id='block_1_14' title="bbox 1813 1532 1815 1542">
    <p class='ocr_par' dir='ltr' id='par_1_14' title="bbox 1813 1532 1815 1542">
     <span class='ocr_line' id='line_1_41' title="bbox 1813 1532 1815 1542; baseline 0 0"><span class='ocrx_word' id='word_1_308' title='bbox 1813 1532 1815 1542; x_wconf 77' lang='lat' dir='ltr'><em>l</em></span> 
     </span>
    </p>
   </div>
  </div>
 </body>
</html>
