1865 3223
481 124 564 166 M>
590 127 633 165 e.
652 123 912 165 cAssiuM
937 124 1012 162 ET
1037 124 1225 163 Amos
1494 114 1573 170 Μὴ

123 229 434 295 rempublicam
475 228 809 283 libertatemque
845 225 1159 269 defendendam
1200 228 1461 292 comparavi,
1497 229 1571 271 sed

125 288 256 329 etiam
297 286 603 330 crudelissimis
647 284 843 341 tyrannis
886 285 1056 340 eripui:
1095 298 1202 340 quos
1242 285 1276 325 si
1315 295 1570 340 occupasset

125 341 365 395 Dolabella,
388 358 474 386 non
505 343 643 385 solum
681 343 884 406 adventa,
907 341 979 382 sed
1017 341 1147 382 etiam
1181 341 1388 396 opinione
1419 350 1463 382 et
1492 355 1568 383 ex-

124 402 390 456 spectatione
427 400 641 442 exercitus
685 399 749 441 sui
789 398 1030 439 Antonium
1073 397 1384 439 confiimmasset
1445 398 1565 445 Quas

122 460 180 499 ob
216 472 280 499 res
317 457 471 499 milites
501 464 634 506 tuere,
668 456 700 496 si
732 470 805 497 eos
838 454 1020 496 mirifice
1053 455 1106 496 de
1136 454 1358 519 republica
1390 456 1565 497 meritos

119 528 211 555 esse
243 513 570 556 animadvenis:
605 522 647 555 et
685 513 821 563 effice,
846 527 899 554 ne
920 526 1046 576 quem
1080 513 1307 576 poeniteat,
1331 512 1564 567 rempubli-

116 585 228 622 cam,
268 585 395 626 quam
438 583 556 625 spem
599 570 755 625 praedae
798 579 842 611 et
884 569 1146 625 rapinarum,
1183 569 1303 624 sequi
1347 568 1561 610 maluisse.

117 626 230 668 Item
265 627 410 668 Murci
445 635 488 668 et
525 625 684 682 Crispi,
708 628 1031 690 imperatorum,
1054 625 1327 682 dignitatem,
1349 635 1560 681 quantum

113 694 179 725 est
221 684 265 725 in
293 694 350 734 te,
380 693 513 724 tuere.
575 683 687 724 Nam
733 683 890 724 Bassus
925 697 1076 723 misere
1101 660 1249 724 noluit
1280 683 1387 723 mihi
1421 682 1555 738 legio-

113 754 209 782 nem
248 740 429 781 tradere.
492 740 621 787 Quod
656 740 737 781 nisi
770 740 940 791 milites,
964 740 1101 781 invito
1124 753 1191 789 eo,
1213 739 1376 795 legatos
1401 716 1487 780 ado
1485 753 1553 781 me

111 797 342 848 misissent,
373 797 563 838 clausam
584 797 823 854 Apameam
854 797 1075 848 tenuisset,
1097 796 1238 852 quoad
1264 797 1303 837 vi
1330 806 1442 838 esset
1474 811 1551 837 ex·

110 864 317 910 pugnata.
380 853 492 896 Haec
533 869 558 895 a
598 863 640 895 te
682 864 797 910 peto,
839 868 925 895 non
967 853 1107 895 solum
1139 853 1413 918 reipublicae,
1451 868 1549 909 quae

110 911 190 951 tibi
227 925 394 966 semper
426 910 510 952 fuit
543 911 776 962 caiissima,
799 911 872 952 sed
902 911 1031 952 etiam
1065 910 1269 952 amicitiae
1292 921 1450 952 nostrae
1473 925 1552 952 no-

105 970 238 1017 mine,
259 981 388 1023 quam
412 967 585 1009 confido
608 968 723 1024 apud
747 978 788 1009 te
810 967 1041 1025 plurimum
1064 981 1203 1023 posse.
1265 966 1405 1009 Crede
1427 967 1550 1031 mihi,

106 1023 224 1065 hunc
244 1025 500 1089 exercitum,
524 1038 652 1080 quem
679 1025 834 1076 habeo,
857 1034 1028 1066 senatus
1055 1034 1184 1079 atque
1213 1023 1367 1080 optimi
1402 1024 1548 1079 cujus-

104 1096 188 1136 que
209 1095 315 1134 esse,
337 1082 612 1138 maximeque
633 1091 780 1125 tuum:
813 1082 866 1123 de
893 1082 1017 1136 cujus
1041 1081 1261 1122 voluntate
1281 1081 1450 1122 assidue
1470 1096 1546 1123 au-

103 1138 277 1190 diendo,
299 1138 480 1180 mirifice
507 1150 549 1180 te
578 1139 737 1195 diligit,
759 1152 992 1194 carumque
1023 1138 1169 1178 habet.
1231 1138 1319 1184 Qui
1356 1139 1390 1178 si
1418 1137 1677 1183 intel-p-189

102 1194 270 1246 lexerit,
292 1196 523 1237 commoda
550 1211 627 1236 sua
661 1210 776 1237 curae
812 1196 892 1236 tibi
914 1209 1030 1246 esse3
1062 1194 1218 1235 debere
1242 1196 1373 1235 etiam
1398 1209 1441 1235 se
1462 1195 1587 1236 tibia·

102 1252 249 1293 omnia
283 1253 468 1316 putabit.
531 1251 706 1293 Litteris
735 1252 921 1317 scrip-ntis,
944 1227 1076 1300 aud’ii,
1101 1250 1403 1292 Dolabellam
1395 1266 1439 1292 in
1470 1250 1545 1292 Ci-

100 1308 244 1350 liciam
285 1309 451 1349 venisse
490 1323 591 1350 cum
634 1310 720 1349 suis
758 1309 911 1364 copiis.
951 1308 1202 1364 proficiscar
1244 1308 1288 1348 in
1329 1307 1546 1350 Ciliciam.

102 1365 223 1412 Quid
257 1366 436 1421 egerim,
457 1365 651 1406 celeriter
687 1374 734 1406 ut
767 1380 891 1416 selas,
911 1364 1025 1405 dabo
1061 1378 1252 1429 operam.
1316 1364 1380 1405 Ac
1403 1365 1547 1416 velim,

100 1431 149 1463 ut
182 1435 396 1463 meremur
429 1422 483 1463 de
509 1422 744 1478 republica,
778 1423 840 1463 sic
873 1422 1019 1463 felices
1059 1422 1207 1462 simus.
1270 1420 1356 1462 Fac
1390 1421 1546 1474 valeas,

99 1492 254 1535 meque
275 1493 405 1521 ames,
467 1479 609 1520 Nonis
633 1479 760 1530 Maii,
782 1493 837 1519 ex
856 1479 1022 1520 castris,

612 1568 1018 1606 ARGUMENTUM.
1561 1571 1609 1608 18

207 1631 429 1669 Gratulatur
446 1631 490 1667 cle
507 1631 711 1668 Mutinensi
728 1633 897 1672 victoria,
915 1637 950 1667 et
969 1644 1025 1667 res
1043 1644 1065 1666 α
1081 1643 1120 1667 se
1135 1635 1258 1678 gestas
1276 1633 1438 1679 exponit.

347 1697 399 1739 C.
424 1697 674 1741 CASSIUS
707 1699 752 1740 S.
776 1698 835 1740 D.
870 1698 937 1739 Μ.
962 1697 1288 1740 CICERONI.

96 1753 160 1807 SI
204 1764 335 1817 vales,
377 1765 487 1807 bene
528 1776 617 1808 est:
661 1766 797 1808 valeo.
858 1765 972 1807 Cum
1015 1765 1266 1822 reipublicae
1302 1765 1368 1806 vel
1409 1764 1547 1807 salute

92 1821 159 1863 vel
183 1822 364 1864 victoria
388 1823 651 1879 gaudemus:
685 1833 777 1864 tum
810 1823 1123 1864 instauratione
1152 1832 1321 1863 tuarum
1352 1822 1544 1875 laudum,

89 1879 208 1934 quod
242 1881 460 1921 maximus
492 1880 728 1922 consularis
760 1881 1001 1921 maximum
1035 1880 1257 1920 consulem
1291 1889 1333 1920 te
1362 1881 1456 1935 ipse
1479 1879 1542 1920 vi-

91 1936 206 1987 cisti,
239 1945 283 1977 et
320 1937 531 1988 laetamur,
564 1948 608 1978 et
644 1938 786 1978 miraii
823 1937 925 1978 satis
963 1951 1048 1977 non
1088 1951 1331 1992 possumus.
1393 1935 1542 1978 Fatale

90 1992 238 2034 nescio
259 1993 363 2049 quid
398 2002 484 2035 tuae
508 1994 658 2035 virtuti
692 1995 872 2045 datum;
904 1994 946 2026 26
960 1994 1089 2048 idque
1111 2007 1227 2049 saepe
1252 1993 1346 2048 jam
1369 1993 1540 2048 experti

90 2063 254 2091 sumus.
316 2049 394 2091 Est
426 2051 542 2091 enim
577 2061 652 2092 tua
686 2061 789 2107 toga
821 2050 1017 2091 omnium
1051 2065 1180 2091 almis
1216 2049 1407 2091 felicior:
1440 2064 1540 2105 quae

89 2119 210 2152 nunc
244 2121 417 2163 quoque
457 2108 583 2148 nobis
626 2122 751 2164 paene
794 2108 953 2148 victim
995 2107 1306 2163 rempublicam
1350 2121 1406 2147 ex
1447 2121 1536 2147 ma-

88 2163 219 2205 nibus
254 2164 443 2205 hostium
476 2165 636 2219 eripuit
674 2180 724 2206 ac
765 2165 966 2205 reddidit.
1030 2164 1160 2205 Nune
1201 2177 1306 2219 eigo
1343 2164 1538 2204 vivemus

88 2218 239 2262 liberi:
271 2235 386 2262 nunc
420 2230 485 2286 te,
498 2222 693 2262 omnium
727 2221 918 2262 maxime
950 2221 1073 2272 civis,
1095 2230 1138 2262 et
1165 2220 1271 2261 mihi
1301 2221 1536 2272 carissime,

89 2275 133 2318 id
165 2278 333 2333 27qu0d
371 2278 573 2319 maximis
605 2277 863 2343 reipublicae
891 2279 1078 2319 tenebris
1111 2277 1389 2342 comperisti3
1420 2292 1537 2318 nunc

88 2341 133 2374 te
152 2333 409 2376 habebimus
433 2343 586 2376 testem
615 2335 767 2386 nostri,
789 2344 833 2376 et
854 2335 898 2376 in
922 2344 978 2386 te,
1000 2345 1043 2376 et
1065 2335 1107 2375 in
1130 2335 1534 2389 conjunctissimam

89 2391 171 2432 tibi
205 2392 514 2447 rempublicam
548 2393 732 2434 amoris:
765 2400 823 2443 et,
844 2405 942 2446 quae
966 2406 1081 2447 saepe
1105 2391 1323 2447 pollicitus
1344 2406 1403 2442 es,
1428 2401 1469 2431 te
1489 2399 1533 2430 et

87 2448 336 2499 taciturum,
359 2449 461 2490 dum
495 2451 765 2500 serviremus,
789 2459 832 2489 et
864 2449 1081 2490 dicturum
1114 2449 1167 2489 de
1201 2462 1269 2489 me
1302 2458 1409 2498 tum,
1431 2461 1532 2488 cum

85 2503 445 2562 &hii-profutura-
460 2515 627 2550 essent:
659 2521 780 2548 nunc.
805 2504 878 2546 illa
908 2519 997 2547 non
1024 2520 1106 2562 ego
1127 2505 1304 2561 quidem
1326 2504 1413 2545 dici
1437 2514 1529 2544 tan-

104 2645 166 2677 *26
186 2645 285 2684 idque
303 2643 346 2684 ω]
377 2646 432 2677 Sic
454 2644 520 2678 Ms.
543 2654 636 2679 meus
657 2649 693 2676 et
714 2645 782 2676 alii.
825 2654 952 2677 omnes.
976 2643 1169 2685 Legendum
1187 2649 1239 2675 est
1253 2656 1260 2674 :
1276 2642 1362 2684 quod
1373 2643 1531 2674 maximis

79 2688 163 2719 item
178 2686 261 2720 edd.
275 2685 376 2720 Rom.
400 2687 485 2720 ven.
512 2689 603 2722 1469.
633 2690 727 2721 1471.
749 2694 784 2718 at
826 2688 908 2727 reip.
923 2689 1064 2721 tenebris
1079 2696 1182 2726 comp.
1218 2687 1271 2717 Sic
1287 2690 1321 2715 et
1336 2685 1466 2717 Graevio
1481 2686 1529 2715 vi-

84 2729 174 2761 Med.
197 2728 346 2769 iol-quod,
361 2734 400 2761 ut
413 2729 581 2761 Victorius
603 2728 722 2763 edidit.
741 2729 782 2760 il-
825 2729 976 2761 debatur.
1022 2729 1109 2760 Eam
1136 2731 1360 2767 conjecturam
1374 2727 1529 2767 *vulgatae

81 2771 139 2802 lud
155 2770 284 2807 melium,
299 2772 509 2810 restituitque
521 2777 557 2805 et
571 2771 732 2805 Gravius.
825 2771 976 2809 lectioni,
992 2780 1068 2811 quae
1083 2770 1202 2810 etipsa
1223 2780 1241 2800 e
1260 2771 1452 2810 conjectura
1465 2775 1529 2806 est,

133 2817 172 2847 27
210 2813 317 2853 quod·>
335 2814 497 2847 maxima
523 2816 606 2853 reip.
645 2814 786 2844 tenebris
826 2813 974 2854 praetuli.

77 2855 197 2897 comp]
216 2853 320 2891 valde
334 2855 443 2888 vitiosi
465 2856 501 2886 in
523 2854 557 2887 h.
575 2855 599 2887 1.
614 2860 695 2888 sunt
710 2855 785 2886 libri
