1817 3196
369 101 451 141 AD
476 95 598 138 SER.
623 92 967 142 SULPICIUM,
993 91 1068 135 ΕΤ
1094 94 1366 144 CETEROS.
1531 96 1586 146 By

149 201 278 257 facio,
299 212 347 247 tu
368 217 540 260 quoque
567 201 758 244 animum
789 200 993 244 inducasae
1026 200 1060 242 si
1082 200 1138 242 sit
1158 199 1300 256 aliqua
1327 203 1583 257 respublica,

148 260 194 302 in
214 275 266 302 ea
284 270 328 303 te
355 275 446 302 esse
475 268 687 316 oportere,
702 258 872 314 judicio
906 257 1131 299 hominum
1165 269 1295 312 reque
1330 258 1583 314 principem,

145 318 400 360 necessitate
421 317 644 358 cedentem
668 315 877 371 temporit
902 315 966 357 sin
989 324 1132 356 autem
1153 313 1270 355 nulla
1291 314 1361 366 sit,
1382 314 1497 357 hunc
1521 326 1584 357 ta-

143 388 243 416 men
265 374 535 430 aptissimum
555 387 647 414 esse
668 373 798 414 etiarn
821 371 873 414 ad
895 371 1177 414 exsulandum
1200 371 1357 413 locum.
1400 372 1445 413 Si
1467 374 1582 415 enim

142 430 383 473 libertatem
417 431 659 486 sequimur:
691 430 764 486 qui
802 429 920 471 locus
958 429 1042 470 hoc
1079 428 1300 470 dominatu
1335 432 1486 471 vacat?
1517 431 1582 471 sin

143 488 498 543 qualemcumque
530 486 688 538 locum,
709 501 806 543 quae
836 496 901 528 est
922 486 1159 528 domestica
1190 485 1288 527 sede
1315 485 1582 541 jucundior?

141 544 228 586 Sed
263 544 369 586 mihi
410 543 549 595 crede,
587 544 715 585 etiam
757 545 807 595 is,
842 544 917 598 qui
955 544 1101 584 omnia
1139 552 1269 594 tenet,
1306 543 1422 585 favet
1461 543 1583 600 inge-

139 601 251 643 niis:
284 601 554 642 nobilitatem
580 616 679 644 vero
710 610 753 642 et
780 601 1013 657 dignitates
1048 600 1287 651 hominum,
1310 609 1519 655 quantum
1541 602 1582 643 ei

138 671 205 701 res
226 667 270 699 et
291 658 425 714 ipsius
447 673 575 700 causa
595 658 809 709 concedit,
832 657 1119 713 amplectitur.
1181 656 1265 698 Sed
1294 657 1429 713 plura,
1450 671 1581 714 quam

136 722 386 756 statueram.
448 715 597 757 Redeo
627 729 731 772 ergo
754 715 807 756 ad
830 729 962 756 unum
985 713 1104 765 iilud,
1127 727 1195 754 me
1217 722 1338 754 tuum
1361 729 1466 766 esse,
1489 714 1581 756 fore

133 785 235 812 cum
268 773 366 824 tuis,
390 773 423 813 si
455 773 585 815 modo
615 780 741 814 erunt
772 772 859 814 tui:
893 772 925 812 si
957 772 1114 822 minus,
1137 785 1204 812 me
1237 780 1353 812 certe
1375 771 1417 812 in
1440 772 1581 813 omni-

134 828 216 869 bus
249 830 375 871 rebus
411 831 514 872 satis
553 838 712 872 nostrae
751 829 1051 885 conjunctioni
1089 827 1310 884 amorique
1349 827 1686 878 facturum.p.54.

135 884 256 927 Vale.
1592 890 1624 911 ἢ·

148 940 155 947 ’
652 942 1056 982 ARGUMENTUM.
1591 941 1619 981 9

129 1004 306 1047 Reditum
332 1008 372 1043 in
395 1007 559 1055 patriam
581 1006 761 1043 Marcello
788 1007 928 1049 suadet,
949 1005 1122 1055 refutatis
1148 1004 1313 1053 singulis,
1334 1017 1412 1053 quae
1438 1007 1579 1043 dissua-

182 1059 266 1095 dere
282 1059 508 1101 videbantur,
523 1061 727 1108 praesertim
746 1060 842 1107 quod
860 1070 923 1095 nec
941 1059 1050 1094 aliter
1065 1057 1397 1108 futurtcmficisset,
1416 1060 1447 1095 si
1472 1061 1579 1096 vicis·

180 1115 259 1147 sent
280 1111 511 1160 Pompeiani.

427 1177 496 1219 M.
515 1176 565 1219 T.
586 1177 638 1219 C.
673 1178 717 1219 S.
737 1176 794 1218 D.
828 1175 895 1217 M.
916 1174 1278 1218 MARCELLO.

133 1230 280 1286 ETSI
316 1244 543 1301 perpaucis
582 1256 682 1285 ante
717 1244 868 1285 diebus
901 1243 1101 1284 dederam
1136 1243 1192 1290 Q.
1217 1243 1371 1285 Mucio
1412 1244 1575 1288 litteras

127 1301 184 1344 ad
223 1310 266 1342 te
303 1302 496 1358 pluribus
530 1302 669 1342 verbis
709 1301 904 1358 scriptas,
935 1300 1093 1358 quibus
1127 1300 1455 1354 declaraveram,
1488 1318 1574 1359 quo

130 1366 173 1399 te
205 1358 349 1399 animo
383 1372 601 1401 censerem
633 1372 724 1400 esse
758 1368 972 1414 oportere,
1000 1366 1043 1398 et
1075 1357 1179 1413 quid
1214 1358 1293 1399 tibi
1327 1358 1574 1402 faciendum

124 1415 380 1460 arbitrarer:
415 1426 572 1468 tamen,
611 1430 710 1457 cum
748 1414 1031 1470 Theophilus,
1066 1413 1245 1457 libertus
1284 1425 1399 1467 tuus,
1442 1417 1573 1474 profi-

125 1473 371 1524 cisceretur,
393 1473 516 1529 cujus
544 1487 627 1529 ego
657 1472 786 1513 fidem
816 1486 918 1527 erga
950 1480 992 1512 te
1022 1471 1446 1528 benivolentiamque
1476 1489 1573 1531 per.

124 1543 370 1585 spexeram,
393 1531 485 1571 sine
514 1531 621 1571 meis
654 1529 808 1570 litteris
836 1543 933 1569 eum
967 1528 1021 1569 ad
1055 1538 1096 1569 te
1130 1530 1275 1570 venire
1309 1530 1441 1572 nolui.
1489 1530 1572 1573 Iis-

125 1586 223 1631 dem
248 1587 381 1643 igitur
403 1597 445 1628 te
467 1588 593 1628 rebus
614 1587 744 1627 etiam
768 1596 897 1640 atque
917 1586 1045 1626 etiam
1078 1585 1242 1637 hortor,
1263 1587 1420 1642 quibus
1445 1602 1570 1645 supe-

125 1643 312 1688 rioribus
342 1643 496 1685 litteris
528 1644 722 1684 hortatus
754 1657 873 1685 sum:
905 1644 946 1673 30
960 1652 1007 1683 ut
1037 1643 1080 1683 in
1112 1657 1162 1683 ea
1191 1644 1427 1700 republica,
1449 1660 1569 1700 quae-

125 1714 311 1755 cumque
341 1710 420 1752 est,
441 1715 571 1756 quam
602 1701 789 1757 primum
811 1699 915 1740 velis
946 1713 1051 1740 esse.
1111 1699 1258 1741 'Multa
1284 1701 1447 1742 videbis
1479 1701 1568 1743 for-

125 1765 251 1808 tasse,
282 1772 378 1812 quae
409 1759 550 1810 nolis;
587 1771 674 1798 non
705 1757 827 1813 plura
857 1765 1016 1807 tamen,
1046 1771 1174 1812 quam
1205 1757 1326 1799 audis
1356 1759 1565 1814 quotidie.

126 1812 228 1856 Non
251 1823 316 1855 est
345 1829 472 1871 porro
500 1824 637 1864 tuum,
659 1817 695 1845 31
714 1828 798 1855 uno
821 1827 947 1854 sensu
969 1813 1106 1854 solum
1129 1815 1350 1856 oculorum
1373 1817 1564 1860 moveri:

124 1885 224 1912 cum
247 1872 360 1913 idem
388 1872 490 1914 illud
522 1872 695 1913 auribus
726 1871 953 1927 percipias,
974 1871 1090 1926 quod
1113 1872 1243 1912 etiam
1265 1873 1406 1930 majus
1429 1871 1565 1917 videri

126 1928 248 1980 solet,
270 1928 410 1969 minus
432 1929 639 1970 laborare.
698 1928 758 1969 At
791 1927 870 1968 tibi
901 1928 981 1984 ipsi
1015 1929 1244 1970 dicendum
1276 1930 1357 1970 erit
1386 1929 1565 1987 aliquid,

123 1986 242 2040 quod
262 1999 348 2026 non
371 1987 557 2037 sentias;
589 1994 664 2027 aut
689 1985 950 2037 faciendum,
972 1986 1087 2041 quod
1118 2000 1205 2027 non
1237 1988 1406 2042 probes,
1469 1988 1565 2030 Pri-

122 2055 240 2085 mum
264 2044 448 2099 tempori
475 2044 638 2094 cedere,
660 2043 704 2084 id
735 2052 814 2093 est,
834 2043 1081 2087 necessitati
1113 2057 1276 2099 parere,
1299 2058 1465 2101 semper
1495 2058 1561 2087 sa..

123 2099 281 2154 pientis
302 2110 368 2141 est
388 2101 600 2142 habitum.
623 2100 776 2141 deinde
803 2114 889 2141 non
910 2099 1057 2150 habet,
1080 2112 1128 2141 ut
1148 2115 1263 2142 nunc
1285 2102 1458 2158 quidem
1480 2114 1561 2155 est,

122 2156 167 2197 id
190 2157 284 2198 vitii
307 2171 385 2198 res.
445 2157 601 2199 Dicere
622 2157 817 2207 fortasse,
840 2171 936 2212 quae
960 2157 1132 2209 sentias,
1154 2173 1240 2198 non
1260 2158 1387 2200 licet:
1420 2168 1561 2202 tacere

121 2212 248 2269 plane
277 2214 392 2255 licet.
453 2214 614 2256 Omnia
642 2215 756 2255 enim
787 2213 927 2255 delata
948 2214 1002 2254 ad
1030 2229 1162 2256 unum
1185 2224 1298 2256 sunt.
1360 2215 1402 2256 Is
1424 2217 1560 2258 utitur

121 2270 318 2321 consilio,
351 2285 404 2312 ne
434 2285 607 2312 suorum
641 2271 830 2326 quidem,
869 2271 940 2311 sed
977 2285 1067 2313 suo.
1129 2270 1261 2319 Quod
1298 2288 1384 2313 non
1421 2274 1558 2316 multo

121 2341 243 2369 secus
265 2327 400 2380 fieret,
423 2329 457 2369 si
481 2329 515 2370 is
538 2328 849 2384 rempublicam
871 2338 1048 2379 teneret,
1070 2343 1197 2384 quem
1229 2330 1364 2371 secuti
1397 2344 1557 2373 sumus,

119 2383 207 2435 An,
237 2385 311 2441 qui
342 2385 386 2426 in
420 2385 543 2436 bello,
574 2400 671 2427 cum
703 2386 896 2426 omnium
927 2386 1123 2428 nostrum
1154 2388 1436 2443 conjunctum
1467 2402 1558 2429 esse

119 2441 358 2497 periculum
396 2457 472 2484 suo
504 2451 709 2492 cerneret,
740 2451 956 2483 certorum
985 2443 1211 2486 hominum
1243 2445 1420 2486 minime
1459 2458 1557 2501 pru-

119 2498 313 2540 dentium
350 2500 529 2541 consilio
569 2509 772 2550 uteretur,
802 2513 899 2540 eum
938 2501 1077 2557 magis
1107 2515 1381 2543 communem
1412 2515 1558 2543 cense-

119 2568 215 2596 mus
246 2557 290 2597 in
321 2557 502 2599 victoria
532 2557 725 2598 futurum
755 2556 903 2607 fuisse,
931 2572 1060 2613 quam
1091 2558 1264 2599 incertis
1295 2560 1420 2599 rebus
1452 2558 1559 2599 fuis-

123 2615 216 2654 set?
247 2622 303 2666 et,
335 2614 408 2670 qui
445 2628 540 2666 nec,
572 2624 613 2656 te
643 2614 832 2667 consule,
864 2623 986 2655 tuum
1023 2615 1385 2671 sapientissimum
1415 2617 1557 2657 consi-

163 2726 205 2756 30
224 2723 318 2756 ut'in
340 2737 378 2758 ea
399 2737 466 2768 rep.
482 2737 580 2767 quaec.
596 2727 720 2767 cuj-ea
740 2736 819 2757 sane
862 2728 928 2758 lum
950 2727 1079 2758 videtur
1100 2738 1167 2758 non
1188 2728 1271 2758 bene
1293 2728 1484 2761 redundare.
1508 2735 1557 2761 est

122 2762 240 2796 durum
255 2772 315 2798 est.
332 2779 407 2800 nam
433 2770 514 2800 nihil
537 2775 599 2807 est,
614 2779 678 2809 quo
701 2769 819 2800 refem-
860 2774 974 2800 tamen
983 2770 1069 2810 apud
1079 2770 1271 2801 Ciceronem
1282 2770 1461 2811 interdum,
1471 2781 1556 2806 unua

123 2809 192 2838 tur.
230 2808 366 2841 Videtur
380 2811 566 2842 delendum.
861 2814 946 2843 sotus
962 2813 1020 2844 ἃς.
1063 2812 1125 2843 Sed
1143 2812 1258 2843 melius
1275 2812 1426 2846 abfuerit.

164 2851 202 2880 31
228 2859 292 2881 uno
311 2860 405 2885 semu
425 2855 530 2885 solum
552 2853 734 2895 oculorum]
762 2851 821 2885 So-

802 2902 882 2939 04
