1817 3196
356 70 435 111 AD
461 69 571 110 SER.
599 69 900 114 SULPICIUM,
928 72 999 111 ET
1023 72 1272 113 CETEROS.
1476 76 1531 123 tr

100 187 187 228 qua
218 173 385 215 videtur
417 188 508 215 esse
539 174 804 226 deliberatio,
842 176 958 230 quod
988 175 1215 217 consilium
1247 177 1291 218 in
1322 177 1528 233 discessu,

103 246 199 286 quae
231 232 324 274 loca
353 245 591 286 sequamur.
653 231 843 273 Omnino
871 247 968 276 cum
993 234 1185 274 miserior
1208 247 1271 274 res
1294 248 1530 290 numquam

104 289 275 339 accidit,
306 298 398 328 tum
420 301 474 328 ne
495 288 745 329 deliberatio
766 289 938 343 quidem
970 289 1200 331 difficilior.
1264 291 1386 331 Nihil
1413 292 1530 334 enim

103 346 307 386 constitui
328 354 482 400 potest,
505 345 618 399 quod
641 359 727 386 non
750 346 937 387 incurrat
956 346 999 386 in
1021 361 1221 402 magnam
1240 347 1427 402 aliquam
1445 348 1532 389 dif-

103 399 352 442 ficultatem.
411 400 491 452 Tu,
516 401 549 441 si
574 402 801 453 videbitur,
824 403 884 444 ita
907 417 1059 444 censeo
1083 404 1229 454 facias,
1253 413 1313 454 ut,
1340 405 1373 445 si
1397 405 1529 446 habes

97 456 193 511 jam
216 468 435 508 statutum,
454 458 556 513 quid
582 458 659 499 tibi
682 459 894 515 agendum
917 469 1054 516 putes,
1077 461 1119 500 in
1141 475 1227 514 quo
1250 475 1334 501 non
1355 461 1410 502 sit
1425 476 1530 502 eon-

96 514 299 569 junctum
321 514 546 556 consilium
570 524 688 558 tuum
720 531 817 557 cum
850 531 958 567 meo,
993 517 1263 572 supersedeas
1295 518 1379 559 hoc
1408 518 1529 559 labo-

103 585 148 611 re
180 572 365 613 itineris:
398 571 460 612 sin
490 582 633 613 autem
663 583 742 623 est,
772 574 886 627 quod
918 587 1083 614 mecum
1117 575 1434 615 communicare
1458 589 1529 616 ve-

101 626 167 676 lis,
188 641 270 683 ego
293 639 334 669 te
355 630 631 684 exspectabo.
690 629 770 680 Tu,
793 630 906 684 quod
930 640 1004 671 tuo
1027 631 1254 671 commodo
1277 631 1366 681 fiat,
1398 645 1528 687 quam

101 683 288 780 plimum
311 685 436 782 νείΙῙίηΙι
459 686 618 738 venias,
641 686 752 728 sicut
773 686 964 728 intellexi
986 696 1029 728 et
1051 687 1199 729 Servio
1221 697 1264 728 et
1290 687 1529 730 Postumiae

104 754 133 796 p
152 755 287 783 acere.
388 757 411 782 a
429 756 465 783 e.

615 822 1014 860 ARGUMENTUM.

104 885 318 935 Sulpicium,
337 899 360 922 a
380 886 517 923 Caesare
534 886 682 922 Achaiae
695 891 779 934 post
797 888 909 922 aciem.
928 887 1180 923 Pharsalicam
1202 884 1427 935 praefectum‚
1448 898 1531 922 con-

155 939 306 979 solatur,
327 941 389 987 qui
407 940 565 975 dolorem
583 950 624 974 ex
643 939 851 974 calamitate
866 940 1070 986 reipublicae
1087 944 1240 988 ceperat.
1286 938 1435 987 Scripta
1448 943 1532 987 post

156 990 372 1039 Africanum
393 991 522 1027 bellum
542 991 715 1027 Caesaris:
744 996 828 1026 ante
845 990 1095 1038 Hispaniense.

388 1057 456 1099 M.
479 1057 530 1098 T.
556 1057 606 1099 C.
640 1057 768 1099 SER.
792 1057 1098 1109 SULPICIO,
1122 1058 1165 1099 S.
1190 1057 1248 1100 D.

106 1122 555 1176 VEHEMENTER
598 1145 640 1177 te
676 1150 766 1177 esse
798 1136 1042 1186 sollicitum,
1076 1148 1118 1176 et
1150 1137 1192 1177 in
1230 1137 1531 1178 communibus

104 1193 287 1234 miseriis
311 1194 528 1249 praecipuo
550 1193 737 1247 quodam
758 1192 903 1232 dolore
925 1194 1040 1247 angi,
1068 1193 1191 1233 multi
1216 1195 1267 1234 ad
1290 1209 1366 1234 nos
1389 1195 1533 1249 quoti-

107 1249 176 1290 die
206 1249 417 1290 deferunt.
479 1249 608 1295 Quod
642 1263 902 1304 quamquam
934 1250 1110 1289 minime
1141 1249 1286 1300 miror,
1317 1260 1361 1290 et
1390 1265 1534 1291 meum

105 1306 424 1361 quodammodo
457 1321 674 1362 agnosco:
713 1305 836 1347 doleo
872 1315 1029 1356 tamen,
1064 1315 1106 1346 te
1135 1306 1345 1362 sapientia
1378 1306 1535 1362 praedi-

109 1372 202 1403 tum
223 1377 356 1419 prope
378 1363 597 1418 singulari,
632 1377 717 1404 non
741 1364 824 1403 tuis
847 1363 971 1404 bonis
995 1361 1196 1404 delectari
1221 1364 1376 1419 potius,
1405 1377 1535 1418 quam

104 1419 252 1461 alienis
285 1419 406 1461 malis
438 1421 644 1461 laborare.
706 1419 784 1460 Me
806 1420 994 1475 quidem,
1019 1421 1098 1461 etsi
1132 1421 1294 1461 nemini
1327 1420 1536 1471 concedo,

105 1477 180 1531 qui
213 1477 419 1533 majorem
451 1491 505 1518 ex
543 1477 730 1532 pernicie
767 1486 810 1517 et
852 1486 969 1532 peste
1009 1477 1258 1532 reipublicae
1296 1478 1538 1519 molestiam

107 1534 306 1575 traxerit:
347 1543 490 1575 tamen
523 1534 657 1574 multa
683 1533 776 1588 jam
809 1533 1098 1585 consolantur,
1130 1535 1404 1589 maximeque
1433 1548 1538 1574 con-

108 1590 287 1631 scientia
327 1591 602 1632 consiliorum
644 1604 851 1632 meorum.
913 1590 1059 1631 Multo
1099 1592 1214 1631 enim
1264 1600 1377 1641 ante,
1427 1599 1537 1631 tam-

107 1661 238 1703 quam
270 1661 325 1688 ex
355 1647 498 1703 aliqua
529 1647 715 1703 specula,
749 1648 952 1703 prospexi
985 1656 1284 1703 tempestatem
1323 1647 1534 1689 futuram:

110 1718 249 1759 neque
271 1704 314 1745 id
343 1703 479 1746 solum
509 1719 605 1745 mea
634 1714 801 1761 sponte,
831 1705 903 1744 sed
930 1705 1066 1745 multo
1095 1706 1225 1745 etiam
1260 1705 1413 1759 magis,
1446 1718 1539 1744 mo-

108 1771 238 1802 nente
259 1770 302 1802 et
322 1761 604 1803 denuntiante
625 1771 681 1803 te.
743 1760 835 1802 Etsi
867 1762 980 1802 enim
1002 1761 1122 1802 abfui
1148 1776 1348 1817 magnam
1372 1770 1539 1817 partem

110 1818 355 1860 consulatus
390 1819 484 1860 tui:
514 1827 656 1860 tamen
687 1827 731 1859 et
760 1819 911 1859 absens
945 1819 1276 1874 cognoscebam,
1308 1833 1404 1873 quae
1428 1826 1540 1858 esset

110 1883 184 1916 tua
205 1876 248 1916 in
270 1876 351 1917 hoc
374 1874 576 1931 pestifero
600 1875 710 1917 bello
733 1876 922 1917 cavendo
944 1884 986 1917 et
1010 1875 1283 1931 praedicendo
1312 1874 1538 1925 sententia,
1552 1902 1584 1933 b.

110 1942 154 1973 et
175 1933 267 1988 ipse
288 1933 389 1975 affui
421 1933 568 1989 primis
591 1934 857 1989 temporibus
881 1933 943 1974 tui
966 1933 1226 1983 consulatus,
1249 1947 1346 1973 cum
1366 1945 1542 1972 accura-

110 1990 274 2031 tissime
292 1990 496 2031 monuisti
520 2000 728 2042 senatum,
751 1990 941 2031 collectis
963 1990 1164 2030 omnibus
1186 1989 1306 2030 bellis
1325 1988 1541 2039 civilibus,

114 2056 164 2088 ut
196 2056 239 2088 et
270 2047 342 2089 illa
370 2047 586 2098 timerent,
616 2062 714 2103 quae
745 2048 1055 2097 meminissent,
1087 2056 1129 2086 et
1151 2046 1322 2096 scirent,
1352 2060 1450 2086 cum
1473 2059 1544 2086 su-

112 2105 314 2159 perioreS,
336 2104 452 2145 nullo
474 2104 548 2145 tali
567 2104 766 2160 exemplo
788 2114 921 2158 antea
936 2104 979 2144 in
1001 2102 1221 2159 republica
1242 2103 1435 2159 cognito,
1454 2110 1544 2144 tam

113 2161 302 2202 crudeles
334 2160 528 2211 fuissent,
561 2162 821 2216 quicumque
851 2170 1001 2217 postea
1030 2159 1340 2215 rempublicam
1368 2172 1546 2214 oppres·
1570 2205 1575 2209 ,

113 2218 236 2258 sisset
265 2219 408 2268 armis,
438 2218 573 2258 multo
596 2217 974 2259 intolerabiliorem
998 2217 1205 2258 futurum.
1266 2216 1397 2266 Nam,
1427 2215 1562 2270 quod}

112 2274 312 2331 exemplo
345 2275 408 2325 fit,
438 2275 480 2315 id
512 2275 642 2316 etiam
666 2275 765 2329 jure
795 2274 887 2316 fieri
919 2283 1097 2330 putant:
1129 2273 1204 2315 sed.
1233 2273 1393 2329 aliquid
1415 2283 1545 2328 atque

112 2331 220 2373 adeo
252 2332 388 2373 multa
419 2332 583 2372 addunt
609 2342 653 2372 et
681 2330 866 2372 afferunt
891 2332 944 2373 de
972 2346 1064 2372 suo.
1126 2331 1271 2377 Quare
1300 2330 1546 2371 meminisse

116 2389 260 2440 debes,
291 2404 380 2440 eos,
412 2389 485 2443 qui
519 2388 821 2430 auctoritatem
851 2398 895 2430 et
925 2388 1152 2431 consilium
1184 2397 1306 2428 tuum
1336 2401 1421 2428 non
1445 2396 1546 2427 sunt

117 2447 268 2497 secuti,
290 2461 366 2487 sua
386 2446 568 2487 stultitia
590 2445 820 2497 occidisse;
850 2461 950 2488 cum
979 2455 1053 2490 tua
1079 2444 1308 2501 prudentia
1329 2444 1431 2485 salvi
1454 2457 1544 2484 esse

113 2504 369 2559 potuissent.
430 2502 585 2545 Dices:
621 2503 738 2550 Quid
767 2517 837 2544 me
867 2503 949 2545 ista
978 2517 1042 2544 res
1072 2500 1318 2543 consolatur
1348 2502 1390 2541 in
1414 2500 1544 2541 tantis

116 2561 303 2602 tenebris
322 2571 365 2601 et
382 2560 503 2616 quasi
519 2560 740 2616 parietinis
758 2560 1036 2617 reipublicae?
1060 2558 1136 2601 Est
1152 2558 1329 2608 omnino
1347 2557 1420 2597 vix
1439 2570 1544 2597 con-

119 2616 306 2658 solabilis
328 2617 473 2659 dolor:
507 2626 626 2658 tanta
646 2626 711 2658 est
732 2618 924 2658 omnium
947 2631 1088 2658 rerum
1119 2615 1306 2665 amissio,
1328 2622 1371 2655 et
1393 2614 1544 2669 despe-

116 2674 225 2716 ratio
259 2674 563 2729 recuperandi?
595 2674 666 2715 sed
690 2684 833 2715 tamen
855 2683 898 2715 et
920 2673 1067 2715 Caesar
1089 2673 1179 2729 ipse
1201 2672 1262 2713 ita
1282 2671 1335 2712 de
1356 2679 1398 2710 te
1422 2669 1544 2725 judi-

117 2738 200 2782 cat,
221 2740 264 2772 et
282 2745 428 2772 omnes
450 2731 564 2772 cives
587 2731 647 2773 sic
664 2731 938 2773 existimant:
962 2730 1082 2786 quasi
1098 2730 1242 2771 lumen
1261 2727 1448 2782 aliquod,
1466 2740 1543 2768 ex-

118 2786 285 2832 stinctis
303 2788 469 2842 ceteris,
487 2787 653 2836 elucere
671 2788 958 2841 sanctitatem,
975 2796 1019 2832 et
1037 2785 1324 2845 prudentiam,
1340 2791 1384 2827 et
1400 2782 1544 2841 digni-
