1817 3196
212 79 284 114 122
569 76 743 115 EPIST.
773 77 961 116 LIBER
985 77 1252 119 QUINTUS

211 179 435 221 videbatur
456 194 562 231 esse,
584 182 618 222 si
641 182 769 223 modo
788 190 893 232 erat,
917 181 1057 223 fratris
1081 182 1159 232 tui,
1177 191 1221 222 et
1241 179 1384 222 Tullii.
1436 180 1518 223 Sed
1541 195 1638 226 cum

210 237 253 277 id
286 237 444 293 corrigi
479 252 563 278 non
599 249 756 293 posset,
784 239 914 293 quod,
948 238 1040 293 jam
1073 239 1278 294 depositis
1311 238 1563 288 rationibus,
1584 253 1639 281 ex

210 294 434 350 provincia
456 297 496 328 89
510 296 846 336 decesseramus:
879 296 1005 336 credo
1028 310 1096 337 me
1113 296 1285 350 quidem
1311 295 1388 335 tibi
1411 309 1487 350 pro
1509 295 1639 337 animi

210 365 295 391 mer
322 350 553 400 voluntate,
577 366 738 407 proque
770 367 819 392 ea
853 366 926 407 spe
956 351 1223 403 facultatum,
1245 366 1373 407 quain
1398 361 1487 394 tum
1513 352 1642 393 habe-

215 408 382 457 bamus,
405 423 531 462 quam
558 408 864 448 humanissime
885 409 1113 463 potuerim,
1135 410 1413 464 rescripsisse.
1466 409 1547 450 Sed
1571 422 1646 449 ne-

213 478 296 518 que
318 475 408 504 tum
432 478 500 504 nie
519 465 787 504 humanitate
807 464 1043 505 litterarum
1062 480 1251 506 mearum
1265 465 1504 521 obligatum
1523 476 1643 522 puto,

213 535 352 576 neque
376 530 492 561 tuam
529 521 656 561 hodie
691 520 916 575 epistolam
938 520 991 561 de
1014 520 1111 562 H-S
1134 532 1304 563 centum
1329 523 1388 563 sic
1410 523 1639 578 accepisse,

213 587 262 618 ut
283 579 311 618 ii
335 578 569 633 accipiunt,
592 581 632 611 90
646 578 802 632 quibus
834 578 1028 633 epistolae
1061 591 1134 633 per
1160 578 1255 619 haec
1288 589 1481 635 tempora
1511 579 1643 619 mole-

213 643 291 675 stae
314 644 428 674 sunt.
460 634 595 674 Simul
620 634 720 675 illud
740 634 931 689 cogitare
953 635 1097 685 debes,
1115 649 1182 675 me
1203 649 1373 676 omnem
1399 637 1641 692 pecuniam,

212 705 308 745 quae
342 691 395 731 ad
419 705 486 731 me
520 691 646 731 salvis
679 691 846 747 legibus
881 692 1158 747 pervenisset,
1183 690 1341 747 Ephesi
1364 693 1476 748 apud
1500 693 1640 749 publi-

213 762 343 788 canos
376 748 644 803 deposuisse:
677 747 719 788 id
754 747 884 788 fuisse
908 748 1005 789 H-S
1028 762 1139 790 xxxi
1164 748 1320 790 millia:
1352 763 1445 789 eam
1470 764 1644 790 omnem

212 805 438 860 pecuniam
476 804 732 859 Pompeium
754 805 1003 846 abstulisse:
1035 805 1149 860 quod
1171 819 1254 861 ego
1276 805 1364 846 sive
1397 820 1522 860 aequo
1553 806 1644 846 ani-

211 875 299 912 mo,
321 861 410 900 sive
429 860 578 915 iniquo
600 860 706 910 fero,
742 869 788 902 tu
813 861 865 901 de
890 861 987 902 H-S
1009 873 1183 903 centum
1206 876 1332 916 aequo
1357 862 1501 902 animo
1535 861 1643 903 ferre

210 917 355 966 debes,
377 927 421 957 et
441 920 478 951 91
498 918 759 968 existimare,
781 921 880 959 92eo
904 919 1043 959 minus
1073 919 1125 960 ad
1160 929 1216 969 te,
1251 918 1315 959 vel
1347 919 1399 959 de
1421 919 1505 959 tuis
1527 919 1645 959 ciba-

209 973 298 1025 riis,
323 974 386 1014 vel
408 974 460 1014 de
482 988 576 1014 mea
598 974 851 1015 liberalitate
875 976 1130 1030 pervenisse.
1189 978 1230 1010 93
1245 975 1411 1022 Quodsi
1444 975 1548 1016 mihi
1567 988 1646 1016 ex-

209 1045 342 1086 pensa
365 1032 445 1073 ista
470 1030 566 1071 H-s
589 1039 763 1072 centum
797 1031 979 1081 tulisses,
1011 1041 1168 1082 tamen,
1201 1045 1298 1086 quae
1323 1042 1396 1073 tua
1417 1041 1481 1072 est
1503 1032 1644 1074 suavi-

211 1098 290 1138 tas,
312 1089 470 1143 quique
495 1089 536 1129 in
560 1102 627 1129 me
649 1102 782 1140 amor,
806 1088 936 1129 nolles
969 1104 994 1129 a
1026 1103 1093 1129 me
1128 1088 1212 1130 hoc
1244 1098 1436 1145 tempore
1457 1089 1646 1131 aestima-

209 1145 372 1186 tionem
406 1146 615 1200 accipere.
652 1159 748 1185 nam
788 1155 1056 1187 numeratum
1100 1145 1134 1186 si
1168 1159 1384 1201 cuperem,
1422 1159 1507 1186 non
1539 1154 1645 1186 erat.

211 1201 294 1243 Sed
317 1201 399 1243 hoe
415 1202 612 1257 jocatum
636 1216 704 1242 me
727 1205 893 1257 putato,
918 1212 965 1243 ut
996 1217 1078 1258 ego
1110 1212 1152 1243 te
1183 1203 1401 1243 existimo.
1463 1201 1558 1258 Ego
1581 1211 1645 1243 ta-

208 1273 322 1310 men,
344 1274 442 1299 cum
466 1258 629 1300 Tullius
653 1273 747 1299 rure
769 1259 956 1310 redierit,
979 1261 1149 1301 mittam
1182 1273 1281 1300 eum
1305 1260 1357 1300 ad
1390 1268 1445 1310 te,
1476 1260 1510 1300 si
1538 1258 1642 1314 quid

206 1316 258 1356 ad
283 1330 370 1356 rein
395 1317 566 1371 putabis
590 1316 816 1371 pertinere.
879 1316 1007 1358 Hauc
1039 1316 1265 1372 epistolam
1297 1330 1372 1357 cur
1392 1330 1479 1358 non
1502 1315 1638 1361 scindi

207 1373 349 1424 velim,
372 1388 501 1414 causa
523 1373 637 1414 nulla
657 1382 735 1414 est.
796 1373 916 1414 Vale.

136 1468 162 1503 2
172 1468 186 1502 1
722 1461 1026 1498 ARGUMENT
1032 1461 1124 1498 UM.

208 1524 384 1561 Mescinio
405 1522 517 1571 Ruso,
535 1525 592 1559 sui
610 1525 755 1560 videndi
782 1525 923 1572 cupido,
953 1528 1080 1560 medua
1104 1536 1142 1560 se
1160 1525 1273 1560 teneri
1292 1525 1493 1572 cupiditate
1505 1523 1643 1571 signifi-

259 1581 319 1613 cat
330 1591 343 1617 ;
373 1587 523 1623 eumque
551 1575 731 1616 hortatur,
752 1581 793 1612 ut
822 1581 1022 1624 temporum
1040 1577 1272 1612 acerbitatem
1292 1575 1499 1612 litterarum
1515 1576 1646 1613 studiis

259 1633 293 1665 et
311 1630 455 1677 optimae
473 1629 698 1664 conscientia?
714 1630 964 1665 recordatione
981 1630 1137 1675 mitiget.

521 1694 588 1735 M.
608 1694 659 1736 T.
684 1695 735 1737 C.
768 1696 812 1737 S.
839 1695 896 1737 D.
931 1696 979 1737 L.
1005 1694 1331 1737 MESCINIO.

211 1750 451 1805 GRATAE
474 1763 579 1803 mihi
615 1772 700 1805 tuae
737 1763 890 1805 litterae
920 1763 1118 1815 fueruut;
1148 1777 1203 1804 ex
1241 1763 1398 1817 quibus
1432 1761 1641 1813 intellexi,

96 1821 325 1875 inv-quod
355 1821 486 1861 etiam
520 1821 610 1861 sine
647 1820 799 1862 litteris
833 1820 1085 1871 arbitrabar,
1117 1830 1159 1861 te
1195 1834 1361 1862 summa
1403 1819 1643 1875 cupiditate

167 1874 197 1893 δ’
211 1877 415 1918 affectum
437 1891 527 1918 esse
549 1877 719 1918 vivendi
750 1878 860 1919 mei:
892 1878 1006 1933 quod
1037 1891 1119 1933 ego
1153 1877 1213 1918 ita
1242 1876 1424 1918 libenter
1457 1875 1641 1933 accipio,

210 1944 257 1976 ut
279 1944 421 1976 tamen
446 1935 523 1975 tibi
549 1949 634 1974 non
656 1935 906 1976 concedam.
929 1949 1025 1975 nam
1053 1944 1193 1975 tecum
1216 1947 1321 1985 esse,
1344 1934 1404 1974 ita
1425 1932 1531 1974 mihi
1549 1947 1643 1974 om-

207 1993 293 2044 nia,
330 2006 427 2046 quae
470 1999 590 2048 opto,
627 1993 898 2048 contingant,
937 2001 983 2033 ut
1022 1991 1295 2033 vehementer
1326 1989 1467 2032 velim.
1526 1992 1569 2024 94
1584 1989 1644 2032 Ut

246 2146 286 2178 89
321 2140 570 2180 decesseramus]
615 2141 667 2171 Sic
703 2142 900 2172 correximus
943 2151 960 2171 e
977 2141 1103 2171 cibariis
1119 2141 1177 2172 διο.
1197 2144 1230 2171 te
1253 2141 1417 2171 lucratum
1441 2150 1521 2179 esse,
1539 2149 1642 2181 quan-

203 2186 372 2225 vulgatum
401 2185 600 2215 decessimus.
634 2192 710 2213 nam
747 2184 901 2224 praeeedit
944 2188 1017 2213 tum
1034 2188 1072 2212 tu
1088 2184 1121 2214 in
1136 2193 1174 2213 ea
1188 2193 1222 2213 re
1238 2182 1416 2223 perdidisti.

198 2232 313 2269 posset.
329 2228 390 2257 nisi
413 2228 476 2258 hoc
500 2225 593 2255 malis
614 2226 775 2266 corrigere
791 2227 901 2265 possis.
986 2227 1027 2258 93
1050 2225 1174 2266 ‚Quodsi
1188 2226 1269 2255 milti
1289 2234 1359 2264 exss-
1375 2224 1514 2264 tulisses]
1539 2234 1584 2255 sc.
1606 2225 1641 2256 in

205 2271 268 2301 Sed
280 2274 329 2300 est
344 2279 449 2300 sermo
466 2268 504 2298 de
521 2277 567 2303 re,
582 2277 679 2307 super
699 2278 764 2306 qua
784 2269 811 2298 ei
829 2269 901 2307 jam
945 2268 1126 2298 rationibus
1139 2268 1204 2298 tuis
1220 2267 1366 2308 privatiS‚
1382 2266 1414 2297 h.
1431 2278 1460 2297 e.
1475 2266 1557 2298 mihi
1571 2276 1642 2298 cre-

205 2314 378 2352 scripserat
393 2310 533 2351 acceptis
556 2309 659 2340 literis
677 2309 808 2349 Myrina
824 2311 901 2339 mis-
943 2309 1086 2340 didisses.

205 2355 261 2392 sis,
287 2358 324 2384 ut
351 2357 441 2394 patet
465 2363 483 2383 e
508 2361 592 2391 seqq.
639 2351 700 2381 Ms.
725 2352 787 2381 Gu.
803 2358 836 2382 et
851 2352 901 2382 ed.
985 2354 1027 2385 94
1054 2351 1097 2382 Ut
1118 2351 1218 2392 enim]
1245 2350 1326 2383 Haec
1348 2354 1397 2381 est
1420 2350 1518 2380 lectio
1534 2349 1638 2381 Codd.

205 2397 294 2428 Med.
323 2395 444 2426 habent
473 2394 716 2424 decessissemus.
749 2393 831 2423 illud
854 2394 901 2424 la-
945 2393 1132 2430 meliorum,
1165 2394 1265 2424 etiarn
1293 2393 1370 2429 mei,
1394 2396 1428 2422 et
1453 2391 1525 2422 edd.
1550 2395 1641 2422 vete-

203 2439 306 2471 tinius
321 2443 382 2469 est.
943 2445 1014 2465 rum
1031 2436 1128 2466 Rom.
1147 2435 1237 2470 1469.
1257 2437 1345 2467 1471.
1365 2433 1452 2464 Med.
1469 2434 1529 2465 διο.
1573 2434 1636 2465 Sed

247 2485 288 2517 90
301 2480 413 2522 quibus
426 2480 514 2520 epist.
524 2487 560 2517 p.
578 2478 608 2507 h.
619 2481 643 2507 t.
656 2479 793 2507 molestoe
805 2477 896 2517 sunt]
942 2476 990 2508 ita
1004 2478 1093 2516 sequi
1107 2477 1244 2508 debebat
1258 2476 1344 2507 infra
1357 2477 1403 2506 sic
1416 2477 1473 2506 Ιιοο
1484 2480 1636 2515 tempore.

206 2525 226 2555 i.
241 2535 270 2555 e.
287 2523 341 2563 qui
356 2522 501 2562 epistolis
526 2519 691 2559 appellant
698 2529 736 2549 ur
750 2519 788 2549 de
803 2529 899 2559 peeu-
943 2528 1021 2549 nam
1036 2519 1114 2549 alias
1130 2528 1197 2550 non
1220 2518 1362 2548 cohaeret
1380 2518 1497 2547 oratio.
1512 2527 1549 2548 ea
1564 2527 1639 2548 cor-

204 2568 271 2603 nia,
285 2574 383 2605 quam
398 2563 530 2599 debent,
543 2571 602 2592 nec
613 2561 735 2591 solvere
748 2566 897 2602 possunt.
940 2561 1042 2591 rectio
1058 2571 1132 2591 curn
1149 2560 1257 2591 locum
1274 2569 1339 2590 non
1354 2559 1488 2590 haberet
1503 2564 1637 2600 propter

204 2610 239 2638 in
262 2619 325 2647 quo
344 2607 510 2648 proprium
535 2608 586 2634 est
610 2603 738 2633 Latinis
762 2603 897 2634 verbum
939 2602 1073 2633 verbum
1090 2613 1176 2639 vero,
1199 2611 1366 2632 correxere
1390 2601 1526 2632 Etenim
1535 2615 1546 2634 ,·
1568 2611 1634 2641 quo

205 2653 364 2681 molestus.
939 2644 1056 2674 alludit
1076 2645 1173 2675 lectio
1189 2643 1268 2674 Mss.
1298 2642 1377 2674 Pall.
1401 2647 1434 2673 et
1455 2643 1527 2673 edd.
1555 2652 1635 2682 qua-

243 2696 280 2726 91
306 2693 506 2727 existimare,
521 2700 555 2720 eo
570 2686 690 2725 minus]
715 2697 761 2723 eo,
777 2688 798 2717 i.
814 2697 843 2716 e.
858 2696 897 2716 ea
939 2686 1077 2717 tundam
1091 2691 1238 2717 veterum
1262 2685 1317 2716 Ita
1339 2686 1436 2715 enim.
1480 2685 1551 2724 Ego
1574 2689 1635 2715 ete-

202 2744 331 2766 summa
358 2734 413 2764 Hs
438 2737 584 2764 centum.
636 2729 698 2759 Sed
729 2738 794 2759 non
818 2729 897 2759 satis
939 2729 1008 2759 nim
1024 2728 1249 2769 praetulerim:
1274 2737 1350 2758 nam
1366 2728 1413 2758 ita
1429 2727 1541 2758 omnia
1555 2727 1637 2758 bene

202 2777 329 2819 placet:
353 2775 529 2806 desiderem
539 2773 665 2814 paullo.
821 2812 828 2818 ⁶
939 2771 1119 2804 cohaerent·

244 2821 285 2853 92
306 2829 339 2850 eo
354 2819 462 2849 minus
475 2817 520 2847 ad
532 2816 575 2857 te]
595 2815 614 2847 i.
630 2824 659 2845 e.
674 2816 770 2845 tanto
787 2821 894 2844 minus
