1903 3218
334 87 414 124 212
740 81 921 121 EPIST.
947 80 1133 120 LIBER
1157 79 1360 138 NQNUS

338 187 527 245 perirati,
564 186 683 242 quasi
722 186 957 242 quidquam
989 186 1042 227 de
1074 192 1219 227 nostra
1249 184 1384 226 salute
1417 183 1765 238 decrevissemus,

336 245 453 301 quod
479 258 567 285 non
596 244 708 285 idem
739 244 820 286 illis
843 243 1175 285 censuissemus:
1209 252 1283 284 aut
1310 240 1431 297 quasi
1455 240 1600 282 utilius
1623 241 1764 297 reipu-

338 301 464 344 blicae
496 300 640 352 fuerit,
668 316 740 342 eos
770 302 898 342 etiam
927 299 981 341 ad
1013 299 1245 342 bestiarum
1276 297 1482 340 auxilium
1513 297 1762 354 confugere,

341 373 472 414 quam
495 357 560 399 vel
580 357 730 407 emori,
753 357 818 398 vel
839 372 937 398 cum
970 371 1058 412 spe,
1091 356 1125 396 si
1156 370 1243 397 non
1263 356 1442 411 optima,
1463 363 1507 395 at
1529 354 1671 409 aliqua
1698 363 1762 395 ta-

342 429 441 456 men
475 416 630 456 vivere.
690 414 749 454 At
782 414 823 454 in
859 414 1106 468 perturbata
1142 412 1361 468 republica
1392 411 1588 452 vivimus.
1651 410 1762 457 Quis

342 475 501 528 negat?
525 471 606 512 Sed
629 470 712 510 hoc
735 470 918 510 viderint
940 470 984 519 ii,
1001 469 1072 523 qui
1097 467 1209 508 nulla
1231 469 1308 509 sibi
1333 468 1523 510 subsidia
1546 471 1580 501 ¹⁷
1595 467 1649 508 ad
1670 481 1763 509 om-

207 551 240 583 p.
262 542 418 576 129.nes
441 528 540 568 vitae
563 536 697 567 status
728 534 997 580 paraverunt.
1028 525 1112 565 huc
1133 525 1247 565 enim
1271 534 1317 565 ut
1340 525 1541 574 venirem,
1570 524 1763 580 superior

299 584 527 640 a-longius,
559 597 684 638 quam
711 583 840 631 volui,
871 581 1000 622 fluxit
1027 581 1179 622 oratio.
1240 579 1351 621 Cum
1381 581 1496 623 enim
1526 592 1566 621 te
1597 595 1763 637 semper

339 655 543 696 magnum
569 640 785 680 hominem
816 639 947 679 duxi:
981 647 1086 689 tum,
1119 637 1233 692 quod
1265 637 1330 678 his
1362 639 1687 694 tempestatibus
1718 652 1762 679 es

337 712 472 753 prope
494 695 607 737 solus
631 697 670 736 in
698 704 839 750 portu,
863 694 1112 749 fructusque
1133 694 1342 734 doctrinae
1367 695 1549 750 percipis
1571 709 1658 746 eos,
1688 695 1761 750 qui

337 754 514 794 maximi
550 761 662 802 sunt,
694 759 741 791 ut
772 765 822 791 ea
854 751 1111 801 consideres,
1141 764 1275 805 eaque
1305 759 1474 801 tractes,
1505 765 1688 805 quorum
1718 761 1762 792 et

338 825 435 850 usus
457 820 499 850 et
518 808 746 849 delectatio
768 816 831 848 est
853 808 1053 848 omnibus
1077 808 1255 848 istorum
1277 815 1320 848 et
1341 809 1446 847 actis
1465 816 1509 847 et
1531 807 1761 864 voluptati-

336 867 413 907 bus
448 864 762 920 anteponenda.
824 863 1036 920 Equidem
1065 863 1143 904 lios
1176 872 1272 904 tuos
1303 861 1640 904 Tusculanenses
1673 865 1762 906 dies

335 923 468 963 instar
499 936 590 962 esse
629 921 728 962 vitae
766 930 896 976 puto;
938 921 1203 976 libenterque
1240 920 1440 961 omnibus
1476 933 1624 961 omnes
1660 935 1764 976 opes

333 978 633 1028 concesserim,
657 986 704 1018 ut
725 977 832 1019 mihi
854 978 996 1029 liceat,
1018 978 1060 1019 vi
1084 977 1199 1019 nulla
1220 977 1534 1033 interpellante,
1564 978 1648 1019 isto
1670 991 1763 1018 mo-

333 1036 388 1076 do
413 1037 569 1076 vivere.
621 1035 752 1081 Quod
776 1048 852 1075 nos
874 1049 1046 1090 quoque
1068 1035 1301 1085 imitamur,
1324 1045 1372 1075 ut
1395 1048 1633 1090 possumuS‚
1654 1043 1697 1075 et
1719 1034 1762 1075 in

333 1092 490 1134 nostris
513 1091 664 1132 studiis
686 1092 971 1132 libentissime
991 1090 1351 1147 conquiescimus
1415 1091 1524 1138 Quis
1541 1091 1655 1132 enim
1679 1090 1762 1133 hoc

334 1164 419 1190 non
441 1148 605 1190 dederit
628 1149 767 1200 nobis,
786 1157 834 1189 ut
855 1163 951 1190 cum
975 1163 1108 1204 opera
1128 1158 1274 1190 nostra
1296 1148 1434 1205 patria
1452 1147 1541 1189 sive
1559 1162 1645 1189 non
1667 1162 1764 1203 pos-

333 1207 389 1246 sit
421 1206 499 1257 uti,
533 1205 623 1245 sive
655 1205 777 1254 nolit,
808 1206 860 1246 ad
892 1220 986 1246 eam
1011 1206 1147 1246 vitam
1179 1215 1455 1255 revertamur,
1477 1219 1608 1260 quam
1639 1204 1764 1246 multi

332 1263 448 1304 docti
473 1262 683 1312 homines,
706 1261 887 1303 fortasse
918 1276 1004 1303 non
1035 1271 1166 1313 recte,
1199 1263 1270 1303 sed
1303 1271 1444 1303 tamen
1479 1261 1602 1302 multi
1634 1262 1766 1303 etiam

333 1319 580 1376 reipublicae
613 1319 946 1374 praeponendam
982 1322 1267 1374 putaverunt?
1301 1319 1412 1366 Quae
1445 1319 1578 1374 igitur
1609 1318 1764 1370 studia,

331 1389 587 1432 magnorum
611 1375 834 1416 hominum
859 1376 1085 1426 sententia,
1110 1379 1146 1406 ¹8
1161 1376 1430 1417 vacationem
1452 1375 1615 1417 habent
1633 1376 1763 1417 etiam

331 1433 493 1489 publici
515 1431 718 1482 muneris,
750 1432 816 1483 iis,
847 1432 1112 1473 concedente
1142 1432 1376 1488 republica,
1407 1446 1482 1474 cur
1503 1447 1589 1473 non
1611 1433 1764 1474 abuta-

329 1492 453 1532 mur?
485 1489 568 1530 Sed
592 1488 685 1544 plus
707 1488 836 1539 facio,
858 1503 986 1544 quam
1011 1488 1219 1529 Caninius
1242 1490 1476 1530 mandavit.
1528 1488 1569 1529 Is
1591 1490 1704 1530 enim
1728 1489 1763 1530 si

330 1547 433 1602 quid
455 1560 537 1603 ego
561 1545 727 1596 scirem,
752 1555 938 1601 rogarat,
960 1545 1075 1600 quod
1099 1554 1145 1586 tu
1167 1546 1375 1588 nescires:
1398 1559 1480 1602 ego
1500 1545 1579 1587 tibi
1598 1560 1648 1586 ea
1668 1560 1765 1587 nar-

330 1618 393 1654 ro,
416 1618 513 1659 quae
534 1611 579 1644 tu
602 1601 754 1642 melius
777 1602 873 1650 scis,
895 1616 1022 1657 quam
1048 1602 1153 1658 ipse,
1176 1603 1248 1658 qui
1274 1617 1412 1644 uarro.
1465 1601 1637 1643 Faciam
1660 1616 1765 1658 ergo

333 1660 452 1712 illud,
483 1658 600 1715 quod
633 1667 808 1714 rogatus
840 1672 948 1709 sum,
988 1668 1034 1700 ut
1074 1672 1237 1710 eorum,
1268 1674 1366 1715 quae
1398 1659 1604 1715 temporis
1635 1659 1764 1716 hujus

332 1718 433 1769 sint,
459 1720 659 1772 ¹9quaeve
681 1715 871 1767 audiero,
892 1729 947 1756 ne
969 1715 1073 1771 quid
1096 1716 1282 1772 ignores,

291 1813 316 1853 7
845 1802 1249 1841 ARGUMENTUM.

329 1867 418 1904 Jam
443 1871 628 1904 maturum
654 1877 726 1902 esse
752 1867 818 1907 ait,
838 1870 879 1901 ut
906 1866 950 1902 ab
977 1866 1063 1902 urbe
1082 1867 1264 1911 discedam
1295 1870 1329 1901 et
1358 1867 1401 1903 (Ie
1419 1866 1570 1902 Caesarz's
1599 1879 1642 1904 ea:
1659 1867 1764 1919 Afri*

511 1932 601 1956 cano
620 1919 710 1955 bello
728 1919 910 1954 redeuntis
929 1919 1058 1954 itinere
1076 1919 1232 1954 diversos
1249 1930 1408 1954 rumores
1425 1921 1582 1956 nuntiat.

767 1983 1003 2026 CICERO
1035 1982 1340 2026 VARRONI.

330 2041 645 2095 CENABAM
677 2053 791 2108 apud
830 2053 992 2103 Seium,
1023 2067 1122 2093 cum
1157 2053 1326 2107 utrique
1357 2053 1552 2095 nostrum
1583 2053 1761 2097 redditae

331 2122 430 2152 sunt
452 2127 476 2152 a
499 2120 540 2151 te
561 2110 732 2151 litterae.
790 2109 906 2150 Mihi
932 2123 1030 2150 vero
1046 2108 1140 2164 jam
1164 2120 1377 2150 maturum
1397 2110 1579 2152 videtur.
1632 2111 1763 2164 Nam,

332 2172 372 2199 20
385 2168 500 2223 quod
531 2177 658 2208 antea
687 2166 970 2208 calumniatus
1001 2180 1110 2217 sum,
1136 2166 1338 2207 indicabo
1368 2167 1576 2209 malitiam
1608 2182 1763 2210 meam.

332 2224 543 2266 Volebam
566 2238 700 2279 prope
722 2224 879 2265 alicubi
902 2237 1006 2274 esse,
1030 2223 1063 2263 si
1096 2223 1199 2277 quid
1234 2224 1359 2265 bonae
1392 2223 1553 2276 salutis,
1575 2228 1630 2266 σύν
1657 2245 1692 2266 τε
1714 2227 1762 2267 δύ’

288 2283 499 2336 ι),ἐςχομὲνω.
533 2295 661 2331 nunc,
683 2295 815 2335 quum
840 2280 1039 2321 confecta
1066 2289 1166 2320 sunt
1187 2281 1345 2332 omnia,
1367 2281 1651 2322 dubitandum
1675 2296 1762 2323 non

331 2348 411 2389 est,
447 2337 552 2392 quin
583 2337 704 2393 equis
739 2337 855 2378 viris.
916 2337 1032 2379 Nam
1066 2346 1113 2378 ut
1146 2337 1290 2379 audivi
1330 2338 1383 2379 de
1414 2338 1474 2402 ·L.
1507 2337 1679 2380 Caesare
1712 2338 1757 2379 F.

372 2452 408 2484 17
422 2450 468 2480 ad
478 2460 584 2481 omnes
593 2450 667 2480 vitoe
677 2449 798 2489 status]
816 2449 1023 2481 Guilielmius
1113 2452 1149 2483 19
1184 2459 1292 2489 quoeve
1319 2449 1466 2489 audiero]
1505 2450 1557 2480 Sic
1584 2450 1761 2488 Victorius,

328 2493 473 2523 malebat
489 2502 594 2523 casus.
619 2501 684 2522 non
702 2491 798 2522 maile.
1066 2501 1162 2530 quem
1179 2497 1309 2522 secutus
1321 2498 1370 2522 est
1383 2492 1541 2528 Graevius,
1555 2501 1613 2532 pro
1628 2491 1761 2532 vulgato

372 2536 408 2565 18
432 2535 635 2564 vacationem
658 2534 775 2564 habent
801 2534 968 2573 quandam
989 2544 1024 2573 p.
1067 2543 1137 2573 quae
1154 2538 1212 2563 tua
1227 2534 1306 2563 aud.

326 2576 387 2615 vm]
406 2576 563 2615 Dantjus
580 2576 714 2606 vac-‘indi
728 2575 896 2615 apublicis
910 2586 1024 2606 mune—
1109 2579 1149 2605 20
1172 2576 1255 2613 quod
1275 2579 1373 2605 antea
1395 2579 1426 2605 te
1448 2576 1511 2605 cal.
1534 2575 1621 2614 sum]
1659 2575 1761 2607 Recte

324 2618 424 2648 ribuS.
468 2617 531 2648 Sed
551 2619 718 2657 quandam
741 2626 807 2647 non
831 2617 950 2657 placet.
974 2618 1020 2648 fa-
1064 2626 1139 2646 cum
1157 2616 1309 2646 Manutio
1326 2617 1471 2648 (ammius
1485 2615 1604 2648 delevit
1618 2621 1661 2653 te,
1675 2618 1762 2656 quod

324 2665 416 2690 ctum
432 2665 481 2690 est
499 2670 515 2690 e
533 2659 673 2690 lectione
693 2659 773 2689 Mss.
794 2665 828 2689 ct
851 2657 923 2689 edd.
941 2666 1021 2690 vett.
1064 2666 1097 2688 ct
1129 2659 1195 2698 ipse
1223 2659 1295 2689 feci.
1339 2661 1448 2690 Antea
1478 2658 1561 2689 falso
1597 2663 1761 2699 praetextu

325 2702 533 2741 eandemque,
549 2701 599 2731 rel
616 2701 761 2737 landem,
784 2706 822 2731 ut
843 2705 893 2730 est
916 2702 948 2731 in
973 2702 1021 2731 ed.
1066 2701 1247 2739 praesentiae
1263 2710 1345 2730 meze
1362 2703 1484 2732 utebar.
1530 2700 1582 2731 Sic
1605 2705 1682 2732 ante
1706 2711 1760 2732 ca-

326 2743 414 2773 Med.
428 2749 462 2773 ct
479 2744 557 2774 Μςε,
571 2743 774 2782 quibusdam.
787 2742 899 2773 eadem
914 2743 975 2773 Gu.
991 2746 1019 2773 2.
1065 2743 1253 2773 lumniabar
1267 2743 1348 2782 ipsc:
1364 2749 1460 2783 atquc
1473 2744 1542 2774 haec
1555 2748 1605 2774 est
1619 2744 1761 2775 malitia.

325 2785 472 2815 Groevius
495 2785 597 2816 edidit
622 2787 734 2821 etiam,
765 2795 841 2817 cum
869 2786 1023 2816 Manutio
1065 2794 1139 2815 mox
1156 2789 1189 2815 et
1204 2794 1267 2816 esse
1283 2795 1356 2815 cum
1372 2786 1485 2818 eodem
1503 2794 1561 2827 pro
1575 2790 1665 2817 esset.

327 2829 384 2857 dtu.
403 2827 486 2866 qnod
503 2832 632 2859 secutus
647 2838 732 2859 sum.
