1817 3196
328 109 408 150 AD
436 105 559 146 SER’.
587 101 929 147 SULPICIUM,
957 100 1034 144 ET
1059 99 1336 143 CETEROS.
1492 103 1542 146 91

114 212 453 254 combussimus:
485 217 718 268 posteaque
746 209 1006 260 curavimus,
1034 215 1082 249 ut
1106 207 1235 249 iidem
1258 206 1546 250 Athenienses

115 269 159 310 in
181 270 330 311 eodem
352 268 449 309 loco
470 275 798 309 monumentum
830 266 868 306 ei
899 279 1185 306 marmoreum
1215 263 1460 305 faciendum
1484 264 1546 304 lo·

113 335 273 368 carent.
335 324 416 376 Ita,
449 338 547 380 quae
585 333 732 365 nostra
763 322 908 364 officia
939 322 1128 372 fuerunt,
1161 335 1239 377 pro
1281 321 1464 376 collegio
1502 329 1548 361 et

115 382 450 438 propinquitate,
493 389 537 422 et
573 381 671 421 vivo
707 388 751 421 et
782 388 954 421 mortuo
993 379 1139 420 omnia
1175 378 1214 419 ei
1240 378 1597 434 'praestitiinus.b.

116 439 234 480 Vale.
268 439 325 481 D.
347 453 411 495 pr.
436 437 534 479 Kal.
556 436 661 479 Jun.
683 435 882 478 Athenis.

127 525 133 529 ¹
629 524 1034 564 ARGUMENTUM.
1566 521 1614 560 13

115 590 350 632 ,Exsulantem
370 590 562 637 Nigidium
584 591 804 631 consolatur,
824 593 999 636 quantum
1014 592 1134 636 potest
1162 589 1223 636 qui
1244 589 1278 623 in
1299 588 1422 633 eadem
1441 600 1551 624 causa

152 641 248 691 suit.
301 642 410 691 Spem
429 647 548 678 ίαηιεη
566 641 694 691 futuri
711 643 847 677 reditus
865 652 906 676 ex
924 642 1029 676 certis
1047 642 1159 688 signis
1177 637 1279 688 facit
1292 655 1304 675 .·
1334 640 1551 676 conditionis

159 695 328 742 pristina:
344 694 475 744 facere
500 707 572 730 non
596 698 728 742 potest.
785 693 941 740 Ideoque
967 697 1158 740 utramque
1175 690 1372 740 fortunam
1389 703 1432 727 ex
1449 704 1550 740 aequo

155 744 353 795 ferendam
371 747 552 782 hortatur.

323 812 392 855 M.
415 813 466 855 T.
490 812 542 855 C.
575 812 619 854 S.
645 811 702 854 D.
736 810 786 854 P.
811 810 1071 854 NIGIDIO
1096 810 1344 853 FIGULO.

119 867 474 930 QUAERENTI
499 879 604 921 mihi
621 879 806 935 jamdiu,
829 880 932 934 quid
955 879 1007 920 ad
1032 888 1073 919 te
1096 878 1366 934 potissimum
1391 877 1552 919 scribe-

115 950 227 978 rem:
260 952 346 979 non
368 938 497 978 modo
524 945 641 978 certa
664 951 727 978 res
750 937 877 987 nulla,
905 937 977 977 sed
1002 950 1053 976 ne
1075 950 1209 990 genus
1240 935 1412 990 quidem
1437 934 1553 976 litte-

117 1007 260 1044 rarum
284 995 487 1036 usitatum
511 994 712 1036 veniebat
742 994 783 1034 in
818 1003 1021 1034 mentem.
1087 993 1223 1033 Unam
1255 993 1370 1032 enim
1400 994 1553 1047 41par-

117 1058 204 1098 tem
226 1061 270 1091 et
291 1051 645 1092 consuetudinem
673 1065 819 1091 earum
840 1051 1132 1106 epistolarum,
1154 1050 1324 1104 quibus,
1348 1049 1546 1090 secundis

117 1107 260 1158 rebus,
282 1109 345 1149 uti
369 1108 625 1159 solebamus,
649 1117 818 1163 tempus
847 1108 1086 1163 eripuerat:
1121 1107 1441 1162 perfeceratque
1467 1105 1554 1146 for-

119 1172 238 1214 tuna,
269 1179 322 1205 ne
354 1165 458 1220 quid
490 1165 572 1205 tale
603 1165 788 1206 scribere
818 1179 1002 1220 possem,
1033 1173 1108 1203 aut
1138 1164 1315 1203 omnino
1347 1164 1555 1218 cogitare.

120 1219 462 1276 Relinquebatur
485 1223 605 1262 triste
625 1221 842 1276 quoddam
865 1231 908 1260 et
929 1221 1146 1270 miserum,
1179 1230 1223 1260 et
1253 1220 1319 1260 his
1352 1229 1434 1259 tem
1443 1220 1556 1275 pori-

120 1277 200 1329 bus
231 1287 565 1319 consentaneum
598 1292 732 1333 genus
762 1277 1020 1318 litterarum:
1054 1276 1097 1316 id
1128 1290 1301 1331 quoque
1326 1276 1558 1318 deficiebat

117 1347 212 1376 me:
245 1335 288 1375 in
311 1350 397 1390 quo
418 1335 603 1376 debebat
625 1349 716 1375 esse
737 1345 811 1376 aut
834 1333 1060 1390 promissio
1082 1333 1232 1374 auxilii
1256 1332 1452 1387 alicujus,
1482 1341 1559 1374 aut

119 1391 360 1433 consolatio
380 1392 539 1433 doloris
562 1392 639 1433 tui.
673 1392 803 1438 Quod
825 1391 1061 1447 pollicerer,
1085 1404 1170 1430 non
1192 1399 1298 1431 erat.
1329 1390 1420 1446 ipse
1438 1390 1557 1432 enim

120 1447 214 1503 pari
236 1448 410 1490 fortuna
430 1448 641 1504 abjectUS,
669 1449 848 1490 aliorum
879 1449 1035 1504 opibus
1059 1462 1181 1488 casus
1204 1461 1321 1487 meos
1345 1455 1559 1488 sustenta-

121 1505 238 1556 bam,
269 1506 511 1562 saepiusque
539 1505 646 1547 mihi
671 1506 872 1547 veniebat
900 1506 942 1545 in
972 1513 1157 1545 mentem
1183 1504 1318 1558 queri,
1349 1504 1465 1559 quod
1497 1505 1559 1546 ita

121 1562 326 1614 viverem,
353 1578 482 1619 quam
513 1563 713 1619 gaudere,
742 1563 857 1618 quod
882 1562 1083 1602 viverem.
1145 1560 1419 1615 Quamquam
1439 1562 1556 1602 enim

122 1619 239 1669 nulla
260 1634 329 1661 me
351 1621 490 1675 ipsum
514 1620 714 1675 privatim
738 1619 902 1676 pepulit
926 1618 1107 1674 insignis
1138 1618 1309 1673 injuria,
1340 1633 1419 1659 nec
1449 1618 1557 1660 mihi

123 1675 359 1731 quidquam
382 1677 457 1717 tali
479 1686 672 1732 tempore
701 1676 745 1717 in
778 1685 965 1717 mentem
990 1675 1107 1717 venit
1135 1684 1299 1730 optare,
1326 1675 1440 1730 quod
1470 1690 1557 1717 non

124 1732 236 1774 ultro
259 1734 364 1775 mihi
390 1733 537 1776 Caesar
558 1733 781 1775 detulerit:
807 1742 948 1774 tamen
969 1731 1250 1773 nihilominus
1272 1732 1331 1772 eis
1350 1732 1558 1773 conficior

123 1790 251 1842 curis,
281 1799 330 1832 ut
361 1791 516 1847 ipsum,
545 1791 660 1847 quod
682 1805 877 1832 maneam
902 1790 943 1830 in
968 1789 1070 1840 vita,
1105 1803 1281 1844 peccare
1312 1803 1380 1829 me
1407 1789 1558 1830 existi-

121 1860 252 1900 mem.
283 1863 407 1890 careo
428 1848 543 1890 enim
565 1863 664 1889 cum
687 1847 1029 1889 familiarissimis
1045 1846 1206 1896 multis,
1228 1860 1335 1900 quos
1354 1856 1429 1887 aut
1444 1860 1560 1887 mors

122 1904 283 1960 eripuit
304 1905 443 1956 nobis,
466 1915 539 1947 aut
559 1905 763 1947 distraxit
784 1904 902 1960 fuga,
926 1913 1017 1945 tum
1043 1903 1244 1944 omnibus
1266 1903 1430 1954 amicis,
1452 1919 1561 1959 quo-

123 1975 220 2003 rum
254 1962 588 2004 benivolentiam
620 1963 745 2003 nobis
775 1961 1028 2003 conciliarat
1061 1974 1134 2016 per
1164 1975 1232 2001 me
1253 1961 1486 2015 quondam,
1521 1972 1561 2001 te

125 2019 260 2071 socio,
281 2019 456 2061 defensa
484 2018 741 2076 respublica,
762 2033 992 2073 versorque
1022 2019 1066 2058 in
1087 2032 1233 2058 eorum
1260 2017 1494 2073 naufragiis
1517 2026 1563 2059 et

125 2074 336 2117 bonorum
360 2077 701 2134 direptionibus;
722 2090 802 2117 nec
823 2076 952 2116 audio
975 2075 1127 2125 solum,
1148 2074 1262 2131 quod
1287 2074 1427 2130 ipsum
1450 2084 1562 2116 esset

126 2132 345 2183 miserum,
379 2135 451 2175 sed
484 2135 614 2175 etiam
647 2134 786 2184 video,
817 2147 904 2188 quo
934 2132 1043 2173 nihil
1075 2141 1140 2172 est
1170 2132 1381 2183 acerbius,
1411 2146 1561 2173 eorum

127 2187 321 2230 fortunas
343 2191 556 2246 dissipari,
584 2191 741 2246 quibus
765 2205 840 2231 nos
862 2189 965 2230 olim
988 2189 1259 2244 adjutoribus
1282 2188 1382 2230 illud
1414 2189 1560 2230 incen-
1572 2205 1604 2235 p.
1621 2196 1672 2228 5⁸1.

127 2245 245 2286 dium
268 2248 576 2289 exstinximus:
600 2257 656 2298 et,
680 2248 722 2288 in
739 2262 824 2302 qua
842 2248 946 2287 urbe
968 2247 1097 2287 modo
1113 2246 1268 2301 gratia,
1288 2246 1562 2298 auctoritate,
1572 2248 1603 2270 ³·

127 2301 267 2357 gloria
293 2304 531 2356 floruimus,
555 2306 598 2345 in
621 2319 672 2344 ea
692 2318 807 2345 nunc
837 2303 888 2344 iis
921 2303 1095 2358 quidem
1122 2303 1323 2344 omnibus
1351 2318 1562 2346 caremus.

130 2358 390 2402 Obtinemus
413 2361 546 2417 ipsius
570 2361 752 2404 Caesaris
775 2375 985 2401 summam
1007 2374 1110 2416 erga
1133 2375 1208 2401 nos
1231 2359 1561 2402 humanitatem.

130 2416 204 2458 sed
224 2431 274 2458 ea
295 2417 389 2473 plus
411 2433 496 2460 non
520 2428 676 2474 potest,
696 2433 824 2473 quam
848 2418 910 2458 vis
931 2427 975 2458 et
997 2417 1180 2459 mutatio
1203 2418 1396 2458 omnium
1419 2433 1561 2460 rerum

128 2481 258 2528 atque
289 2484 545 2532 temporum.
608 2475 761 2530 Itaque
783 2476 913 2516 orbus
936 2474 987 2514 iis
1011 2475 1137 2515 rebus
1165 2475 1382 2525 omnibus,
1403 2474 1560 2530 quibus

129 2539 174 2570 et
194 2541 346 2572 natura
366 2547 449 2583 me,
470 2543 514 2574 et
536 2533 747 2584 voluntas,
769 2541 812 2573 et
832 2532 1099 2573 consuetudo
1122 2531 1430 2583 assuefecerat3
1461 2545 1562 2573 cum

130 2589 296 2640 ceteris,
318 2599 363 2630 ut
390 2590 563 2645 quidem
586 2590 748 2641 videor,
773 2599 864 2630 tum
894 2589 1000 2629 mihi
1023 2589 1115 2644 ipse
1135 2589 1357 2645 displiceo.
1419 2588 1560 2630 Natus

129 2643 243 2689 enim
276 2646 328 2687 ad
362 2648 775 2703 agendumsemper
804 2646 964 2701 aliquid
995 2646 1175 2702 dignum
1201 2646 1305 2697 viro,
1337 2660 1450 2686 nunc
1471 2660 1559 2687 non

131 2701 259 2748 modo
282 2705 435 2761 agendi
460 2705 669 2746 rationem
690 2703 850 2745 nullam
873 2704 1027 2754 habeo,
1056 2703 1128 2743 sed
1151 2718 1205 2744 ne
1225 2702 1446 2760 cogitandi
1466 2704 1563 2760 qui-

540 2841 576 2869 41
589 2838 736 2880 partem]
757 2849 786 2870 v.
803 2838 895 2871 Clav.
913 2839 947 2870 in
958 2846 1055 2880 pars,
1069 2840 1153 2868 extr.
