1903 3218
200 1462 232 1493 p.
252 1452 319 1483 165.

261 2316 314 2353 33

332 95 415 136 270
710 89 887 130 EPIST.
914 91 1099 131 LIBER
1123 92 1396 135 DECIMUS

333 194 457 252 pides
480 202 579 236 sunt
601 194 644 236 in
665 209 779 246 eum,
800 211 899 237 cum
921 197 1186 253 abriperetur
1203 196 1359 238 Fadius
1373 198 1403 245 z)
1433 196 1587 239 deinde
1603 198 1768 240 abstra-

333 261 452 294 ctum
485 251 652 294 defodit
684 252 727 294 in
761 252 876 304 ludo,
903 262 946 294 et
974 254 1119 294 vivum
1151 254 1413 295 combussit:
1457 269 1555 295 cum
1591 255 1766 310 quidem

333 322 528 366 pransuS,
550 309 674 350 nudis
706 310 900 365 pedibus,
933 311 1079 351 tunica
1109 311 1261 362 soluta,
1284 311 1480 352 manibus
1510 311 1565 353 ad
1596 323 1765 368 tergum

333 365 519 420 rejectiS,
550 367 848 416 inambularet,
878 376 920 407 et
955 367 1012 407 illi
1049 368 1202 408 misero
1233 368 1471 423 quiritanti,
1503 367 1556 409 C.
1581 366 1635 409 R.
1660 367 1767 410 NA-

331 421 446 464 TUS
479 422 624 474 SUM,
647 423 947 478 responderet:
979 423 1064 464 Abi
1096 438 1225 474 nunc,
1250 425 1395 480 populi
1418 424 1543 466 fidem
1569 425 1764 481 implora.

336 479 495 521 Bestiis
533 495 630 521 vero
672 480 786 520 cives
828 478 1062 529 Romanos,
1103 481 1233 520 etiam
1275 481 1317 521 in
1360 482 1424 522 his
1467 480 1765 523 circulatorem

334 536 547 592 quendam
583 537 847 585 auctionum,
883 536 1153 576 notissimum
1191 535 1409 579 hominem
1449 538 1633 594 Hispali,
1665 539 1768 594 quia

334 593 539 634 deformis
579 603 684 643 erat,
724 592 902 646 objecit.
963 591 1076 633 Cum
1119 592 1416 647 hujuscemodi
1460 604 1659 651 portento
1700 609 1764 636 res

334 650 441 691 mihi
481 648 576 689 fuit.
638 649 718 690 Sed
758 649 810 689 de
843 648 915 689 illo
951 648 1072 704 plura
1109 663 1268 690 coram.
1330 651 1472 702 Nunc,
1504 652 1619 707 quod
1658 667 1768 708 prae-

335 715 434 757 stat,
456 705 559 760 quid
581 719 648 746 me
672 705 808 746 velitis
841 704 994 756 facere,
1016 706 1280 747 constituite.
1341 705 1443 748 Tres
1474 707 1663 763 legiones
1695 709 1767 750 fir·

334 778 426 804 mas
464 762 632 804 habeo:
663 776 843 817 quarum
881 776 1024 812 unam,
1054 762 1479 818 duodetrigesimum,
1509 779 1607 806 cum
1638 766 1690 807 ad
1722 780 1765 806 se

335 820 461 861 initio
494 818 591 859 belli
623 818 866 859 arcessisset
887 818 1102 860 Antonius
1135 819 1214 861 hac
1247 819 1568 875 pollicitatione,
1590 836 1675 876 quo
1698 823 1767 864 die

336 877 377 918 in
402 884 541 916 castra
557 874 756 925 venisset,
778 875 974 916 denarios
996 876 1236 932 quingenos
1259 877 1437 932 singulis
1460 876 1669 918 militibus
1692 879 1766 919 da-

336 942 492 982 turum,
525 932 566 972 in
601 932 779 972 victoria
812 947 910 973 vero
943 934 1089 974 eadem
1125 933 1317 989 praemia,
1338 949 1435 989 quae
1469 935 1554 974 suis
1586 934 1768 990 legioni·

335 991 434 1041 bus,
465 1003 644 1044 quorum
670 991 708 1020 28
723 989 817 1043 quis
850 988 976 1029 ullam
1010 989 1153 1041 finem,
1176 1001 1249 1031 aut
1277 991 1452 1031 modum
1476 991 1665 1032 futurum
1689 1006 1767 1047 pu-

334 1047 471 1087 tavit?
504 1045 845 1086 incitatissimam
883 1046 1054 1097 retinui,
1087 1062 1202 1102 aegrc
1237 1043 1523 1090 mehercules:
1556 1063 1634 1089 nec
1666 1049 1766 1089 reti-

331 1104 534 1152 nuissem,
556 1103 588 1143 si
622 1117 707 1142 uno
738 1103 832 1143 loco
856 1102 1114 1154 habuissem,
1138 1113 1288 1160 utpote
1314 1118 1413 1145 cum
1444 1105 1624 1160 singulae
1647 1120 1765 1160 quae-

330 1161 428 1201 dam
452 1160 651 1201 cohortes
673 1159 925 1200 seditionem
959 1159 1152 1202 fecerint.
1216 1160 1417 1215 Reliquas
1440 1176 1611 1216 quoque
1632 1161 1766 1217 legio-

332 1232 405 1258 nes
428 1232 513 1258 non
535 1216 700 1257 destitit
723 1217 873 1257 litteris
896 1225 1024 1271 atque
1047 1217 1226 1258 infinitis
1252 1218 1636 1273 pollicitationibus
1659 1219 1766 1259 inci-

332 1284 436 1315 tare.
500 1273 591 1315 Nec
615 1287 714 1314 vero
736 1274 876 1314 minus
902 1273 1088 1329 Lepidus
1112 1274 1217 1315 ursit
1243 1289 1309 1314 me
1331 1284 1371 1315 et
1396 1276 1496 1325 suis,
1519 1284 1561 1316 et
1583 1274 1764 1316 Antonii

330 1331 498 1381 litteris,
517 1341 562 1371 ut
583 1330 796 1386 legionem
819 1330 1078 1386 trigesimam
1100 1331 1313 1372 mitterem
1336 1331 1433 1372 sibi.
1468 1332 1619 1387 Itaque
1635 1347 1760 1388 quem

330 1388 569 1429 exercitum
602 1401 740 1442 neque
772 1388 954 1428 vendere
991 1387 1084 1428 ullis
1120 1388 1307 1443 praemiis
1341 1388 1471 1439 volui,
1505 1403 1583 1429 nec
1616 1403 1764 1429 eorum

334 1445 618 1500 periculorum
654 1452 784 1494 metu,
823 1458 936 1498 quae,
971 1444 1204 1484 victoribus
1248 1444 1345 1495 illis,
1382 1445 1763 1500 portendebantur,

312 1502 583 1551 ·diminuere,
605 1500 770 1541 debetis
792 1501 1039 1541 existimare
1061 1510 1273 1541 retentum
1295 1511 1338 1541 et
1360 1512 1657 1542 conservatum
1683 1503 1764 1543 rei-

330 1558 514 1614 publicae
547 1572 637 1598 esse
656 1574 665 1598 :
696 1565 826 1612 atque
847 1557 907 1597 ita
929 1557 1113 1608 credere,
1135 1557 1438 1612 quodcumque
1461 1559 1762 1613 imperassetis,

327 1615 540 1656 facturum
579 1613 723 1664 fuisse,
757 1613 806 1665 si,
829 1614 942 1668 quod
969 1613 1175 1668 jussistis,
1205 1613 1303 1655 feci.
1366 1614 1479 1655 Nam
1513 1627 1555 1655 et
1591 1616 1764 1670 provin-

326 1673 438 1713 ciam
462 1672 504 1712 in
525 1672 632 1722 otio,
654 1680 698 1712 et
719 1672 956 1712 exercitum
990 1671 1031 1711 in
1066 1686 1160 1712 mea
1190 1679 1401 1727 potestate
1429 1672 1570 1713 tenui:
1606 1672 1765 1714 finibus·

327 1744 434 1771 meae
458 1727 695 1785 provinciae
719 1742 926 1783 nusquam
949 1728 1140 1770 excessi:
1163 1728 1342 1769 militem
1365 1743 1452 1769 non
1477 1728 1606 1769 modo
1628 1729 1762 1785 legio-

325 1787 510 1836 narium,
540 1785 611 1826 sed
643 1798 696 1824 ne
726 1784 998 1825 auxiliarium
1029 1785 1202 1840 quidem
1235 1784 1365 1825 ullum
1387 1799 1602 1840 quoquam
1634 1788 1759 1828 misi:

326 1854 384 1894 et,
407 1844 439 1884 si
462 1856 569 1897 quos
600 1842 764 1897 equites
795 1844 835 1876 529
848 1842 1100 1882 decedentes
1132 1850 1282 1882 nactus
1313 1857 1422 1892 sum,
1453 1843 1665 1899 supplicio
1697 1842 1761 1883 af-

327 1900 425 1941 feci.
487 1899 699 1945 Quarum'
731 1912 869 1938 rerum
919 1898 1106 1939 fructum
1150 1899 1250 1939 satis
1294 1913 1497 1954 magnum
1541 1899 1761 1955 republica

325 1957 441 1998 salva
463 1956 608 1997 tulisse
638 1969 706 1996 me
737 1955 913 2010 putab0.
975 1955 1057 1996 Sed
1086 1955 1326 2011 respublica
1347 1957 1380 1995 si
1404 1970 1471 1996 me
1493 1957 1594 1996 satis
1617 1956 1760 1997 novis-

325 2023 404 2064 set,
425 2022 467 2054 et
489 2012 626 2067 major
649 2026 745 2068 pars
767 2021 937 2052 senatus
956 2030 966 2064 3
998 2012 1180 2068 majores
1203 2027 1256 2053 ex
1280 2026 1347 2052 me
1378 2012 1541 2053 fructus
1576 2013 1756 2054 tulisset.

325 2070 580 2127 Epistolam,
603 2084 731 2124 quam
755 2069 909 2119 Balbo,
930 2084 1026 2110 cum
1050 2069 1297 2110 etiamnunc
1321 2069 1363 2109 in
1393 2070 1614 2124 provincia
1635 2079 1760 2120 esset,

326 2128 492 2184 scripsi,
515 2126 741 2182 legendam
774 2126 853 2167 tibi
887 2127 1010 2168 misi:
1042 2126 1172 2167 etiam
1208 2135 1478 2183 praetextam,
1501 2127 1533 2167 si
1561 2127 1672 2168 voles
1700 2127 1760 2168 le·

325 2198 440 2240 gere,
478 2184 649 2225 Gallum
694 2182 957 2235 Cornelium,
995 2183 1247 2224 familiarem
1289 2197 1446 2233 meum,
1485 2184 1667 2240 poscito.
1708 2198 1755 2226 v1

327 2241 430 2282 Idus
452 2240 620 2291 Junias,
644 2239 863 2281 Corduba.

840 2312 1242 2350 ARGUMENTUM.

326 2367 511 2416 Deplorat
537 2371 722 2414 acceptam
747 2366 872 2413 proelz'o
900 2366 1102 2401 Mutinensi
1128 2367 1215 2413 reip.
1237 2365 1483 2420 calamitatem
1494 2382 1506 2403 .·
1534 2377 1640 2414 seque
1661 2377 1758 2402 com-

607 2419 706 2454 muni
726 2419 889 2454 incendio
908 2429 1093 2454 occurrere
1106 2422 1279 2465 paratum
1299 2419 1476 2454 ostendit„

680 2477 908 2521 POLLIO
941 2478 1247 2520 CICERONI
1279 2479 1323 2520 S.
1348 2478 1399 2520 P.

325 2537 379 2589 S.
404 2547 457 2588 V.
482 2546 534 2587 B.
559 2544 609 2587 Ε.
634 2544 684 2586 E.
709 2545 765 2592 Q.
792 2547 843 2586 V.
905 2547 1006 2593 Quo
1038 2547 1198 2587 tardius
1220 2546 1376 2587 certior
1398 2545 1541 2586 flerem
1564 2545 1616 2586 de
1640 2560 1757 2601 proe-

322 2605 391 2646 liis
421 2604 534 2661 apud
567 2601 783 2644 Mutinam
818 2603 957 2654 factis,
988 2606 1028 2634 30
1043 2603 1230 2659 Lepidus
1259 2602 1418 2653 effecit,
1439 2603 1512 2657 qui
1544 2617 1660 2643 meos
1692 2612 1756 2644 ta-

364 2719 405 2748 28
428 2717 671 2757 quis—modum
688 2714 725 2755 s.
746 2715 895 2756 putavit]
924 2716 1015 2746 Grae-
1059 2715 1132 2746 dum
1149 2715 1252 2746 literae
1268 2725 1353 2755 saepe
1370 2720 1614 2755 permutantur.

322 2759 393 2789 vius
424 2760 566 2789 malebat
589 2759 733 2798 putarit.
776 2758 861 2788 Saue
882 2759 1018 2798 putavit
1095 2759 1135 2791 29
1149 2758 1344 2798 decedentes]
1364 2757 1413 2788 De
1427 2758 1583 2795 statione,
1598 2763 1657 2789 aut
1673 2768 1755 2799 prae·

321 2806 373 2832 est
391 2801 535 2831 alienum
548 2813 554 2830 :
578 2806 612 2831 et
626 2804 684 2831 aut
698 2799 780 2831 illud
794 2804 851 2830 aut
861 2803 957 2839 putet
970 2799 1016 2830 le·
1060 2800 1147 2831 sidiis
1163 2800 1254 2831 meis.

325 2843 480 2883 gendum,
509 2847 567 2873 aut
587 2843 732 2883 putabit,
759 2846 797 2871 ut
826 2842 1015 2873 Guilielrnio
1101 2844 1142 2873 30
1166 2841 1307 2883 Lepidm
1320 2839 1442 2882 effecit]
1461 2840 1671 2881 humefecit.

326 2886 491 2927 placebat:
517 2885 604 2925 quod
625 2884 840 2926 praetulerim.
865 2894 940 2916 nam
965 2884 1015 2915 hae
