1865 3223
477 110 556 149 AD
580 108 942 148 TERENTIAM
969 108 1243 148 UXOREM.
1484 115 1559 153 375

136 213 222 256 Fac
242 212 395 264 valeas,
417 221 460 254 et
490 215 541 255 ad
563 227 630 254 me
652 211 891 253 tabellarios
916 212 1074 258 mittas,
1098 221 1142 251 ut
1165 214 1310 263 sciam,
1333 214 1468 267 quid.
1460 229 1559 270 ·rga-

135 282 216 321 tur,
238 280 280 312 et
303 285 376 311 vos
398 270 500 325 quid
522 270 673 326 agatiS.
728 268 842 309 Mihi
867 269 1042 310 omnino
1058 267 1151 322 jam
1176 269 1314 310 brevis
1337 283 1559 326 exspecta-

133 329 193 367 tio
212 338 289 369 est.
348 326 540 368 'lulliolae
563 338 606 366 et
628 325 826 367 Ciceroni
852 326 1027 366 salutem
1051 326 1135 365 dic.
1183 325 1343 365 valete.
1384 327 1435 367 D.
1456 342 1493 367 a.
1517 328 1558 368 d.

134 398 180 424 vr
211 384 419 426 Kalendas
441 383 713 434 Decembres,
734 382 978 438 Dyrrachii.
1014 381 1083 437 Β)
1090 381 1298 423 rrachium
1320 385 1428 432 veni,
1445 385 1559 438 quod

134 451 177 481 et
206 442 338 482 libera
359 441 508 481 civitas
538 450 616 489 est,
640 450 682 481 et
712 441 753 480 in
785 454 852 480 me
882 439 1089 489 officiosa,
1111 450 1154 480 et
1186 438 1384 502 proxima
1409 439 1558 482 Italiae.

134 497 214 538 Sed
239 499 270 539 si
296 512 361 538 me
382 495 570 538 ostendet
592 497 673 538 loci
697 497 934 548 celebritas,
959 500 977 527 5
992 497 1074 538 alio
1098 511 1164 537 me
1187 495 1420 546 conferam,
1442 507 1484 536 et
1506 499 1558 538 ad

133 564 173 594 te
195 555 390 596 scribam.

644 610 751 647 ARG
759 610 1044 647 UMENTUM.
1568 616 1593 650 Q

131 675 351 710 Brevitatem
379 674 582 709 litterarum
610 678 777 709 excusat:
807 674 950 709 Pisonis
975 675 1098 721 generi
1129 672 1248 721 officia
1281 674 1430 709 laudat:
1460 673 1556 709 dolet

187 726 360 761 Terentia?
378 727 488 761 vicem
501 742 512 762 .·
541 732 648 773 rogat
675 738 718 761 ne
746 737 849 761 suam
877 727 994 761 dotem
1021 724 1208 773 projiciat,
1233 730 1266 760 el
1295 730 1334 761 ut
1359 725 1558 761 valetudini

178 790 250 813 ,ταας
269 778 441 813 consulat.

212 845 471 886 TULLIUS
502 843 831 886 TERENTIAE
865 844 1011 895 SUAE,
1041 843 1366 885 TULLIOLAE
1400 843 1474 885 ET

534 901 836 943 CICERONI
862 901 992 942 SCIS
1025 900 1069 941 S.
1101 900 1152 941 D.

133 956 297 1010 NOLI
334 979 498 1025 putare,
531 983 596 1010 me
628 970 678 1010 ad
701 983 957 1024 quemquam
986 968 1199 1024 longiores
1222 967 1422 1024 epistolas
1457 969 1559 1010 scri-

133 1026 246 1076 bere,
274 1026 370 1078 nisi,
394 1027 459 1067 ⁶si
491 1027 586 1081 quis
615 1027 666 1067 ad
697 1041 763 1067 me
795 1026 915 1082 plura
938 1025 1121 1081 scripsit,
1144 1025 1213 1066 cui
1249 1034 1352 1080 puto
1384 1027 1557 1067 rescribi

127 1094 338 1138 oportere
390 1087 407 1116 7
427 1083 520 1124 Nec
542 1084 653 1124 enim
679 1083 831 1133 habeo,
851 1083 964 1138 quod
997 1083 1204 1123 scribam:
1238 1096 1315 1124 nec
1346 1081 1428 1122 hoc
1451 1092 1558 1124 tem-

128 1153 229 1194 pore
251 1140 484 1195 quidquam
506 1140 721 1181 difficilius
745 1140 870 1180 facio.
931 1139 995 1179 Ad
1023 1149 1062 1179 te
1088 1153 1199 1189 vero,
1223 1147 1266 1179 et
1293 1139 1344 1179 ad
1369 1150 1557 1181 nostram

125 1195 350 1238 Tulliolam
386 1212 470 1238 non
503 1211 613 1252 queo
645 1198 734 1237 sine
771 1196 962 1252 plurimis
993 1195 1176 1235 lacrimis
1209 1196 1407 1236 scribere.
1468 1197 1555 1238 Vos

124 1254 239 1294 enim
271 1254 394 1294 video
417 1268 507 1294 esse
539 1254 809 1302 miserrimas,
839 1267 943 1307 quas
977 1266 1059 1306 ego
1098 1252 1361 1292 beatissimas
1390 1267 1556 1309 semper

124 1324 215 1351 esse
239 1310 365 1360 volui,
389 1311 515 1364 idque
546 1319 747 1365 praestare
776 1309 929 1350 debui:
961 1318 1017 1358 et,
1042 1309 1120 1348 nisi
1147 1318 1230 1348 tam
1255 1309 1394 1349 timidi
1419 1310 1554 1350 &fuis-

124 1380 277 1416 semus,
316 1367 624 1422 praestitissem.
687 1366 885 1407 Pisonem
919 1376 1109 1406 nostrum
1142 1365 1294 1406 merito
1330 1365 1422 1420 ejus
1456 1382 1553 1408 amo

124 1422 369 1479 plurimum.
431 1422 556 1474 Eum,
594 1433 639 1463 ut
681 1424 819 1479 potui,
852 1437 924 1478 per
966 1422 1126 1462 litteras
1159 1422 1407 1463 cohortatus
1445 1439 1551 1475 sum,
1564 1436 1595 1467 b.

125 1481 368 1535 gratiasque
389 1481 473 1535 egi,
499 1490 543 1520 ut
565 1480 709 1520 debui.
771 1480 820 1521 In
844 1479 965 1519 novis
989 1480 1170 1520 tribunis
1203 1479 1337 1534 plebis
1360 1480 1553 1537 intelligo

125 1550 241 1592 spem
278 1548 318 1577 te
352 1537 520 1577 habere.
553 1537 594 1577 id
626 1537 706 1577 erit
738 1537 922 1586 fir,mum
945 1536 978 1576 si
1013 1536 1207 1591 Pompeii
1233 1537 1427 1577 voluntas
1449 1540 1553 1579 erit:

124 1593 196 1634 sed
222 1593 420 1635 Crassum
448 1605 589 1634 tamen
626 1605 784 1635 metuo.
843 1593 883 1634 A
907 1604 946 1633 te
977 1593 1148 1647 quidem
1181 1595 1325 1634 omnia
1347 1594 1437 1634 fie1i
1469 1594 1553 1635 for-

123 1649 286 1690 tissime
307 1661 350 1691 et
380 1650 670 1691 amantissime
693 1651 841 1692 video:
876 1664 952 1691 nec
984 1650 1137 1691 miror:
1171 1650 1241 1690 sed
1265 1655 1463 1692 9moereo
1485 1667 1556 1692 ca-

123 1721 214 1747 sum
249 1707 475 1762 ejusmodi,
501 1717 545 1747 ut
577 1708 705 1748 tantis
734 1708 816 1748 tuis
847 1707 1027 1748 miseriis
1056 1721 1162 1747 meae
1200 1707 1380 1748 miseriae
1416 1709 1555 1750 suble—

123 1773 288 1804 ventur.
350 1764 462 1805 Nam
493 1765 545 1805 ad
567 1779 635 1805 me
660 1764 709 1805 P.
733 1764 940 1814 Valerius,
965 1763 1094 1804 homo
1114 1764 1346 1814 officiosus,
1370 1765 1554 1822 scripsit,

122 1819 163 1861 id
200 1820 312 1875 quod
347 1835 428 1877 ego
467 1822 657 1861 maximo
687 1837 783 1862 cum
819 1822 921 1862 fletu
956 1820 1055 1877 legi,
1088 1822 1448 1876 quemadmodum
1486 1825 1555 1864 ¹02.

123 1877 266 1918 Vestae
301 1878 351 1918 ad
386 1878 572 1919 tabulam
597 1877 808 1919 Valeriam
840 1878 969 1919 ducta
989 1892 1114 1918 esses,
1177 1877 1308 1927 Hem,
1339 1893 1433 1919 mea
1462 1879 1553 1931 lux,

122 1948 262 1974 meum
285 1935 555 1984 desiderium,
581 1936 690 1975 unde
717 1938 913 1975 llomnes
935 1949 1062 1997 opem
1085 1945 1228 1990 petere
1260 1935 1477 1981 solebant'
1513 1946 1554 1978 te

119 2005 248 2041 nunc,
272 2006 366 2032 mea
385 1966 598 2041 Terentia,
622 1992 681 2032 sic
706 1992 864 2042 vexari,
887 1992 946 2031 sic
963 2005 1108 2046 jacere
1131 2006 1173 2033 in
1196 1991 1380 2033 lacrimis
1399 2004 1442 2034 et
1464 2008 1552 2034 sor-

119 2047 267 2089 dibus!
302 2049 428 2102 idque
459 2048 547 2088 fieri
583 2063 675 2089 mea
712 2048 851 2104 culpa,
883 2049 955 2103 qui
985 2058 1148 2088 ceteros
1184 2049 1362 2099 servavi,
1395 2060 1441 2090 ut
1475 2065 1551 2091 nos

120 2105 374 2160 periremus!
410 2105 537 2152 Quod
561 2105 613 2145 de
635 2105 763 2146 domo
786 2106 1107 2156 sc1ibis‚12hoc
1129 2115 1208 2156 est,
1229 2106 1282 2147 de
1315 2120 1434 2150 area:
1467 2121 1551 2163 ego

119 2175 217 2202 vero
241 2171 331 2202 tum
355 2163 537 2216 denique
562 2162 664 2202 mihi
687 2162 864 2203 videbor
896 2162 1130 2212 restitutus,
1162 2163 1195 2203 si
1232 2163 1302 2204 illa
1323 2164 1447 2204 nobis
1470 2165 1551 2206 erit

160 2304 178 2333 5
193 2303 257 2332 alio
266 2313 316 2333 me
327 2301 493 2344 conseram
509 2308 539 2333 et
552 2303 598 2333 ad
610 2307 640 2333 te
651 2303 805 2342 scribam]

117 2344 234 2375 Addidi
250 2349 280 2374 et
295 2356 312 2375 e
329 2346 515 2383 conjectura
529 2353 648 2375 vetere.
687 2345 749 2375 Sed
763 2346 808 2375 sie

117 2393 151 2417 et
166 2387 199 2416 in
215 2387 286 2418 edd.
301 2387 398 2418 Rom.
414 2387 499 2417 Med.
517 2387 630 2427 reperi.

159 2429 179 2458 6
193 2430 220 2458 si
232 2429 300 2469 qm]
321 2429 384 2460 Ms,
400 2436 432 2459 et
447 2429 517 2459 edd.
533 2435 613 2460 vett.
628 2431 655 2459 si
670 2431 749 2469 quis.

125 2469 128 2472 ’
158 2473 175 2503 7
202 2470 318 2510 Neque
337 2473 421 2501 enim
439 2472 535 2501 habeo
549 2473 634 2510 quod
652 2472 730 2511 sen]
757 2472 808 2502 Sic

116 2511 181 2542 MS.
199 2522 302 2551 meus,
318 2514 380 2544 Gu.
396 2516 426 2544 ⁶2.
442 2520 476 2544 et
492 2513 562 2544 edd.
583 2524 633 2553 pr.
650 2515 808 2544 recentio-

116 2563 165 2584 res
181 2555 268 2593 quid,
283 2555 380 2592 male,
395 2562 431 2585 ut
449 2566 548 2596 prope
563 2565 703 2596 semper.

158 2598 175 2626 8
187 2595 383 2637 ,sinas-emus]
419 2598 606 2638 Interponit
635 2597 810 2639 pluralem,

112 2637 165 2677 qui
161 2647 189 2667 a
212 2637 265 2667 ille
287 2639 387 2669 timor
410 2649 477 2669 non
499 2640 598 2680 ipsius
621 2641 716 2670 unius
733 2641 809 2677 fuit,

111 2679 168 2710 sed
183 2681 290 2710 uxoris
305 2686 338 2711 et
354 2682 494 2712 aliorum
513 2684 777 2712 necessariorum.

153 2725 173 2755 9
204 2731 318 2752 moereo
349 2733 460 2754 casum
491 2724 533 2764 ej.
565 2726 752 2756 ut-sublev
755 2734 808 2754 en-

108 2763 179 2803 tur]
206 2763 266 2793 Est
289 2764 341 2794 hie
363 2765 484 2804 aliquid
500 2766 584 2797 duri.
622 2767 810 2806 Suspicatus
843 2774 850 2779 ·

106 2813 179 2877 {pm
207 2815 331 2842 moereo,
359 2816 472 2838 casum
495 2818 558 2838 esse
584 2807 744 2849 ejusmodi
771 2812 807 2838 ut

138 2857 154 2876 Q

896 2307 933 2334 10
949 2314 970 2334 α
988 2304 1102 2344 Vestae]
1121 2305 1235 2335 Recte.
1272 2305 1325 2335 Sic
1341 2307 1483 2346 primum
1499 2317 1548 2337 re-

852 2347 919 2386 peri
949 2347 983 2376 in
1011 2346 1061 2376 ed.
1091 2347 1179 2378 Med.
1207 2347 1281 2377 aliae
1307 2354 1386 2377 vett.
1420 2356 1457 2378 ut
1483 2349 1547 2379 Ms.

850 2397 941 2418 meus
957 2399 978 2419 a
995 2389 1103 2427 Vesta,
1118 2390 1172 2429 qui
1189 2395 1301 2419 tamen
1317 2389 1397 2419 illud
1411 2391 1443 2419 in
1461 2400 1548 2420 mar-

851 2431 925 2469 gine
942 2441 961 2461 a
977 2441 1020 2462 m.
1035 2440 1061 2462 5.
1076 2431 1184 2462 habet.
1229 2432 1271 2462 At
1286 2431 1346 2461 Gu.
1369 2434 1397 2461 l.
1420 2433 1498 2462 item
1516 2435 1547 2464 2.

853 2483 871 2502 a
894 2483 937 2502 m.
962 2483 1010 2512 pr.
1036 2473 1146 2504 Vestoe.
1192 2473 1242 2503 De
1271 2474 1472 2503 contumelia
1494 2474 1547 2505 hic

852 2522 1036 2546 memorata
1059 2526 1090 2546 v.
1115 2517 1150 2547 iu
1178 2516 1268 2547 Clav.
1294 2516 1327 2545 in
1357 2514 1492 2546 Valeria
1513 2521 1548 2547 et

853 2556 978 2587 Sextia.
1003 2567 1119 2598 nempe
1142 2557 1351 2588 contumelia·
1373 2567 1470 2587 causa
1491 2569 1549 2598 per

852 2599 917 2628 vim
936 2609 973 2629 eo
988 2603 1096 2630 tracta
1109 2605 1171 2629 est.

899 2643 928 2670 11
955 2651 1062 2671 ornnes
1084 2651 1172 2681 opem
1190 2650 1226 2680 p.
1241 2639 1396 2679 solebant]
1421 2639 1548 2681 Nempe

853 2693 911 2724 per
946 2693 1019 2714 eam
1056 2684 1248 2714 Ciceronem
1285 2682 1344 2711 sibi
1380 2683 1548 2714 conciliari

852 2734 944 2765 posse
959 2725 1143 2765 sperabant.

900 2769 936 2797 1⁰
959 2768 990 2797 Ιι.
1007 2776 1032 2797 e.
1057 2767 1094 2795 de
1109 2765 1203 2805 area]
1231 2765 1318 2796 Nam
1341 2765 1456 2796 domus
1479 2767 1549 2807 ipsa

851 2818 870 2839 a
886 2809 1023 2840 Clodio
1017 2817 1150 2838 incensa
1163 2813 1197 2838 et
1210 2807 1382 2839 combusta
1397 2816 1479 2840 erat.

768 2892 897 2934 Bb4
