1903 3218
381 99 460 137 AD
486 98 574 137 CN.
593 98 884 138 PLANCUM
910 98 983 136 ET
1009 98 1291 138 CETEROS.
1475 105 1554 144 267

119 198 218 243 hors
237 203 453 258 praetoria,
474 202 626 259 pedem
660 200 815 243 referre
846 209 1090 257 coeperunt,
1123 202 1239 256 quod
1273 201 1328 243 ab
1348 203 1544 257 equitatu

121 259 427 310 circuibantur,
445 275 530 315 quo
553 258 618 301 vel
640 258 871 314 plurimum
899 258 1012 300 valet
1031 257 1265 299 Antonius.
1325 257 1437 299 Cum
1458 274 1552 300 om-

124 329 198 356 nes
231 330 275 358 se
309 317 570 372 recepissent
602 317 736 356 nostri
758 316 945 366 ordines,
978 316 1166 379 recipere
1194 329 1261 356 me
1293 316 1553 356 novissimus

124 373 242 429 coepi
265 373 316 414 ad
339 384 492 415 castra.
548 371 780 424 Antonius,
810 382 1028 428 tamquam
1053 372 1205 423 victor,
1225 381 1365 412 castra
1386 373 1558 436 putavit

125 444 169 470 se
197 445 324 485 posse
349 443 515 486 capere.
577 429 678 476 Quo
716 445 814 471 cum
852 430 985 480 venit,
1025 429 1266 484 complures
1306 428 1365 469 ibi
1399 429 1559 480 amisit,

126 501 205 527 nec
239 489 331 551 egit
365 486 615 550 quidquam.
674 485 837 528 Audita
879 501 938 537 re,
971 485 1142 528 Hirtius
1173 500 1271 527 cum
1305 485 1557 527 cohortibus

127 543 280 599 viginti
308 545 517 585 veteranis
550 544 743 585 redeunti
766 543 959 585 Antonio
997 544 1040 584 in
1075 558 1150 585 sua
1181 552 1322 585 castra
1356 543 1557 593 occurrit,

123 602 355 656 copiasque
386 599 479 655 ejus
507 615 655 642 omnes
684 600 856 652 delevit,
879 600 1062 656 fugavit,
1083 600 1321 655 eodemque
1350 599 1461 651 loco,
1486 575 1557 640 ubi

123 667 213 698 erat
235 666 489 713 pugnatum,
508 658 560 699 ad
585 658 742 699 lorum
769 657 1007 699 Gallorum.
1068 657 1285 698 Antonius
1315 671 1413 698 cum
1434 658 1555 712 equi-

123 713 238 754 tibus
261 715 366 754 hora
389 715 528 757 noctis
550 724 715 770 quarta,
739 730 782 755 se
805 716 847 756 in
867 726 1006 756 castra
1028 729 1103 756 sua
1124 715 1178 756 ad
1196 713 1416 755 Mutinam
1440 728 1553 755 rece-

128 770 207 825 pit.
266 770 437 814 Hirtius
472 771 513 812 in
549 786 600 814 ea
631 782 770 814 castra
803 772 942 822 rediit,
972 772 1085 813 unde
1121 771 1260 813 Pansa
1281 770 1460 822 exierat,
1484 771 1557 812 ubi

125 827 230 868 duas
254 828 445 884 legiones
466 828 708 884 reliquerat,
731 844 827 885 quae
850 830 904 869 ab
926 828 1120 870 Antonio
1139 838 1260 869 erant
1278 838 1558 892 oppugnatae.

124 884 197 926 Sic
221 895 386 940 partem
411 901 617 940 majorem
639 901 809 927 suarum
833 886 1055 941 copiarum
1082 885 1299 927 Antonius
1323 885 1466 926 amisit
1489 899 1559 926 ve-

123 952 381 983 teranarum.
435 944 538 985 Nec
573 943 616 984 id
651 954 793 984 tamen
832 944 922 984 sine
955 944 1095 998 aliqua
1121 943 1294 997 jactura
1314 942 1559 983 cohortium

127 1000 484 1052 praetorianarum
516 1009 774 1051 nostrarum,
803 1010 847 1040 et
874 1000 1056 1056 legionis
1092 999 1267 1040 Martiae
1290 999 1380 1040 fieri
1402 999 1559 1055 potuit.

124 1053 294 1110 Aquilae
331 1056 444 1109 duae,
483 1057 608 1113 signa
646 1057 873 1113 sexaginta
915 1067 1014 1098 sunt
1056 1056 1185 1098 relata
1215 1055 1412 1097 Antonii.
1474 1055 1561 1096 Res

127 1111 234 1154 bene
257 1123 380 1169 gesta
400 1123 478 1155 est.
537 1114 593 1155 A.
615 1115 658 1155 d.
683 1091 997 1155 x11⁰Kalendas
1022 1113 1148 1165 Maii,
1169 1128 1224 1154 ex
1243 1114 1409 1154 castris.

637 1202 705 1239 AR
713 1201 1041 1247 GUMENTUM.
1577 1208 1627 1246 31

125 1263 404 1301 Excusationem
421 1264 556 1314 adfert,
577 1267 673 1312 quod
687 1267 848 1301 studium
863 1277 950 1312 erga
968 1265 1126 1312 rempub.
1146 1276 1248 1300 suum
1268 1265 1427 1301 nondum
1446 1267 1564 1304 decla-

242 1318 403 1354 raverit..-
429 1328 536 1364 seque
553 1317 732 1353 libertatis
751 1317 1005 1364 recuperandae
1021 1317 1259 1364 percupidum
1277 1319 1446 1354 ostendit.

296 1382 348 1424 C.
378 1382 628 1425 ASINIUS
663 1383 895 1426 POLLIO
928 1382 1235 1425 CICERONI
1268 1383 1312 1425 S.
1337 1383 1395 1426 D.

126 1436 395 1492 MINIME
424 1451 583 1492 mirum
620 1451 700 1492 tibi
729 1451 858 1492 debet
880 1452 1030 1503 videri,
1053 1450 1162 1492 nihil
1182 1466 1251 1492 me
1272 1452 1492 1508 scripsisse
1512 1453 1565 1496 de

125 1507 360 1563 republica,
383 1517 664 1572 posteaquam
697 1508 804 1549 itum
828 1518 893 1550 est
914 1509 968 1550 ad
985 1523 1118 1550 arma.
1178 1508 1292 1549 Nam
1325 1510 1455 1550 saltus
1480 1510 1608 1566 Ca-p
1628 1526 1697 1556 163.

127 1564 398 1616 stulonensis,
421 1564 495 1619 qui
518 1579 684 1620 semper
702 1566 841 1606 tenuit
870 1575 1038 1607 nostros
1062 1565 1326 1616 tabellalios,
1348 1567 1428 1607 etsi
1452 1578 1607 1610 nunca-

130 1619 492 1676 frequentioribus
511 1621 746 1664 latrociniis
766 1622 962 1664 infestior
980 1623 1120 1664 factus
1137 1632 1222 1663 est:
1248 1633 1389 1664 tamen
1407 1638 1567 1679 nequa-

130 1692 259 1733 quam
282 1688 404 1719 tanta
420 1679 463 1719 in
485 1692 605 1719 mora
621 1689 701 1730 est,
721 1690 896 1734 quanta,
919 1680 992 1734 qui
1016 1679 1120 1721 locis
1140 1680 1341 1721 omnibus
1368 1680 1567 1736 dispositi

129 1736 184 1775 ab
201 1745 384 1798 utraque
404 1746 525 1790 parte
546 1746 790 1777 scrutantur
812 1737 1070 1801 tabellarios,
1088 1745 1132 1777 et
1152 1737 1352 1778 retinent.
1413 1738 1568 1803 Itaque

131 1791 212 1832 nist
232 1806 339 1834 nave
362 1791 536 1848 perlatae
558 1792 712 1834 litterae
732 1803 887 1843 essent,
910 1794 1087 1834 omnino
1110 1793 1334 1844 nescirem,
1351 1795 1477 1850 quid
1470 1796 1566 1837 istic

130 1847 267 1890 fieret.
315 1849 446 1891 Nunc
469 1863 570 1890 vero
589 1860 738 1891 nactus
760 1850 1047 1901 occasionem,
1071 1861 1350 1906 posteaquam
1374 1853 1566 1909 navigari

132 1916 330 1961 coeptum
359 1917 438 1958 est,
464 1906 742 1961 cupidissime
774 1918 817 1948 et
837 1922 965 1970 quam
988 1909 1245 1948 creberrime
1275 1919 1442 1964 potem,
1464 1925 1567 1951 scri-

131 1962 232 2003 bam
253 1964 306 2005 ad
329 1973 384 2005 te.
448 1966 482 1997 ¹7
499 1963 567 2004 Ne
603 1978 776 2005 movear
807 1979 901 2019 ejus
931 1964 1215 2015 sermonibus,
1248 1980 1374 2020 quem
1398 1967 1566 2008 tametsi

131 2034 260 2061 nemo
291 2030 370 2071 est,
399 2021 473 2076 qui
505 2020 648 2062 videre
677 2021 793 2073 velit,
822 2033 965 2063 tamen
999 2036 1269 2077 nequaquam
1305 2024 1498 2079 proinde,
1517 2039 1567 2065 ac

133 2077 292 2142 dignus
308 2089 388 2130 est,
407 2079 590 2120 oderunt
611 2078 822 2130 homines,
851 2078 1086 2134 periculum
1110 2093 1198 2120 non
1219 2089 1299 2120 est.
1358 2079 1481 2122 Adeo
1503 2091 1567 2122 est

134 2136 249 2175 enim
272 2135 434 2177 invisus
456 2134 580 2185 mihi,
603 2146 650 2176 ut
671 2136 780 2176 nihil
797 2151 883 2178 non
905 2137 1104 2177 acerbum
1130 2146 1293 2192 putem,
1311 2138 1427 2192 quod
1449 2153 1567 2180 com-

133 2205 264 2233 mune
284 2207 384 2233 cum
415 2191 488 2233 illo
510 2191 579 2232 sit.
641 2192 808 2234 Natura
827 2203 972 2234 autem
1006 2207 1113 2242 mea,
1146 2202 1189 2234 et
1218 2194 1360 2235 studia
1391 2195 1569 2237 trahunt

133 2262 202 2289 me
220 2248 274 2289 ad
304 2250 421 2304 pacis
442 2259 485 2290 et
506 2249 715 2290 libertatis
737 2250 1036 2306 cupiditatem.
1096 2249 1249 2305 Itaque
1271 2251 1371 2292 illud
1395 2252 1567 2294 initium

135 2305 275 2346 civilis
304 2307 401 2347 belli
437 2319 554 2362 sae-pe
579 2305 750 2347 deflevi
811 2307 923 2348 Cum
948 2321 1046 2348 vero
1069 2322 1156 2348 non
1176 2308 1324 2349 liceret
1347 2308 1451 2350 mihi
1476 2310 1567 2350 nul-

134 2361 214 2403 lius
239 2365 371 2418 partis
388 2378 507 2405 esse:
538 2363 640 2418 quia
661 2364 891 2420 utrobique
910 2379 1090 2420 magnos
1112 2364 1311 2407 inimicos
1334 2366 1569 2416 habebam,

137 2434 187 2461 ea
204 2429 343 2462 castra
364 2420 505 2477 fugi,
495 2435 538 2462 ln
561 2421 717 2476 quibus
740 2421 863 2477 plane
888 2431 1027 2463 tutum
1050 2435 1117 2462 me
1140 2424 1194 2463 ab
1215 2422 1412 2465 insidiis
1403 2423 1568 2464 mimici

138 2477 325 2520 sciebam
349 2493 434 2519 non
456 2478 664 2519 f·.utu1um
686 2479 932 2534 compulsus
954 2494 1020 2529 e0,
1049 2493 1136 2534 quo
1159 2479 1335 2520 minime
1359 2479 1568 2530 volebam,

138 2547 192 2574 ne
224 2536 267 2575 in
296 2536 500 2576 extremis
536 2549 686 2585 essem,
718 2536 842 2591 plane
871 2536 1059 2592 pericula
1089 2551 1175 2577 non
1197 2537 1445 2577 dubitante}
1468 2537 1568 2577 adii.

136 2589 351 2633 Caesarem
372 2607 486 2643 vero,
516 2593 629 2648 quod
650 2607 721 2633 me
744 2593 787 2634 in
810 2604 929 2635 tanta
961 2593 1149 2644 fortuna,
1179 2594 1308 2634 modo
1328 2594 1570 2649 cognitum,

140 2649 526 2691 vetustissimorum
543 2649 819 2691 familiarium
838 2650 933 2692 loco
950 2651 988 2691 h·
981 2651 1117 2701 abuit,
1135 2651 1266 2691 dilexi
1288 2664 1454 2691 summa
1471 2665 1569 2692 cum

188 2776 222 2806 17
248 2773 303 2804 Ne
317 2774 460 2814 movear]
482 2774 561 2805 Haec
571 2780 618 2806 est
636 2784 711 2806 vera
724 2774 836 2812 lectio,
878 2774 917 2805 de
932 2774 1049 2811 Balbo,
1066 2778 1124 2804 aut
1137 2774 1201 2804 alio
1216 2784 1280 2813 quo
1296 2774 1494 2807 Caesariano.
1524 2776 1577 2806 Sic

142 2821 180 2844 ut
199 2820 371 2846 contextus
395 2817 489 2846 facile
514 2813 621 2853 docet,
635 2817 785 2857 inprimis
799 2816 836 2846 il-
879 2822 911 2847 et
927 2816 1016 2846 dedit
1032 2816 1191 2847 Graevius.
1215 2815 1278 2847 Sed
1291 2816 1371 2847 Mss.
1383 2818 1447 2848 mei
1458 2823 1493 2849 et
1504 2817 1576 2849 edd.

142 2857 218 2887 lud:
242 2858 319 2887 adeo
341 2862 386 2888 est
411 2859 532 2888 invisus
548 2860 637 2889 mihi.
661 2859 773 2889 Sermo
789 2863 837 2888 est
880 2864 959 2888 vett.
978 2868 1137 2889 moveare.
