1903 3218
337 100 413 138 292
657 102 835 143 EPIST.
863 104 1049 144 LIBER
1076 106 1443 145 UNDECIMUS

337 202 436 255 Sed,
470 214 517 246 ut
545 217 707 259 moneS,
738 207 905 251 frenum
938 211 1166 253 momordi.
1195 210 1353 251 etenim
1388 210 1477 265 qui,
1508 217 1548 251 te
1581 208 1761 259 incluso,

337 275 506 303 ornnem
532 278 649 319 spem
674 265 894 309 habuerim
919 267 960 308 in
986 281 1040 318 te,
1063 269 1164 324 quid
1190 282 1302 309 nuuc
1326 270 1476 323 putas?
1509 266 1653 321 Cupio
1669 265 1762 320 jam

336 318 526 374 Vigiliam
563 335 715 372 meam,
747 323 895 373 Brute,
926 325 1004 366 tibi
1035 325 1223 366 tradere:
1257 325 1326 365 sed
1358 324 1431 373 ita,
1469 333 1515 364 ut
1543 338 1596 364 ne
1625 323 1760 364 desim

335 378 592 419 coustantiae
631 393 753 421 meae.
815 381 944 427 Quod
978 383 1144 432 scribis,
1175 382 1217 422 in
1254 380 1378 421 Italia
1409 391 1449 421 te
1481 391 1762 429 moraturum,

334 432 436 473 dum
461 434 538 475 tibi
562 434 715 476 litterae
741 450 845 478 meae
870 438 1068 479 veniant:
1101 439 1134 478 si
1167 452 1240 493 per
1262 437 1427 478 hostem
1451 437 1565 487 licet,
1588 451 1672 478 non
1696 450 1761 476 er·

204 502 236 532 P·
256 494 322 526 179.
336 490 453 530 raris.
485 491 619 531 multa
650 493 764 533 enim
798 492 966 534 Romae.
1001 495 1064 535 sin
1096 494 1281 535 adventu
1314 503 1387 536 tuo
1420 494 1574 535 bellum
1605 492 1761 534 confici

291 544 491 602 ³·potest,
535 548 641 588 nihil
683 549 738 589 sit
778 550 1011 604 antiquius.
1074 549 1264 591 Pecunia
1300 552 1625 607 expeditissima
1663 564 1759 605 quae

333 614 438 653 erat,
463 604 540 644 tibi
564 604 734 646 decreta
754 616 832 647 est.
897 606 1043 648 Habes
1074 607 1412 648 amantissimum
1438 609 1650 650 Servium.
1682 621 1760 647 nos

332 674 418 700 non
442 661 657 702 desumus.
693 677 784 704 ux.
812 662 913 704 Idus
933 663 1102 706 Junias.

261 743 313 779 25
842 762 1246 801 ARGUMENTUM.

328 823 544 871 Exspectari
569 837 591 859 a
609 836 645 860 se
664 824 774 861 Bruti
796 825 940 862 litteras
959 828 1036 863 ait:
1064 826 1134 862 sibi
1160 826 1255 863 nihil
1281 838 1353 863 esse
1380 806 1476 875 quod
1501 827 1693 863 scriberet:
1723 827 1760 861 iu

707 878 784 925 ipso
803 883 837 913 et
857 878 997 914 Planco
1014 890 1112 927 spem
1130 890 1268 915 omnem
1287 891 1368 916 esse.

651 942 718 984 Μ.
743 943 794 985 Τ.
819 944 871 986 C.
907 944 963 987 D.
988 944 1199 987 BRUTO
1231 945 1275 988 S.
1302 945 1351 987 P.
1377 944 1434 987 D.

331 995 777 1053 EXSPECTANTI
800 1012 905 1053 mihi
927 1022 1019 1053 tuas
1037 1013 1232 1068 quotidie
1251 1013 1429 1064 litteras,
1450 1013 1595 1068 Lupus
1614 1023 1758 1053 noster

327 1065 470 1106 subito
492 1066 777 1119 denuntiavit,
803 1078 849 1109 ut
869 1070 921 1110 ad
946 1079 987 1110 te
1007 1071 1252 1120 scriberem,
1275 1071 1307 1110 si
1327 1070 1432 1126 quid
1453 1070 1616 1111 vellem.
1660 1068 1757 1125 Ego

326 1132 484 1173 autem,
506 1125 601 1175 etsi,
623 1125 791 1180 6⁴quod
811 1127 1056 1178 scriberem,
1079 1142 1164 1169 non
1184 1127 1413 1178 habebam,
1437 1131 1551 1179 (acta
1571 1126 1684 1167 enim
1704 1126 1756 1167 ad

327 1189 367 1220 te
389 1180 503 1220 mitti
528 1182 732 1232 sciebam,
766 1183 933 1224 inanem
964 1195 1107 1226 autem
1137 1199 1376 1226 sermonem
1408 1184 1643 1225 litterarum
1676 1183 1754 1224 tibi

324 1236 608 1291 injucundum
643 1254 733 1280 esse
765 1240 1029 1292 audiebam)
1067 1241 1322 1283 brevitatem
1362 1251 1532 1283 secutus
1566 1254 1674 1290 sum,
1715 1248 1757 1280 te

324 1294 547 1350 magistro.
608 1296 728 1337 Scito
761 1297 907 1352 igitur,
940 1298 983 1339 in
1020 1309 1060 1339 te
1092 1308 1136 1339 et
1162 1299 1206 1340 in
1237 1298 1404 1354 collega
1433 1312 1552 1354 spem
1584 1311 1756 1338 omnem

322 1362 428 1392 esse.
474 1350 540 1392 De
565 1352 700 1394 Bruto
722 1363 864 1395 autem
888 1355 995 1396 nihil
1015 1355 1157 1397 adhuc
1177 1356 1308 1397 certi:
1337 1370 1465 1411 quem
1487 1369 1584 1410 ege,
1606 1368 1755 1410 quem-

320 1407 552 1449 admodum
578 1410 792 1466 praecipis,
814 1412 990 1466 privatis
1009 1412 1162 1454 litteris
1184 1413 1235 1454 ad
1262 1412 1417 1453 bellum
1435 1425 1663 1453 commune
1682 1425 1755 1451 vo-

320 1479 418 1506 care
441 1480 524 1506 non
548 1465 722 1509 desino:
755 1469 828 1523 qui
849 1468 1013 1510 utinam
1029 1469 1122 1525 jam
1142 1470 1331 1511 adesset!
1363 1469 1614 1510 intestinum
1640 1468 1754 1508 urbis

320 1521 494 1573 malum,
528 1523 643 1579 quod
681 1534 744 1564 est
785 1539 869 1565 non
905 1527 1136 1576 mediocre,
1167 1526 1308 1567 minus
1348 1526 1608 1566 timeremus.
1670 1523 1752 1565 Sed

319 1579 420 1634 quid
444 1582 557 1634 ago?
587 1581 627 1610 65
643 1595 727 1622 non
752 1582 898 1623 imitor
918 1590 1123 1636 λακωνισμὶν
1148 1592 1283 1624 tuum.
1316 1582 1448 1623 altera
1470 1582 1564 1637 jam
1588 1580 1755 1638 pagella

319 1637 529 1691 procedit.
591 1637 742 1690 Vince,
763 1649 806 1680 et
831 1639 936 1681 vale.
962 1654 1063 1682 xlv,
1091 1640 1188 1682 Kal.
1214 1639 1446 1687 Quintiles.

248 1716 304 1757 26
834 1739 1239 1777 ARGUMENTUM.

318 1797 506 1835 Sollicitus
519 1800 562 1836 ol>
575 1802 730 1837 Antonii
748 1813 827 1837 cum
843 1802 982 1850 Lepido
1001 1801 1298 1848 conjunctionem,
1315 1803 1471 1849 legiones
1485 1802 1751 1850 quamprimum

704 1854 773 1889 sibi
792 1859 826 1889 et
842 1855 1063 1902 stipendium
1083 1856 1180 1890 mitti
1195 1855 1372 1903 postulat.

635 1919 691 1960 D.
717 1920 769 1961 B.
804 1919 937 1962 IMP.
972 1921 1040 1962 M.
1063 1921 1113 1963 T.
1139 1921 1191 1962 C.
1225 1922 1267 1962 S.
1296 1921 1344 1962 P.
1371 1921 1428 1962 D.

314 1974 355 2004 66
369 1974 440 2028 IN
464 1986 655 2028 maximo
679 2002 774 2029 meo
797 1988 943 2030 dolore
965 1989 1048 2030 hoc
1068 1988 1220 2030 solatio
1239 1999 1350 2040 utor,
1367 1988 1481 2043 quod
1502 1985 1751 2042 intelligunt

315 2042 525 2094 homines,
557 2059 640 2085 uon
673 2045 764 2085 sine
788 2060 917 2086 causa
941 2060 1006 2086 me
1031 2046 1222 2087 timuisse
1247 2047 1341 2095 ista,
1363 2060 1460 2100 quae
1483 2044 1747 2086 acciderunt.

315 2100 581 2152 Delibeient,
605 2111 746 2142 utrum
773 2103 990 2158 trajiciant
1014 2102 1204 2159 legiones
1223 2117 1276 2144 ex
1295 2101 1458 2153 Africa,
1480 2103 1518 2135 67
1534 2114 1682 2151 necne,
1705 2108 1749 2140 et

311 2172 366 2199 ex
400 2157 610 2206 Sardinia,
640 2168 684 2200 et
714 2159 898 2201 Brutum
930 2170 1161 2211 arcessant,
1192 2174 1350 2201 necne:
1383 2170 1426 2200 et
1458 2158 1562 2200 mihi
1585 2158 1748 2213 stipen-

311 2215 430 2256 dium
452 2215 570 2265 dent,
592 2217 632 2247 68
646 2231 696 2257 an
723 2231 807 2258 non
832 2218 1078 2259 decernant.
1139 2217 1207 2258 Ad
1231 2226 1424 2258 senatum
1449 2215 1610 2257 litteras
1633 2214 1745 2256 misi.

313 2271 452 2313 Crede
490 2272 612 2323 mihi,
652 2273 786 2315 69njsi
827 2274 909 2315 ista
946 2275 1092 2316 omnia
1128 2275 1189 2315 ita
1225 2275 1345 2324 fiant,
1381 2272 1746 2329 quemadmodum

244 2326 253 2337 ⁴
310 2329 466 2379 scribe,
494 2343 699 2386 magnum
727 2344 804 2372 nos
836 2346 984 2373 omnes
1007 2332 1198 2373 adituros
1222 2331 1475 2388 periculum.
1535 2328 1665 2384 Rogo
1688 2336 1744 2379 te,

346 2470 388 2501 64
409 2470 491 2510 quid
508 2470 692 2508 scriberem,
715 2481 778 2501 non
802 2472 889 2513 Ιιαὸ.]
919 2483 1003 2504 corr.
1047 2471 1123 2503 Var.
1144 2471 1237 2502 Leet.
1252 2471 1404 2502 videntur
1425 2469 1578 2501 indicare.
1621 2467 1743 2498 Verum

301 2513 396 2554 quod,
413 2518 451 2544 ut
465 2521 574 2551 supra.
1045 2520 1158 2545 tamen
1185 2519 1280 2554 puto.
1323 2513 1434 2544 Prima
1460 2512 1557 2542 litera
1579 2521 1612 2542 m
1632 2510 1743 2541 absor-

344 2556 384 2586 65
399 2554 615 2594 non—tuum]
633 2554 710 2585 Non
723 2554 784 2586 boc
797 2556 1002 2595 interi-ogan-
1045 2556 1122 2597 psit.

301 2597 333 2628 di
356 2603 471 2627 notam
490 2596 613 2628 habere
635 2596 741 2628 debet.
766 2599 872 2628 immo.
888 2605 1000 2638 negat,
1087 2598 1126 2632 67
1150 2607 1208 2628 nec
1229 2606 1369 2627 rte—nee
1391 2595 1445 2635 ne]
1470 2595 1616 2626 Primum
1632 2606 1690 2627 nec
1704 2607 1746 2628 ne

301 2649 334 2670 se
350 2639 473 2669 imitari
492 2639 671 2678 λακωνισμδν
684 2640 794 2676 Bruti,
811 2645 853 2671 ut
865 2649 1001 2679 sequens
1044 2639 1218 2671 delendum
1236 2645 1327 2680 puto.

300 2681 456 2712 ostendit.
500 2680 574 2713 Alia
594 2683 667 2723 jam
690 2679 839 2723 exempla
859 2682 1000 2713 vidimus
1086 2682 1126 2712 68
1153 2692 1198 2711 an
1224 2692 1287 2711 non
1315 2681 1504 2721 decernant]
1537 2679 1654 2712 Addidi
1679 2691 1743 2713 non

301 2723 431 2753 similia.
1043 2734 1117 2754 eum
1135 2724 1276 2754 Graevio.
1304 2724 1526 2754 Consentiunt
1539 2723 1621 2754 Mss.
1638 2733 1742 2761 meus,

340 2765 382 2795 66
399 2766 439 2796 In
455 2768 600 2797 maz-imo
615 2775 662 2797 m.
676 2766 722 2806 d.]
742 2765 784 2797 In
800 2766 891 2797 abest
907 2766 996 2796 libris
1041 2766 1105 2797 Gu.
1127 2769 1151 2795 l.
1167 2768 1199 2797 2.
1215 2771 1249 2795 et
1264 2766 1336 2796 edd.
1354 2776 1403 2806 pr.

298 2807 468 2847 plerisque.
513 2808 660 2839 Graevius
683 2809 785 2839 tacite
807 2809 944 2845 addidit,
970 2810 997 2840 si
1082 2809 1123 2843 69
1144 2810 1208 2838 nisi
1228 2809 1253 2838 i.
1276 2818 1303 2838 ο.
1325 2809 1374 2838 ita
1383 2807 1495 2848 finnt]
1527 2807 1742 2838 scribendum

297 2854 409 2880 tamen
434 2859 499 2881 non
519 2856 568 2881 est
592 2859 763 2892 operarum
789 2851 927 2887 factum,
959 2858 997 2882 ut
1040 2859 1108 2882 esse
1106 2850 1478 2892 fiant,latinitasdocet.
1489 2850 1739 2882 etsiced.R0m.
