1903 3218
343 74 420 115 276
668 69 851 109 EPIST.
879 67 1068 107 LIBER
1095 65 1453 132 UNDECIMUS

347 174 572 231 quisquam
601 188 726 230 posse
755 173 936 223 videtur,
970 172 1043 227 qui
1077 187 1154 214 nos
1187 170 1326 213 salvos
1357 181 1401 212 et
1432 170 1638 213 honestos
1656 171 1775 213 velit.

350 231 444 273 Nos
474 233 527 273 ab
551 232 676 272 initio
709 241 922 286 spectasse
954 230 1106 279 otium,
1140 243 1218 270 nec
1252 228 1486 284 quidquam
1510 228 1624 270 aliud
1647 227 1774 270 liber-

347 297 440 330 tate
461 289 680 331 communi
703 289 921 343 quaesisse,
942 287 1084 327 exitus
1103 285 1301 327 declarat.
1362 285 1522 327 Fallere
1555 299 1680 326 nemo
1700 298 1777 325 nos

352 355 510 402 potest,
534 347 612 386 nisi
638 356 707 386 tu:
736 345 849 399 quod
872 353 986 385 certe
1008 343 1128 384 abest
1151 357 1175 383 a
1204 351 1276 384 tua
1299 342 1455 382 virtute
1476 353 1520 382 et
1539 341 1647 383 fide:
1671 340 1778 381 ⁷sed

352 403 458 443 alius
480 418 605 443 nenio
629 401 875 442 facultatem
901 400 1029 440 habet
1050 399 1290 455 decipiendi
1323 414 1414 439 nos.
1448 397 1527 439 tibi
1555 398 1671 439 enim
1702 396 1775 438 uni

353 460 625 508 credidimus,
646 469 689 499 et
715 457 916 498 credituri
948 470 1106 495 sumus.
1168 455 1368 497 Maximo
1392 456 1444 496 de
1471 455 1594 496 nobis
1626 454 1780 495 timore

354 516 600 559 afficiuntur
622 515 746 555 amici
770 512 929 554 nostri:
962 512 1118 567 quibus
1139 512 1219 551 etsi
1245 522 1316 553 tua
1337 513 1440 554 fides
1459 511 1682 568 explorata
1702 518 1781 560 est,

356 583 498 614 tamen
541 571 642 612 illud
681 571 721 610 in
757 582 942 611 mentem
970 568 1100 617 venit,
1133 568 1450 610 multitudinem
1488 578 1782 610 veteranorum

358 629 524 671 facilius
559 627 717 683 impelli
742 630 759 658 8
774 628 827 668 ab
852 626 935 667 alio
957 625 1165 680 quolibet,
1188 639 1316 679 quam
1340 641 1365 666 a
1387 635 1428 666 te
1450 626 1619 666 retineri
1647 637 1782 680 posse.

358 685 586 727 Rescribas
620 684 745 725 nobis
766 684 818 724 ad
840 683 999 731 omnia,
1019 696 1233 736 rogamus.
1295 681 1406 723 Nam
1430 681 1530 723 illud
1553 681 1672 722 valde
1693 680 1785 721 leve

357 754 422 783 est
449 757 498 783 ac
518 741 807 797 nugatorium,
823 754 872 780 ea
889 754 931 779 re
954 742 972 772 9
986 738 1284 779 denuntiatum
1312 751 1403 778 esse
1428 738 1652 789 veteranis,
1670 736 1785 792 quod

358 801 412 841 de
434 798 671 841 commodis
692 811 838 838 eorum
863 809 1005 836 mense
1026 794 1161 837 Junio
1178 794 1337 836 laturus
1356 808 1481 835 esses.
1514 795 1654 842 Quem
1671 794 1786 837 enim

360 855 670 911 impedimento
701 853 891 894 futurum
916 861 1054 908 putaS,
1076 866 1173 893 cum
1197 852 1249 893 de
1271 852 1395 893 nobis
1425 860 1603 897 certum.
1618 852 1688 900 sit,
1709 864 1786 891 nos

358 913 602 969 quieturos?
635 910 734 952 Non
770 910 975 951 debemus
1011 909 1212 965 cuiquam
1253 908 1385 949 videri
1422 908 1601 949 nimium
1641 908 1784 962 cupidi

360 970 475 1019 vitae,
498 983 595 1010 cum
619 967 811 1009 accidere
835 966 958 1008 nobis
978 965 1085 1007 nihil
1103 966 1239 1022 possit
1260 966 1350 1008 sine
1374 965 1561 1022 pernicie
1577 973 1621 1005 et
1638 962 1789 1006 confu-

360 1027 479 1068 sione
499 1025 691 1067 omnium
717 1038 872 1066 rerum.

324 1135 350 1172 3
875 1121 1279 1160 ARGUMENTUM.

365 1189 640 1226 contumeliosis
673 1192 709 1224 et
740 1186 939 1224 minacibus
956 1185 1285 1285 ίῖιὶιιξὶἒὶὶεάίηίοηὶὶ
1321 1185 1531 1233 respondent
1561 1182 1720 1233 sortiter
1753 1196 1796 1220 ac

233 1318 267 1350 i·-
284 1308 356 1384 162:
395 1304 637 1350 BRUTUS
671 1304 745 1348 ET
776 1302 1290 1402 CASSIUSCglsirETT.
1323 1303 1366 1345 S.
1389 1303 1446 1345 D.
1478 1301 1765 1345 ANTONIO

370 1420 423 1473 S.
443 1431 495 1472 V.
527 1430 580 1473 B.
606 1429 657 1472 Ε.
718 1429 901 1472 Litteras
933 1436 1026 1469 tuas
1061 1428 1258 1483 legimus,
1292 1427 1527 1470 simillimas
1557 1427 1687 1469 edicti
1720 1428 1795 1477 tui,

367 1487 714 1537 contumeliosas,
733 1486 936 1535 minaces,
957 1485 1134 1526 minime
1152 1484 1319 1539 dignas,
1341 1499 1437 1539 quae
1453 1500 1478 1525 a
1497 1494 1538 1525 te
1555 1484 1680 1525 nobis
1701 1485 1796 1524 mit-

369 1552 573 1587 terentur.
633 1542 742 1594 Nos,
769 1541 950 1592 Antoni,
980 1551 1022 1582 te
1046 1541 1159 1582 nulla
1181 1540 1441 1583 lacessiimus
1464 1541 1636 1596 injuria,
1662 1554 1798 1595 neque

368 1603 622 1645 miraturum
645 1600 920 1650 credidimus,
952 1599 985 1639 si
1019 1608 1238 1654 praetoreS‚
1272 1608 1315 1639 et
1347 1613 1397 1639 ea
1425 1598 1638 1654 dignitate
1659 1597 1798 1638 homi-

371 1674 460 1711 neS,
482 1658 642 1714 aliquid
667 1660 704 1688 ¹⁰
717 1657 860 1699 edicto
891 1657 1222 1712 postulassemus
1254 1669 1278 1695 a
1300 1655 1489 1697 consule.
1550 1654 1717 1701 Quodsi
1737 1655 1801 1695 in-

371 1716 578 1773 dignariS,
599 1729 725 1756 ausos
745 1728 837 1756 esse
854 1713 895 1754 id
920 1712 1084 1754 facere:
1116 1713 1305 1753 concede
1331 1712 1471 1763 nobis,
1500 1722 1548 1752 ut
1568 1711 1802 1762 doleamus,

372 1787 430 1814 ne
459 1773 542 1815 hoc
573 1772 746 1828 quidem
778 1771 854 1812 abs
885 1780 928 1812 te
964 1769 1101 1811 Bruto
1133 1778 1177 1809 et
1209 1768 1361 1810 Cassio
1396 1769 1542 1811 tribui.
1603 1768 1717 1810 Nam
1750 1768 1803 1809 de

374 1830 605 1871 dilectibus
635 1828 812 1878 habitis,
835 1837 878 1868 et
912 1827 1105 1883 pecuniis
1139 1826 1373 1881 imperatis,
1399 1825 1663 1868 exercitibus
1688 1824 1803 1866 solli-

375 1887 533 1938 citatis,
554 1895 598 1927 et
618 1887 652 1916 11
671 1885 834 1926 nuntiis
856 1893 971 1924 trans
994 1897 1108 1924 mare
1130 1883 1284 1934 missis,
1301 1883 1413 1938 quod
1436 1893 1477 1924 te
1495 1893 1694 1938 questum
1713 1895 1803 1924 esse

376 1958 534 1999 negas;
563 1956 642 1983 nos
662 1942 836 1998 quidem
857 1941 937 1982 tibi
958 1940 1186 1990 credimus,
1209 1940 1376 1996 optimo
1396 1940 1540 1981 animo
1562 1947 1605 1980 te
1627 1939 1804 1981 fecisse:

376 2002 449 2042 ned
472 2010 613 2042 tamen
637 2013 774 2054 neque
795 1998 1068 2054 agnoscimus
1087 1997 1320 2053 quidquam
1350 2011 1520 2048 eorum;
1551 2006 1594 2038 et
1616 2005 1658 2038 te
1679 1995 1806 2037 mira-

376 2071 487 2109 mur,
507 2071 605 2099 cum
624 2055 719 2098 haec
742 2054 975 2106 reticueris,
993 2069 1079 2096 non
1101 2055 1289 2109 potuisse
1302 2055 1522 2095 continere
1545 2052 1808 2095 iracundiam

379 2123 512 2165 tuam,
532 2113 638 2168 quin
660 2113 786 2155 nobis
822 2113 876 2155 de
906 2121 1046 2153 morte
1079 2110 1263 2152 Caesaris
1288 2111 1513 2167 objiceres.
1574 2109 1686 2152 Illud
1708 2123 1808 2151 vero

378 2170 740 2226 quemadmodum
767 2168 990 2211 ferendum
1012 2169 1082 2219 sit,
1112 2176 1204 2210 tute
1225 2169 1395 2224 cogita:
1428 2183 1514 2209 non
1545 2167 1670 2209 licere
1699 2181 1809 2223 prae-

381 2229 561 2279 toribus,
581 2227 824 2269 concordiae
843 2241 893 2268 ac
911 2225 1120 2268 libertatis
1139 2239 1282 2277 causa,
1308 2229 1344 2257 ¹2
1358 2239 1432 2282 per
1450 2225 1638 2268 edictum
1661 2224 1716 2266 de
1734 2238 1810 2265 suo

421 2369 440 2401 7
462 2366 520 2398 ced
539 2367 626 2397 alius
651 2366 757 2406 nemo]
797 2364 914 2397 Malim
942 2369 972 2396 et
994 2366 1081 2396 alius
1121 2365 1161 2397 de
1175 2374 1209 2396 re
1224 2371 1259 2397 et
1274 2367 1350 2405 jure
1365 2367 1525 2397 universe.
1540 2365 1684 2406 pertinet
1699 2369 1811 2396 autem

380 2419 484 2442 nemo.
509 2409 569 2440 Sed
586 2407 646 2439 hoe
664 2408 709 2438 nil
722 2408 831 2440 differt
844 2407 885 2439 ab
900 2407 977 2438 illo:
1002 2407 1080 2439 Fat-
1121 2419 1173 2445 e0,
1201 2409 1288 2448 quod
1309 2408 1416 2439 edicto
1439 2407 1657 2448 postularant,
1687 2412 1725 2437 ut
1753 2407 1815 2438 sibi

380 2453 448 2483 lere
457 2458 550 2481 nemo
564 2459 620 2480 nos
627 2460 664 2489 p.
678 2459 712 2480 n.
729 2454 751 2480 t.
1119 2450 1230 2480 decern
1245 2450 1311 2480 dies
1326 2452 1435 2482 abesse
1449 2449 1562 2480 liceret
1577 2448 1617 2479 ab
1630 2449 1723 2485 urbe,
1738 2458 1813 2480 cum

425 2497 443 2525 8
467 2494 508 2524 ab
522 2494 586 2523 ako
607 2492 757 2531 quolibet]
786 2491 857 2522 Hoc
881 2500 992 2522 verum
1014 2496 1077 2529 est,
1120 2496 1229 2523 essent
1244 2498 1410 2533 praetores.
1456 2491 1519 2524 Res
1533 2495 1626 2532 patet
1639 2501 1656 2522 e
1673 2490 1814 2532 Philipp.

384 2545 451 2566 non
466 2535 553 2575 quod
573 2534 739 2564 victorius
759 2533 861 2565 edidit
884 2542 960 2564 cum
974 2533 1079 2573 pluri-
1122 2534 1167 2565 11.

385 2578 443 2609 bus
466 2582 553 2618 post,
578 2577 619 2607 ab
642 2577 729 2613 aliis,
750 2585 810 2617 quo
833 2576 928 2605 libet:
952 2586 1027 2606 nam
1043 2579 1078 2606 et
1166 2578 1197 2607 ii
1223 2576 1351 2607 nunciie
1378 2579 1472 2606 trans
1500 2584 1593 2606 mare
1619 2574 1739 2615 missis]
1766 2574 1816 2607 Ad

384 2620 523 2650 nimium
540 2619 602 2649 hoc
625 2624 686 2655 est,
701 2623 735 2649 et
757 2627 822 2648 non
839 2619 919 2648 bene
942 2619 1079 2658 opponi-
1118 2617 1274 2657 quosdam
1298 2619 1331 2648 in
1356 2617 1432 2648 Asia
1449 2623 1617 2658 praetoreS,
1640 2622 1679 2648 ut
1693 2617 1816 2649 exerci-

384 2669 440 2692 tur
455 2659 674 2701 sequentibus.
1118 2666 1174 2692 tus
1189 2666 1352 2700 pararent.

426 2708 445 2737 9
468 2704 702 2733 denunciatum
729 2711 793 2733 esse
819 2700 996 2740 veteranis]
1030 2700 1079 2732 Ut
1168 2705 1205 2733 12
1221 2710 1258 2740 p.
1283 2713 1310 2733 e.
1335 2702 1374 2732 de
1387 2711 1443 2732 suo
1456 2699 1539 2741 jure
1553 2700 1716 2741 decedere]
1738 2701 1767 2733 i.
1787 2710 1815 2736 e.

387 2746 427 2775 ad
441 2750 564 2775 certam
579 2745 663 2775 diem
680 2743 795 2775 Romae
807 2747 927 2774 essent.
945 2754 975 2774 v.
989 2742 1080 2774 Clav.
1122 2754 1197 2775 curn
1214 2750 1346 2783 possent
1368 2743 1483 2776 Romae
1508 2744 1739 2783 magistratum
1762 2752 1818 2783 ge·

432 2790 468 2817 10
499 2788 598 2818 edicto
618 2785 883 2825 postulassemus]
919 2784 1082 2824 Loquitur
1124 2796 1207 2823 rere,
1235 2787 1275 2816 ab
1294 2786 1373 2817 urbe
1395 2790 1508 2817 tamen
1520 2786 1646 2823 abesse,
1662 2786 1754 2825 cujus
1769 2784 1817 2816 ini
