<?xml version="1.0" encoding="UTF-8"?>
<!DOCTYPE html PUBLIC "-//W3C//DTD XHTML 1.0 Transitional//EN"
    "http://www.w3.org/TR/xhtml1/DTD/xhtml1-transitional.dtd">
<html xmlns="http://www.w3.org/1999/xhtml" xml:lang="en" lang="en">
 <head>
  <title>
</title>
<meta http-equiv="Content-Type" content="text/html;charset=utf-8" />
  <meta name='ocr-system' content='tesseract 3.04.00' />
  <meta name='ocr-capabilities' content='ocr_page ocr_carea ocr_par ocr_line ocrx_word'/>
</head>
<body>
  <div class='ocr_page' id='page_1' title='image "./p1operaomnia03ciceuoft_0032.png"; bbox 0 0 1817 3196; ppageno 0'>
   <div class='ocr_carea' id='block_1_1' title="bbox 249 82 1711 1834">
    <p class='ocr_par' dir='ltr' id='par_1_1' title="bbox 266 82 1706 811">
     <span class='ocr_line' id='line_1_1' title="bbox 267 82 1313 126; baseline 0.006 -8"><span class='ocrx_word' id='word_1_1' title='bbox 267 82 319 118; x_wconf 77' lang='lat'>‘24</span> <span class='ocrx_word' id='word_1_2' title='bbox 665 83 845 123; x_wconf 88' lang='lat' dir='ltr'><strong>EPIST.</strong></span> <span class='ocrx_word' id='word_1_3' title='bbox 873 84 1060 123; x_wconf 85' lang='lat' dir='ltr'><strong>LIBER</strong></span> <span class='ocrx_word' id='word_1_4' title='bbox 1086 85 1313 126; x_wconf 87' lang='lat' dir='ltr'>PRIMUS</span> 
     </span>
     <span class='ocr_line' id='line_1_2' title="bbox 269 181 1696 236; baseline 0.006 -14"><span class='ocrx_word' id='word_1_5' title='bbox 269 181 516 236; x_wconf 87' lang='lat' dir='ltr'>voluissent,</span> <span class='ocrx_word' id='word_1_6' title='bbox 538 199 657 228; x_wconf 86' lang='lat' dir='ltr'>suam</span> <span class='ocrx_word' id='word_1_7' title='bbox 682 188 978 230; x_wconf 83' lang='lat' dir='ltr'>auctoritatem</span> <span class='ocrx_word' id='word_1_8' title='bbox 1005 189 1128 229; x_wconf 89' lang='lat' dir='ltr'>simul</span> <span class='ocrx_word' id='word_1_9' title='bbox 1151 204 1245 230; x_wconf 87' lang='lat' dir='ltr'>cum</span> <span class='ocrx_word' id='word_1_10' title='bbox 1279 190 1412 231; x_wconf 87' lang='lat' dir='ltr'>salute</span> <span class='ocrx_word' id='word_1_11' title='bbox 1450 204 1543 231; x_wconf 85' lang='lat' dir='ltr'>mea</span> <span class='ocrx_word' id='word_1_12' title='bbox 1578 204 1696 231; x_wconf 87' lang='lat' dir='ltr'>recu-</span> 
     </span>
     <span class='ocr_line' id='line_1_3' title="bbox 267 241 1698 296; baseline 0.006 -16"><span class='ocrx_word' id='word_1_13' title='bbox 267 251 500 295; x_wconf 83' lang='lat' dir='ltr'>perassent.</span> <span class='ocrx_word' id='word_1_14' title='bbox 559 246 598 274; x_wconf 81' lang='lat'>55</span> <span class='ocrx_word' id='word_1_15' title='bbox 616 243 834 296; x_wconf 70' lang='lat' dir='ltr'>Recreatis</span> <span class='ocrx_word' id='word_1_16' title='bbox 872 246 985 285; x_wconf 87' lang='lat' dir='ltr'>enim</span> <span class='ocrx_word' id='word_1_17' title='bbox 1024 241 1157 286; x_wconf 59' lang='lat' dir='ltr'><strong>bonis„</strong></span> <span class='ocrx_word' id='word_1_18' title='bbox 1178 247 1277 286; x_wconf 82' lang='lat' dir='ltr'>viris</span> <span class='ocrx_word' id='word_1_19' title='bbox 1300 247 1520 288; x_wconf 85' lang='lat' dir='ltr'>consulatu</span> <span class='ocrx_word' id='word_1_20' title='bbox 1545 258 1633 296; x_wconf 88' lang='lat' dir='ltr'>tuo,</span> <span class='ocrx_word' id='word_1_21' title='bbox 1654 256 1698 287; x_wconf 86' lang='lat' dir='ltr'>et</span> 
     </span>
     <span class='ocr_line' id='line_1_4' title="bbox 269 299 1694 356; baseline 0.005 -19"><span class='ocrx_word' id='word_1_22' title='bbox 269 299 626 340; x_wconf 84' lang='lat' dir='ltr'>constantissimis</span> <span class='ocrx_word' id='word_1_23' title='bbox 647 312 774 355; x_wconf 88' lang='lat' dir='ltr'>atque</span> <span class='ocrx_word' id='word_1_24' title='bbox 795 302 970 356; x_wconf 85' lang='lat' dir='ltr'>optimis</span> <span class='ocrx_word' id='word_1_25' title='bbox 997 303 1238 342; x_wconf 82' lang='lat' dir='ltr'>actionibus</span> <span class='ocrx_word' id='word_1_26' title='bbox 1269 304 1351 343; x_wconf 83' lang='lat' dir='ltr'>tuis</span> <span class='ocrx_word' id='word_1_27' title='bbox 1373 305 1588 354; x_wconf 80' lang='lat' dir='ltr'>excitatis,</span> <span class='ocrx_word' id='word_1_28' title='bbox 1611 302 1694 343; x_wconf 86' lang='lat' dir='ltr'>Cn.</span> 
     </span>
     <span class='ocr_line' id='line_1_5' title="bbox 272 352 1700 413; baseline 0.006 -20"><span class='ocrx_word' id='word_1_29' title='bbox 272 352 482 409; x_wconf 88' lang='lat' dir='ltr'>Pompeio</span> <span class='ocrx_word' id='word_1_30' title='bbox 508 357 740 411; x_wconf 81' lang='lat' dir='ltr'>praesertim</span> <span class='ocrx_word' id='word_1_31' title='bbox 770 357 823 398; x_wconf 90' lang='lat' dir='ltr'>ad</span> <span class='ocrx_word' id='word_1_32' title='bbox 851 372 1021 398; x_wconf 81' lang='lat' dir='ltr'>causam</span> <span class='ocrx_word' id='word_1_33' title='bbox 1045 358 1277 413; x_wconf 85' lang='lat' dir='ltr'>adjuncto:</span> <span class='ocrx_word' id='word_1_34' title='bbox 1309 373 1407 400; x_wconf 88' lang='lat' dir='ltr'>cum</span> <span class='ocrx_word' id='word_1_35' title='bbox 1438 361 1566 401; x_wconf 88' lang='lat' dir='ltr'>etiam</span> <span class='ocrx_word' id='word_1_36' title='bbox 1600 359 1700 401; x_wconf 88' lang='lat' dir='ltr'>Cae-</span> 
     </span>
     <span class='ocr_line' id='line_1_6' title="bbox 272 412 1700 469; baseline 0.006 -20"><span class='ocrx_word' id='word_1_37' title='bbox 272 424 351 460; x_wconf 85' lang='lat' dir='ltr'>sar,</span> <span class='ocrx_word' id='word_1_38' title='bbox 375 412 498 452; x_wconf 84' lang='lat' dir='ltr'>rebus</span> <span class='ocrx_word' id='word_1_39' title='bbox 522 413 719 453; x_wconf 83' lang='lat' dir='ltr'>maximis</span> <span class='ocrx_word' id='word_1_40' title='bbox 743 415 888 468; x_wconf 82' lang='lat' dir='ltr'>gestis,</span> <span class='ocrx_word' id='word_1_41' title='bbox 912 415 1197 469; x_wconf 79' lang='lat' dir='ltr'>singularibus</span> <span class='ocrx_word' id='word_1_42' title='bbox 1219 425 1393 457; x_wconf 86' lang='lat' dir='ltr'>ornatus</span> <span class='ocrx_word' id='word_1_43' title='bbox 1414 426 1456 457; x_wconf 93' lang='lat' dir='ltr'>et</span> <span class='ocrx_word' id='word_1_44' title='bbox 1480 417 1600 457; x_wconf 86' lang='lat' dir='ltr'>novis</span> <span class='ocrx_word' id='word_1_45' title='bbox 1622 416 1700 457; x_wconf 92' lang='lat' dir='ltr'>ho-</span> 
     </span>
     <span class='ocr_line' id='line_1_7' title="bbox 270 467 1699 528; baseline 0.003 -21"><span class='ocrx_word' id='word_1_46' title='bbox 270 467 447 508; x_wconf 89' lang='lat' dir='ltr'>noribus</span> <span class='ocrx_word' id='word_1_47' title='bbox 469 484 518 509; x_wconf 82' lang='lat' dir='ltr'>ae</span> <span class='ocrx_word' id='word_1_48' title='bbox 534 469 711 522; x_wconf 82' lang='lat' dir='ltr'>judiciis</span> <span class='ocrx_word' id='word_1_49' title='bbox 733 480 917 520; x_wconf 85' lang='lat' dir='ltr'>senatus,</span> <span class='ocrx_word' id='word_1_50' title='bbox 939 471 990 511; x_wconf 88' lang='lat' dir='ltr'>ad</span> <span class='ocrx_word' id='word_1_51' title='bbox 1014 473 1312 513; x_wconf 82' lang='lat' dir='ltr'>auctoritatem</span> <span class='ocrx_word' id='word_1_52' title='bbox 1335 473 1427 528; x_wconf 82' lang='lat' dir='ltr'>ejus</span> <span class='ocrx_word' id='word_1_53' title='bbox 1445 474 1606 514; x_wconf 85' lang='lat' dir='ltr'>ordinis</span> <span class='ocrx_word' id='word_1_54' title='bbox 1625 473 1699 513; x_wconf 83' lang='lat' dir='ltr'>ad-</span> 
     </span>
     <span class='ocr_line' id='line_1_8' title="bbox 266 523 1699 585; baseline 0.003 -21"><span class='ocrx_word' id='word_1_55' title='bbox 266 523 546 579; x_wconf 80' lang='lat' dir='ltr'>jungeretur3</span> <span class='ocrx_word' id='word_1_56' title='bbox 579 526 679 566; x_wconf 87' lang='lat' dir='ltr'>nulli</span> <span class='ocrx_word' id='word_1_57' title='bbox 712 527 908 581; x_wconf 86' lang='lat' dir='ltr'>improbo</span> <span class='ocrx_word' id='word_1_58' title='bbox 931 528 1014 568; x_wconf 86' lang='lat' dir='ltr'>civi</span> <span class='ocrx_word' id='word_1_59' title='bbox 1041 528 1156 568; x_wconf 90' lang='lat' dir='ltr'>locus</span> <span class='ocrx_word' id='word_1_60' title='bbox 1193 528 1244 569; x_wconf 92' lang='lat' dir='ltr'>ad</span> <span class='ocrx_word' id='word_1_61' title='bbox 1279 530 1585 585; x_wconf 85' lang='lat' dir='ltr'>rempublicam</span> <span class='ocrx_word' id='word_1_62' title='bbox 1611 530 1699 570; x_wconf 92' lang='lat' dir='ltr'>vio-</span> 
     </span>
     <span class='ocr_line' id='line_1_9' title="bbox 275 580 1700 642; baseline 0.003 -20"><span class='ocrx_word' id='word_1_63' title='bbox 275 580 440 622; x_wconf 86' lang='lat' dir='ltr'>landam</span> <span class='ocrx_word' id='word_1_64' title='bbox 465 596 555 622; x_wconf 87' lang='lat' dir='ltr'>esse</span> <span class='ocrx_word' id='word_1_65' title='bbox 578 583 799 637; x_wconf 88' lang='lat' dir='ltr'>potuisset.</span> <span class='ocrx_word' id='word_1_66' title='bbox 860 584 940 624; x_wconf 85' lang='lat' dir='ltr'>Sed</span> <span class='ocrx_word' id='word_1_67' title='bbox 966 584 1152 634; x_wconf 80' lang='lat' dir='ltr'>attende,</span> <span class='ocrx_word' id='word_1_68' title='bbox 1174 600 1335 640; x_wconf 85' lang='lat' dir='ltr'>quaeso,</span> <span class='ocrx_word' id='word_1_69' title='bbox 1357 602 1453 642; x_wconf 87' lang='lat' dir='ltr'>quae</span> <span class='ocrx_word' id='word_1_70' title='bbox 1477 596 1574 627; x_wconf 90' lang='lat' dir='ltr'>sunt</span> <span class='ocrx_word' id='word_1_71' title='bbox 1596 600 1700 626; x_wconf 90' lang='lat' dir='ltr'>con-</span> 
     </span>
     <span class='ocr_line' id='line_1_10' title="bbox 274 638 1698 698; baseline 0.004 -21"><span class='ocrx_word' id='word_1_72' title='bbox 274 648 433 678; x_wconf 84' lang='lat' dir='ltr'>secuta.</span> <span class='ocrx_word' id='word_1_73' title='bbox 495 638 687 679; x_wconf 87' lang='lat' dir='ltr'>Primum</span> <span class='ocrx_word' id='word_1_74' title='bbox 711 640 781 680; x_wconf 83' lang='lat' dir='ltr'>illa</span> <span class='ocrx_word' id='word_1_75' title='bbox 803 640 913 682; x_wconf 87' lang='lat' dir='ltr'>furia</span> <span class='ocrx_word' id='word_1_76' title='bbox 934 641 1205 682; x_wconf 87' lang='lat' dir='ltr'>muliebrium</span> <span class='ocrx_word' id='word_1_77' title='bbox 1230 642 1498 698; x_wconf 80' lang='lat' dir='ltr'>religionum,</span> <span class='ocrx_word' id='word_1_78' title='bbox 1516 643 1588 697; x_wconf 84' lang='lat' dir='ltr'>qui</span> <span class='ocrx_word' id='word_1_79' title='bbox 1612 657 1698 682; x_wconf 92' lang='lat' dir='ltr'>non</span> 
     </span>
     <span class='ocr_line' id='line_1_11' title="bbox 271 693 1706 755; baseline 0.004 -21"><span class='ocrx_word' id='word_1_80' title='bbox 271 693 404 749; x_wconf 85' lang='lat' dir='ltr'>pluris</span> <span class='ocrx_word' id='word_1_81' title='bbox 422 694 577 735; x_wconf 78' lang='lat' dir='ltr'>fecerat</span> <span class='ocrx_word' id='word_1_82' title='bbox 602 696 767 737; x_wconf 87' lang='lat' dir='ltr'>Bonam</span> <span class='ocrx_word' id='word_1_83' title='bbox 793 697 929 748; x_wconf 88' lang='lat' dir='ltr'>deam,</span> <span class='ocrx_word' id='word_1_84' title='bbox 951 713 1079 752; x_wconf 87' lang='lat' dir='ltr'>quam</span> <span class='ocrx_word' id='word_1_85' title='bbox 1102 699 1175 739; x_wconf 84' lang='lat' dir='ltr'>tris</span> <span class='ocrx_word' id='word_1_86' title='bbox 1203 713 1381 740; x_wconf 83' lang='lat' dir='ltr'>sorores.</span> <span class='ocrx_word' id='word_1_87' title='bbox 1403 700 1706 755; x_wconf 85' lang='lat' dir='ltr'>impunitatem</span> 
     </span>
     <span class='ocr_line' id='line_1_12' title="bbox 270 751 1703 811; baseline 0.004 -21"><span class='ocrx_word' id='word_1_88' title='bbox 270 761 335 791; x_wconf 87' lang='lat' dir='ltr'>est</span> <span class='ocrx_word' id='word_1_89' title='bbox 357 751 523 792; x_wconf 88' lang='lat' dir='ltr'>illorum</span> <span class='ocrx_word' id='word_1_90' title='bbox 554 754 775 794; x_wconf 84' lang='lat' dir='ltr'>sententiis</span> <span class='ocrx_word' id='word_1_91' title='bbox 798 765 1029 805; x_wconf 78' lang='lat' dir='ltr'>assecutuS,</span> <span class='ocrx_word' id='word_1_92' title='bbox 1061 755 1132 810; x_wconf 89' lang='lat' dir='ltr'>qui</span> <span class='ocrx_word' id='word_1_93' title='bbox 1156 756 1215 807; x_wconf 73' lang='lat'>(56</span> <span class='ocrx_word' id='word_1_94' title='bbox 1228 770 1325 796; x_wconf 90' lang='lat' dir='ltr'>cum</span> <span class='ocrx_word' id='word_1_95' title='bbox 1349 757 1544 798; x_wconf 87' lang='lat' dir='ltr'>tribunus</span> <span class='ocrx_word' id='word_1_96' title='bbox 1567 756 1703 811; x_wconf 86' lang='lat' dir='ltr'>plebis</span> 
     </span>
    </p>

    <p class='ocr_par' dir='ltr' id='par_1_2' title="bbox 249 809 1711 1834">
     <span class='ocr_line' id='line_1_13' title="bbox 249 809 1706 868; baseline 0.004 -21"><span class='ocrx_word' id='word_1_97' title='bbox 249 831 257 840; x_wconf 87' lang='lat'><strong>·</strong></span> <span class='ocrx_word' id='word_1_98' title='bbox 273 821 423 862; x_wconf 84' lang='lat' dir='ltr'>poenas</span> <span class='ocrx_word' id='word_1_99' title='bbox 445 825 469 848; x_wconf 88' lang='lat' dir='ltr'>a</span> <span class='ocrx_word' id='word_1_100' title='bbox 490 809 692 850; x_wconf 86' lang='lat' dir='ltr'>seditioso</span> <span class='ocrx_word' id='word_1_101' title='bbox 714 811 799 850; x_wconf 86' lang='lat' dir='ltr'>civi</span> <span class='ocrx_word' id='word_1_102' title='bbox 822 826 895 866; x_wconf 90' lang='lat' dir='ltr'>per</span> <span class='ocrx_word' id='word_1_103' title='bbox 917 813 1051 852; x_wconf 86' lang='lat' dir='ltr'>bonos</span> <span class='ocrx_word' id='word_1_104' title='bbox 1075 812 1186 853; x_wconf 83' lang='lat' dir='ltr'>viros</span> <span class='ocrx_word' id='word_1_105' title='bbox 1208 812 1377 866; x_wconf 88' lang='lat' dir='ltr'>judicio</span> <span class='ocrx_word' id='word_1_106' title='bbox 1402 814 1595 868; x_wconf 82' lang='lat' dir='ltr'>persequi</span> <span class='ocrx_word' id='word_1_107' title='bbox 1621 812 1706 853; x_wconf 90' lang='lat' dir='ltr'>vel-</span> 
     </span>
     <span class='ocr_line' id='line_1_14' title="bbox 269 864 1705 924; baseline 0.005 -21"><span class='ocrx_word' id='word_1_108' title='bbox 269 864 345 911; x_wconf 81' lang='lat' dir='ltr'>let)</span> <span class='ocrx_word' id='word_1_109' title='bbox 377 865 621 920; x_wconf 75' lang='lat' dir='ltr'>exemplum</span> <span class='ocrx_word' id='word_1_110' title='bbox 651 868 1015 922; x_wconf 62' lang='lat' dir='ltr'>praeclarissimum</span> <span class='ocrx_word' id='word_1_111' title='bbox 1041 869 1082 909; x_wconf 92' lang='lat' dir='ltr'>in</span> <span class='ocrx_word' id='word_1_112' title='bbox 1108 879 1322 924; x_wconf 84' lang='lat' dir='ltr'>posterum</span> <span class='ocrx_word' id='word_1_113' title='bbox 1350 870 1617 910; x_wconf 85' lang='lat' dir='ltr'>vindicandae</span> <span class='ocrx_word' id='word_1_114' title='bbox 1641 883 1705 909; x_wconf 84' lang='lat' dir='ltr'>se-</span> 
     </span>
     <span class='ocr_line' id='line_1_15' title="bbox 269 920 1702 982; baseline 0.004 -22"><span class='ocrx_word' id='word_1_115' title='bbox 269 920 445 962; x_wconf 86' lang='lat' dir='ltr'>ditionis</span> <span class='ocrx_word' id='word_1_116' title='bbox 478 922 530 963; x_wconf 89' lang='lat' dir='ltr'>de</span> <span class='ocrx_word' id='word_1_117' title='bbox 560 924 778 979; x_wconf 84' lang='lat' dir='ltr'>republica</span> <span class='ocrx_word' id='word_1_118' title='bbox 814 925 1098 967; x_wconf 84' lang='lat' dir='ltr'>sustulerunt:</span> <span class='ocrx_word' id='word_1_119' title='bbox 1131 926 1345 982; x_wconf 83' lang='lat' dir='ltr'>iidemque</span> <span class='ocrx_word' id='word_1_120' title='bbox 1378 937 1540 982; x_wconf 86' lang='lat' dir='ltr'>postea,</span> <span class='ocrx_word' id='word_1_121' title='bbox 1563 929 1601 960; x_wconf 85' lang='lat'>57</span> <span class='ocrx_word' id='word_1_122' title='bbox 1617 940 1702 967; x_wconf 91' lang='lat' dir='ltr'>non</span> 
     </span>
     <span class='ocr_line' id='line_1_16' title="bbox 268 982 1703 1033; baseline 0.005 -16"><span class='ocrx_word' id='word_1_123' title='bbox 268 991 412 1018; x_wconf 87' lang='lat' dir='ltr'>meum</span> <span class='ocrx_word' id='word_1_124' title='bbox 450 990 791 1032; x_wconf 84' lang='lat' dir='ltr'>monumentum,</span> <span class='ocrx_word' id='word_1_125' title='bbox 828 986 932 1033; x_wconf 90' lang='lat' dir='ltr'>(non</span> <span class='ocrx_word' id='word_1_126' title='bbox 963 983 1076 1022; x_wconf 90' lang='lat' dir='ltr'>enim</span> <span class='ocrx_word' id='word_1_127' title='bbox 1110 983 1192 1023; x_wconf 86' lang='lat' dir='ltr'>illae</span> <span class='ocrx_word' id='word_1_128' title='bbox 1224 984 1438 1024; x_wconf 85' lang='lat' dir='ltr'>manubiae</span> <span class='ocrx_word' id='word_1_129' title='bbox 1472 997 1594 1033; x_wconf 86' lang='lat' dir='ltr'>meae,</span> <span class='ocrx_word' id='word_1_130' title='bbox 1630 982 1703 1023; x_wconf 87' lang='lat' dir='ltr'>sed</span> 
     </span>
     <span class='ocr_line' id='line_1_17' title="bbox 269 1035 1703 1090; baseline 0.003 -16"><span class='ocrx_word' id='word_1_131' title='bbox 269 1035 410 1089; x_wconf 88' lang='lat' dir='ltr'>operis</span> <span class='ocrx_word' id='word_1_132' title='bbox 461 1035 620 1077; x_wconf 81' lang='lat' dir='ltr'>locatio</span> <span class='ocrx_word' id='word_1_133' title='bbox 666 1052 761 1078; x_wconf 88' lang='lat' dir='ltr'>mea</span> <span class='ocrx_word' id='word_1_134' title='bbox 799 1038 969 1090; x_wconf 87' lang='lat' dir='ltr'>fuerat,)</span> <span class='ocrx_word' id='word_1_135' title='bbox 1011 1049 1339 1080; x_wconf 87' lang='lat' dir='ltr'>monumentum</span> <span class='ocrx_word' id='word_1_136' title='bbox 1377 1055 1476 1081; x_wconf 84' lang='lat' dir='ltr'>vero</span> <span class='ocrx_word' id='word_1_137' title='bbox 1518 1049 1703 1090; x_wconf 83' lang='lat' dir='ltr'>senatus,</span> 
     </span>
     <span class='ocr_line' id='line_1_18' title="bbox 270 1091 1703 1153; baseline 0.005 -23"><span class='ocrx_word' id='word_1_138' title='bbox 270 1092 309 1120; x_wconf 83' lang='lat'>58</span> <span class='ocrx_word' id='word_1_139' title='bbox 324 1091 468 1132; x_wconf 90' lang='lat' dir='ltr'>hostili</span> <span class='ocrx_word' id='word_1_140' title='bbox 493 1094 666 1134; x_wconf 89' lang='lat' dir='ltr'>nomine</span> <span class='ocrx_word' id='word_1_141' title='bbox 686 1103 729 1134; x_wconf 88' lang='lat' dir='ltr'>et</span> <span class='ocrx_word' id='word_1_142' title='bbox 750 1095 937 1136; x_wconf 89' lang='lat' dir='ltr'>cruentis</span> <span class='ocrx_word' id='word_1_143' title='bbox 961 1095 1149 1136; x_wconf 87' lang='lat' dir='ltr'>inustum</span> <span class='ocrx_word' id='word_1_144' title='bbox 1172 1095 1323 1136; x_wconf 87' lang='lat' dir='ltr'>litteris</span> <span class='ocrx_word' id='word_1_145' title='bbox 1345 1111 1435 1137; x_wconf 86' lang='lat' dir='ltr'>esse</span> <span class='ocrx_word' id='word_1_146' title='bbox 1454 1098 1565 1153; x_wconf 87' lang='lat' dir='ltr'>passi</span> <span class='ocrx_word' id='word_1_147' title='bbox 1589 1108 1703 1137; x_wconf 88' lang='lat' dir='ltr'>sunt.</span> 
     </span>
     <span class='ocr_line' id='line_1_19' title="bbox 271 1146 1705 1209; baseline 0.005 -22"><span class='ocrx_word' id='word_1_148' title='bbox 271 1146 358 1192; x_wconf 80' lang='lat' dir='ltr'>Qui</span> <span class='ocrx_word' id='word_1_149' title='bbox 382 1163 449 1188; x_wconf 89' lang='lat' dir='ltr'>me</span> <span class='ocrx_word' id='word_1_150' title='bbox 473 1148 667 1191; x_wconf 82' lang='lat' dir='ltr'>homines</span> <span class='ocrx_word' id='word_1_151' title='bbox 691 1152 806 1205; x_wconf 89' lang='lat' dir='ltr'>quod</span> <span class='ocrx_word' id='word_1_152' title='bbox 829 1151 989 1193; x_wconf 83' lang='lat' dir='ltr'>salvum</span> <span class='ocrx_word' id='word_1_153' title='bbox 1013 1166 1104 1193; x_wconf 85' lang='lat' dir='ltr'>esse</span> <span class='ocrx_word' id='word_1_154' title='bbox 1127 1152 1366 1204; x_wconf 90' lang='lat' dir='ltr'>voluerunt,</span> <span class='ocrx_word' id='word_1_155' title='bbox 1386 1163 1451 1194; x_wconf 89' lang='lat' dir='ltr'>est</span> <span class='ocrx_word' id='word_1_156' title='bbox 1479 1153 1586 1194; x_wconf 91' lang='lat' dir='ltr'>mihi</span> <span class='ocrx_word' id='word_1_157' title='bbox 1609 1167 1705 1209; x_wconf 84' lang='lat' dir='ltr'>gra-</span> 
     </span>
     <span class='ocr_line' id='line_1_20' title="bbox 270 1204 1706 1265; baseline 0.005 -22"><span class='ocrx_word' id='word_1_158' title='bbox 270 1204 506 1248; x_wconf 86' lang='lat' dir='ltr'>tissimum:</span> <span class='ocrx_word' id='word_1_159' title='bbox 539 1207 610 1247; x_wconf 91' lang='lat' dir='ltr'>sed</span> <span class='ocrx_word' id='word_1_160' title='bbox 646 1208 795 1249; x_wconf 87' lang='lat' dir='ltr'>vellem</span> <span class='ocrx_word' id='word_1_161' title='bbox 831 1223 915 1250; x_wconf 89' lang='lat' dir='ltr'>non</span> <span class='ocrx_word' id='word_1_162' title='bbox 948 1208 1085 1249; x_wconf 89' lang='lat' dir='ltr'>solum</span> <span class='ocrx_word' id='word_1_163' title='bbox 1116 1208 1261 1249; x_wconf 87' lang='lat' dir='ltr'>salutis</span> <span class='ocrx_word' id='word_1_164' title='bbox 1285 1224 1406 1261; x_wconf 83' lang='lat' dir='ltr'>meae,</span> <span class='ocrx_word' id='word_1_165' title='bbox 1428 1209 1706 1265; x_wconf 85' lang='lat' dir='ltr'>quemadmo-</span> 
     </span>
     <span class='ocr_line' id='line_1_21' title="bbox 267 1261 1705 1321; baseline 0.003 -19"><span class='ocrx_word' id='word_1_166' title='bbox 267 1261 370 1302; x_wconf 88' lang='lat' dir='ltr'>dum</span> <span class='ocrx_word' id='word_1_167' title='bbox 393 1263 564 1313; x_wconf 80' lang='lat' dir='ltr'>medici,</span> <span class='ocrx_word' id='word_1_168' title='bbox 586 1265 674 1316; x_wconf 88' lang='lat' dir='ltr'>sed,</span> <span class='ocrx_word' id='word_1_169' title='bbox 697 1275 744 1305; x_wconf 87' lang='lat' dir='ltr'>ut</span> <span class='ocrx_word' id='word_1_170' title='bbox 765 1264 1065 1321; x_wconf 80' lang='lat' dir='ltr'>aliptae,etiam</span> <span class='ocrx_word' id='word_1_171' title='bbox 1087 1266 1238 1306; x_wconf 88' lang='lat' dir='ltr'>virium</span> <span class='ocrx_word' id='word_1_172' title='bbox 1253 1275 1294 1307; x_wconf 89' lang='lat' dir='ltr'>et</span> <span class='ocrx_word' id='word_1_173' title='bbox 1316 1267 1470 1307; x_wconf 89' lang='lat' dir='ltr'>coloris</span> <span class='ocrx_word' id='word_1_174' title='bbox 1495 1268 1705 1308; x_wconf 86' lang='lat' dir='ltr'>rationem</span> 
     </span>
     <span class='ocr_line' id='line_1_22' title="bbox 268 1317 1707 1379; baseline 0.004 -21"><span class='ocrx_word' id='word_1_175' title='bbox 268 1317 425 1359; x_wconf 86' lang='lat' dir='ltr'>habere</span> <span class='ocrx_word' id='word_1_176' title='bbox 448 1319 707 1363; x_wconf 85' lang='lat' dir='ltr'>voluissent:</span> <span class='ocrx_word' id='word_1_177' title='bbox 734 1336 859 1372; x_wconf 85' lang='lat' dir='ltr'>nunc,</span> <span class='ocrx_word' id='word_1_178' title='bbox 880 1331 928 1363; x_wconf 86' lang='lat' dir='ltr'>ut</span> <span class='ocrx_word' id='word_1_179' title='bbox 950 1322 1121 1378; x_wconf 87' lang='lat' dir='ltr'>Apelles</span> <span class='ocrx_word' id='word_1_180' title='bbox 1139 1322 1315 1363; x_wconf 86' lang='lat' dir='ltr'>Veneris</span> <span class='ocrx_word' id='word_1_181' title='bbox 1332 1333 1522 1379; x_wconf 86' lang='lat' dir='ltr'>caputet</span> <span class='ocrx_word' id='word_1_182' title='bbox 1540 1338 1707 1364; x_wconf 79' lang='lat' dir='ltr'>summa</span> 
     </span>
     <span class='ocr_line' id='line_1_23' title="bbox 269 1376 1706 1436; baseline 0.003 -21"><span class='ocrx_word' id='word_1_183' title='bbox 269 1377 456 1430; x_wconf 85' lang='lat' dir='ltr'>pectoris</span> <span class='ocrx_word' id='word_1_184' title='bbox 480 1376 735 1431; x_wconf 81' lang='lat' dir='ltr'>politissima</span> <span class='ocrx_word' id='word_1_185' title='bbox 757 1388 847 1419; x_wconf 84' lang='lat' dir='ltr'>arte</span> <span class='ocrx_word' id='word_1_186' title='bbox 870 1378 1065 1434; x_wconf 85' lang='lat' dir='ltr'>perfecit,</span> <span class='ocrx_word' id='word_1_187' title='bbox 1088 1379 1292 1434; x_wconf 82' lang='lat' dir='ltr'>reliquam</span> <span class='ocrx_word' id='word_1_188' title='bbox 1327 1391 1491 1436; x_wconf 87' lang='lat' dir='ltr'>partem</span> <span class='ocrx_word' id='word_1_189' title='bbox 1513 1381 1706 1436; x_wconf 80' lang='lat' dir='ltr'>corporis</span> 
     </span>
     <span class='ocr_line' id='line_1_24' title="bbox 268 1432 1707 1493; baseline 0.004 -21"><span class='ocrx_word' id='word_1_190' title='bbox 268 1432 513 1474; x_wconf 81' lang='lat' dir='ltr'>inchoatam</span> <span class='ocrx_word' id='word_1_191' title='bbox 546 1434 730 1490; x_wconf 87' lang='lat' dir='ltr'>reliquit,</span> <span class='ocrx_word' id='word_1_192' title='bbox 754 1436 814 1476; x_wconf 90' lang='lat' dir='ltr'>sic</span> <span class='ocrx_word' id='word_1_193' title='bbox 843 1435 1017 1490; x_wconf 81' lang='lat' dir='ltr'>quidam</span> <span class='ocrx_word' id='word_1_194' title='bbox 1051 1436 1245 1477; x_wconf 87' lang='lat' dir='ltr'>homines</span> <span class='ocrx_word' id='word_1_195' title='bbox 1283 1436 1326 1477; x_wconf 90' lang='lat' dir='ltr'>in</span> <span class='ocrx_word' id='word_1_196' title='bbox 1356 1438 1498 1493; x_wconf 85' lang='lat' dir='ltr'>capite</span> <span class='ocrx_word' id='word_1_197' title='bbox 1519 1452 1615 1478; x_wconf 90' lang='lat' dir='ltr'>meo</span> <span class='ocrx_word' id='word_1_198' title='bbox 1639 1452 1707 1478; x_wconf 86' lang='lat' dir='ltr'>so·-</span> 
     </span>
     <span class='ocr_line' id='line_1_25' title="bbox 266 1488 1705 1549; baseline 0.003 -20"><span class='ocrx_word' id='word_1_199' title='bbox 266 1488 354 1529; x_wconf 83' lang='lat' dir='ltr'>lum</span> <span class='ocrx_word' id='word_1_200' title='bbox 377 1489 664 1542; x_wconf 83' lang='lat' dir='ltr'>elaborarunt,</span> <span class='ocrx_word' id='word_1_201' title='bbox 686 1491 894 1546; x_wconf 78' lang='lat' dir='ltr'>reliquum</span> <span class='ocrx_word' id='word_1_202' title='bbox 918 1507 1072 1548; x_wconf 88' lang='lat' dir='ltr'>corpus</span> <span class='ocrx_word' id='word_1_203' title='bbox 1096 1492 1395 1549; x_wconf 85' lang='lat' dir='ltr'>imperfectum</span> <span class='ocrx_word' id='word_1_204' title='bbox 1417 1508 1466 1534; x_wconf 87' lang='lat' dir='ltr'>ac</span> <span class='ocrx_word' id='word_1_205' title='bbox 1489 1494 1592 1534; x_wconf 84' lang='lat' dir='ltr'>rude</span> <span class='ocrx_word' id='word_1_206' title='bbox 1610 1494 1705 1535; x_wconf 91' lang='lat' dir='ltr'>reli-</span> 
     </span>
     <span class='ocr_line' id='line_1_26' title="bbox 267 1546 1701 1604; baseline 0.004 -19"><span class='ocrx_word' id='word_1_207' title='bbox 267 1557 465 1600; x_wconf 89' lang='lat' dir='ltr'>querunt.</span> <span class='ocrx_word' id='word_1_208' title='bbox 527 1546 578 1588; x_wconf 91' lang='lat' dir='ltr'>In</span> <span class='ocrx_word' id='word_1_209' title='bbox 620 1563 705 1603; x_wconf 87' lang='lat' dir='ltr'>quo</span> <span class='ocrx_word' id='word_1_210' title='bbox 738 1562 820 1603; x_wconf 86' lang='lat' dir='ltr'>ego</span> <span class='ocrx_word' id='word_1_211' title='bbox 854 1563 973 1604; x_wconf 86' lang='lat' dir='ltr'>spem</span> <span class='ocrx_word' id='word_1_212' title='bbox 1010 1547 1140 1591; x_wconf 85' lang='lat' dir='ltr'>fefelli</span> <span class='ocrx_word' id='word_1_213' title='bbox 1174 1564 1257 1590; x_wconf 85' lang='lat' dir='ltr'>non</span> <span class='ocrx_word' id='word_1_214' title='bbox 1290 1550 1418 1591; x_wconf 91' lang='lat' dir='ltr'>modo</span> <span class='ocrx_word' id='word_1_215' title='bbox 1442 1550 1701 1601; x_wconf 87' lang='lat' dir='ltr'>invidorum,</span> 
     </span>
     <span class='ocr_line' id='line_1_27' title="bbox 268 1603 1703 1662; baseline 0.003 -19"><span class='ocrx_word' id='word_1_216' title='bbox 268 1603 338 1643; x_wconf 89' lang='lat' dir='ltr'>sed</span> <span class='ocrx_word' id='word_1_217' title='bbox 361 1604 489 1644; x_wconf 81' lang='lat' dir='ltr'>etiam</span> <span class='ocrx_word' id='word_1_218' title='bbox 514 1604 786 1646; x_wconf 86' lang='lat' dir='ltr'>inimicorum</span> <span class='ocrx_word' id='word_1_219' title='bbox 808 1620 1023 1647; x_wconf 89' lang='lat' dir='ltr'>meorum:</span> <span class='ocrx_word' id='word_1_220' title='bbox 1055 1607 1126 1662; x_wconf 89' lang='lat' dir='ltr'>qui</span> <span class='ocrx_word' id='word_1_221' title='bbox 1149 1606 1202 1647; x_wconf 87' lang='lat' dir='ltr'>de</span> <span class='ocrx_word' id='word_1_222' title='bbox 1225 1621 1311 1647; x_wconf 86' lang='lat' dir='ltr'>uno</span> <span class='ocrx_word' id='word_1_223' title='bbox 1333 1608 1593 1648; x_wconf 86' lang='lat' dir='ltr'>acerrimoet</span> <span class='ocrx_word' id='word_1_224' title='bbox 1615 1607 1703 1648; x_wconf 88' lang='lat' dir='ltr'>for-</span> 
     </span>
     <span class='ocr_line' id='line_1_28' title="bbox 269 1660 1703 1719; baseline 0.003 -20"><span class='ocrx_word' id='word_1_225' title='bbox 269 1660 434 1701; x_wconf 85' lang='lat' dir='ltr'>tissimo</span> <span class='ocrx_word' id='word_1_226' title='bbox 459 1660 565 1711; x_wconf 85' lang='lat' dir='ltr'>viro,</span> <span class='ocrx_word' id='word_1_227' title='bbox 595 1676 776 1717; x_wconf 87' lang='lat' dir='ltr'>meoque</span> <span class='ocrx_word' id='word_1_228' title='bbox 802 1662 987 1716; x_wconf 88' lang='lat' dir='ltr'>judicio,</span> <span class='ocrx_word' id='word_1_229' title='bbox 1015 1664 1207 1704; x_wconf 89' lang='lat' dir='ltr'>omnium</span> <span class='ocrx_word' id='word_1_230' title='bbox 1243 1664 1540 1719; x_wconf 86' lang='lat' dir='ltr'>magnitudine</span> <span class='ocrx_word' id='word_1_231' title='bbox 1571 1665 1703 1705; x_wconf 88' lang='lat' dir='ltr'>animi</span> 
     </span>
     <span class='ocr_line' id='line_1_29' title="bbox 268 1719 1711 1776; baseline 0.004 -20"><span class='ocrx_word' id='word_1_232' title='bbox 268 1726 310 1757; x_wconf 87' lang='lat' dir='ltr'>et</span> <span class='ocrx_word' id='word_1_233' title='bbox 333 1719 576 1758; x_wconf 84' lang='lat' dir='ltr'>constantia</span> <span class='ocrx_word' id='word_1_234' title='bbox 599 1720 966 1774; x_wconf 77' lang='lat' dir='ltr'>praestantissimo,</span> <span class='ocrx_word' id='word_1_235' title='bbox 991 1719 1047 1767; x_wconf 83' lang='lat' dir='ltr'>Q.</span> <span class='ocrx_word' id='word_1_236' title='bbox 1074 1719 1267 1771; x_wconf 86' lang='lat' dir='ltr'>Metello,</span> <span class='ocrx_word' id='word_1_237' title='bbox 1293 1721 1413 1761; x_wconf 91' lang='lat' dir='ltr'>Lucii</span> <span class='ocrx_word' id='word_1_238' title='bbox 1437 1720 1540 1773; x_wconf 83' lang='lat' dir='ltr'>filio,</span> <span class='ocrx_word' id='word_1_239' title='bbox 1571 1736 1711 1776; x_wconf 87' lang='lat' dir='ltr'>quon-</span> 
     </span>
     <span class='ocr_line' id='line_1_30' title="bbox 268 1773 1705 1834; baseline 0.005 -21"><span class='ocrx_word' id='word_1_240' title='bbox 268 1773 366 1814; x_wconf 85' lang='lat' dir='ltr'>dam</span> <span class='ocrx_word' id='word_1_241' title='bbox 398 1778 436 1809; x_wconf 85' lang='lat'>59</span> <span class='ocrx_word' id='word_1_242' title='bbox 452 1773 600 1815; x_wconf 83' lang='lat' dir='ltr'>falsam</span> <span class='ocrx_word' id='word_1_243' title='bbox 628 1776 882 1832; x_wconf 17' lang='lat' dir='ltr'>*opinionem</span> <span class='ocrx_word' id='word_1_244' title='bbox 915 1786 1193 1834; x_wconf 82' lang='lat' dir='ltr'>acceperant3</span> <span class='ocrx_word' id='word_1_245' title='bbox 1225 1792 1353 1833; x_wconf 88' lang='lat' dir='ltr'>quem</span> <span class='ocrx_word' id='word_1_246' title='bbox 1389 1788 1487 1834; x_wconf 83' lang='lat' dir='ltr'>post</span> <span class='ocrx_word' id='word_1_247' title='bbox 1520 1779 1705 1820; x_wconf 88' lang='lat' dir='ltr'>reditum</span> 
     </span>
    </p>
   </div>
   <div class='ocr_carea' id='block_1_2' title="bbox 310 1915 965 1955">
    <p class='ocr_par' dir='ltr' id='par_1_3' title="bbox 310 1915 965 1955">
     <span class='ocr_line' id='line_1_31' title="bbox 310 1915 965 1955; baseline 0.003 -10"><span class='ocrx_word' id='word_1_248' title='bbox 310 1917 349 1946; x_wconf 88' lang='grc'>55</span> <span class='ocrx_word' id='word_1_249' title='bbox 383 1915 537 1946; x_wconf 75' lang='lat' dir='ltr'>Recreati</span> <span class='ocrx_word' id='word_1_250' title='bbox 567 1915 642 1955; x_wconf 83' lang='lat' dir='ltr'>&amp;c.]</span> <span class='ocrx_word' id='word_1_251' title='bbox 680 1916 782 1948; x_wconf 83' lang='lat' dir='ltr'>Recte</span> <span class='ocrx_word' id='word_1_252' title='bbox 818 1915 965 1948; x_wconf 79' lang='lat' dir='ltr'>Graevius</span> 
     </span>
    </p>
   </div>
   <div class='ocr_carea' id='block_1_3' title="bbox 267 1916 1711 1990">
    <p class='ocr_par' dir='ltr' id='par_1_4' title="bbox 267 1916 1711 1990">
     <span class='ocr_line' id='line_1_32' title="bbox 1009 1916 1711 1959; baseline 0.003 -11"><span class='ocrx_word' id='word_1_253' title='bbox 1009 1923 1132 1949; x_wconf 77' lang='lat' dir='ltr'>ratores</span> <span class='ocrx_word' id='word_1_254' title='bbox 1154 1916 1302 1948; x_wconf 84' lang='lat' dir='ltr'>solebant</span> <span class='ocrx_word' id='word_1_255' title='bbox 1327 1917 1498 1956; x_wconf 63' lang='lat' dir='ltr'>aedificare,</span> <span class='ocrx_word' id='word_1_256' title='bbox 1525 1929 1598 1959; x_wconf 85' lang='lat' dir='ltr'>quae</span> <span class='ocrx_word' id='word_1_257' title='bbox 1619 1918 1711 1950; x_wconf 82' lang='lat' dir='ltr'>dein·</span> 
     </span>
     <span class='ocr_line' id='line_1_33' title="bbox 267 1957 967 1990; baseline 0.004 -3"><span class='ocrx_word' id='word_1_258' title='bbox 267 1958 411 1988; x_wconf 86' lang='lat' dir='ltr'>restituit</span> <span class='ocrx_word' id='word_1_259' title='bbox 435 1957 611 1988; x_wconf 82' lang='lat' dir='ltr'>lectionem</span> <span class='ocrx_word' id='word_1_260' title='bbox 632 1964 774 1989; x_wconf 86' lang='lat' dir='ltr'>veterem</span> <span class='ocrx_word' id='word_1_261' title='bbox 799 1958 967 1990; x_wconf 73' lang='lat' dir='ltr'>Rem-eatis</span> 
     </span>
    </p>
   </div>
   <div class='ocr_carea' id='block_1_4' title="bbox 1010 1959 1710 1992">
    <p class='ocr_par' dir='ltr' id='par_1_5' title="bbox 1010 1959 1710 1992">
     <span class='ocr_line' id='line_1_34' title="bbox 1010 1959 1710 1992; baseline 0.003 -2"><span class='ocrx_word' id='word_1_262' title='bbox 1010 1959 1049 1990; x_wconf 70' lang='lat' dir='ltr'>de</span> <span class='ocrx_word' id='word_1_263' title='bbox 1064 1969 1122 1991; x_wconf 81' lang='lat' dir='ltr'>sua</span> <span class='ocrx_word' id='word_1_264' title='bbox 1141 1967 1358 1992; x_wconf 72' lang='lat' dir='ltr'>monumenta</span> <span class='ocrx_word' id='word_1_265' title='bbox 1379 1967 1487 1991; x_wconf 55' lang='lat' dir='ltr'>esseni,</span> <span class='ocrx_word' id='word_1_266' title='bbox 1507 1966 1541 1991; x_wconf 79' lang='lat' dir='ltr'>et</span> <span class='ocrx_word' id='word_1_267' title='bbox 1563 1961 1710 1992; x_wconf 71' lang='lat' dir='ltr'>diceren-</span> 
     </span>
    </p>
   </div>
   <div class='ocr_carea' id='block_1_5' title="bbox 263 2000 971 2882">
    <p class='ocr_par' dir='ltr' id='par_1_6' title="bbox 266 2000 969 2283">
     <span class='ocr_line' id='line_1_35' title="bbox 267 2000 969 2032; baseline 0.006 -4"><span class='ocrx_word' id='word_1_268' title='bbox 267 2000 354 2029; x_wconf 81' lang='lat' dir='ltr'>Imm&#39;s</span> <span class='ocrx_word' id='word_1_269' title='bbox 379 2001 459 2030; x_wconf 76' lang='lat' dir='ltr'>viris</span> <span class='ocrx_word' id='word_1_270' title='bbox 481 2001 539 2031; x_wconf 73' lang='grc' dir='ltr'>ἃς.</span> <span class='ocrx_word' id='word_1_271' title='bbox 562 2005 596 2031; x_wconf 82' lang='lat' dir='ltr'>et</span> <span class='ocrx_word' id='word_1_272' title='bbox 624 2000 739 2031; x_wconf 85' lang='lat' dir='ltr'>deinde</span> <span class='ocrx_word' id='word_1_273' title='bbox 769 2010 844 2031; x_wconf 85' lang='lat' dir='ltr'>cum</span> <span class='ocrx_word' id='word_1_274' title='bbox 868 2003 969 2032; x_wconf 81' lang='lat' dir='ltr'>etiam</span> 
     </span>
     <span class='ocr_line' id='line_1_36' title="bbox 272 2041 967 2082; baseline 0.003 -11"><span class='ocrx_word' id='word_1_275' title='bbox 272 2041 380 2071; x_wconf 77' lang='lat' dir='ltr'>Coesar</span> <span class='ocrx_word' id='word_1_276' title='bbox 399 2041 545 2081; x_wconf 79' lang='lat' dir='ltr'>adjunxit</span> <span class='ocrx_word' id='word_1_277' title='bbox 574 2043 804 2082; x_wconf 77' lang='lat' dir='ltr'>superioribus,</span> <span class='ocrx_word' id='word_1_278' title='bbox 831 2053 906 2073; x_wconf 90' lang='lat' dir='ltr'>cum</span> <span class='ocrx_word' id='word_1_279' title='bbox 933 2044 967 2073; x_wconf 90' lang='lat' dir='ltr'>in</span> 
     </span>
     <span class='ocr_line' id='line_1_37' title="bbox 266 2083 966 2125; baseline 0.003 -12"><span class='ocrx_word' id='word_1_280' title='bbox 266 2083 339 2113; x_wconf 79' lang='lat' dir='ltr'>aliis</span> <span class='ocrx_word' id='word_1_281' title='bbox 369 2091 453 2114; x_wconf 85' lang='lat' dir='ltr'>esset</span> <span class='ocrx_word' id='word_1_282' title='bbox 479 2094 535 2123; x_wconf 83' lang='lat' dir='ltr'>per</span> <span class='ocrx_word' id='word_1_283' title='bbox 562 2085 862 2125; x_wconf 85' lang='lat' dir='ltr'>interpunctionem</span> <span class='ocrx_word' id='word_1_284' title='bbox 898 2095 966 2116; x_wconf 89' lang='lat' dir='ltr'>ma-</span> 
     </span>
     <span class='ocr_line' id='line_1_38' title="bbox 267 2126 968 2163; baseline 0.004 -8"><span class='ocrx_word' id='word_1_285' title='bbox 267 2126 389 2156; x_wconf 79' lang='lat' dir='ltr'>ximam</span> <span class='ocrx_word' id='word_1_286' title='bbox 430 2126 640 2163; x_wconf 76' lang='lat' dir='ltr'>disjunctum.</span> <span class='ocrx_word' id='word_1_287' title='bbox 698 2128 783 2157; x_wconf 83' lang='lat' dir='ltr'>Sane</span> <span class='ocrx_word' id='word_1_288' title='bbox 811 2126 968 2158; x_wconf 81' lang='lat' dir='ltr'>ablativo-</span> 
     </span>
     <span class='ocr_line' id='line_1_39' title="bbox 268 2168 968 2207; baseline 0.003 -10"><span class='ocrx_word' id='word_1_289' title='bbox 268 2177 341 2197; x_wconf 86' lang='lat' dir='ltr'>rum</span> <span class='ocrx_word' id='word_1_290' title='bbox 367 2168 549 2207; x_wconf 74' lang='lat' dir='ltr'>frequentia</span> <span class='ocrx_word' id='word_1_291' title='bbox 570 2174 618 2199; x_wconf 83' lang='lat' dir='ltr'>est</span> <span class='ocrx_word' id='word_1_292' title='bbox 642 2168 775 2201; x_wconf 82' lang='lat' dir='ltr'>durior:</span> <span class='ocrx_word' id='word_1_293' title='bbox 809 2168 864 2199; x_wconf 86' lang='lat' dir='ltr'>sed</span> <span class='ocrx_word' id='word_1_294' title='bbox 891 2179 968 2199; x_wconf 89' lang='lat' dir='ltr'>con-</span> 
     </span>
     <span class='ocr_line' id='line_1_40' title="bbox 267 2210 968 2242; baseline 0.006 -4"><span class='ocrx_word' id='word_1_295' title='bbox 267 2210 406 2241; x_wconf 73' lang='lat' dir='ltr'>structio</span> <span class='ocrx_word' id='word_1_296' title='bbox 429 2216 460 2239; x_wconf 67' lang='lat' dir='ltr'>et</span> <span class='ocrx_word' id='word_1_297' title='bbox 485 2220 596 2240; x_wconf 78' lang='lat' dir='ltr'>sensus</span> <span class='ocrx_word' id='word_1_298' title='bbox 620 2211 716 2241; x_wconf 73' lang='lat' dir='ltr'>aiiter</span> <span class='ocrx_word' id='word_1_299' title='bbox 738 2220 804 2241; x_wconf 84' lang='lat' dir='ltr'>non</span> <span class='ocrx_word' id='word_1_300' title='bbox 827 2216 968 2242; x_wconf 87' lang='lat' dir='ltr'>constat.</span> 
     </span>
     <span class='ocr_line' id='line_1_41' title="bbox 268 2252 642 2283; baseline 0.003 -1"><span class='ocrx_word' id='word_1_301' title='bbox 268 2252 321 2282; x_wconf 86' lang='lat' dir='ltr'>Sic</span> <span class='ocrx_word' id='word_1_302' title='bbox 335 2258 383 2281; x_wconf 86' lang='lat' dir='ltr'>est</span> <span class='ocrx_word' id='word_1_303' title='bbox 399 2254 481 2282; x_wconf 80' lang='lat' dir='ltr'>etin</span> <span class='ocrx_word' id='word_1_304' title='bbox 500 2253 564 2282; x_wconf 74' lang='lat' dir='ltr'>Ms.</span> <span class='ocrx_word' id='word_1_305' title='bbox 578 2254 642 2283; x_wconf 91' lang='lat' dir='ltr'>Gu.</span> 
     </span>
    </p>

    <p class='ocr_par' dir='ltr' id='par_1_7' title="bbox 263 2294 971 2670">
     <span class='ocr_line' id='line_1_42' title="bbox 313 2294 967 2334; baseline 0.003 -11"><span class='ocrx_word' id='word_1_306' title='bbox 313 2294 353 2323; x_wconf 82' lang='lat'>56</span> <span class='ocrx_word' id='word_1_307' title='bbox 374 2303 448 2324; x_wconf 81' lang='lat' dir='ltr'>cum</span> <span class='ocrx_word' id='word_1_308' title='bbox 477 2296 627 2325; x_wconf 77' lang='lat' dir='ltr'>tribunus</span> <span class='ocrx_word' id='word_1_309' title='bbox 651 2294 765 2334; x_wconf 77' lang='lat' dir='ltr'>plebis]</span> <span class='ocrx_word' id='word_1_310' title='bbox 797 2304 840 2325; x_wconf 90' lang='lat' dir='ltr'>sc.</span> <span class='ocrx_word' id='word_1_311' title='bbox 874 2294 967 2327; x_wconf 86' lang='lat' dir='ltr'>Milo.</span> 
     </span>
     <span class='ocr_line' id='line_1_43' title="bbox 269 2336 968 2368; baseline 0.001 -1"><span class='ocrx_word' id='word_1_312' title='bbox 269 2336 304 2367; x_wconf 82' lang='lat' dir='ltr'>in</span> <span class='ocrx_word' id='word_1_313' title='bbox 331 2336 394 2366; x_wconf 88' lang='lat' dir='ltr'>Ms.</span> <span class='ocrx_word' id='word_1_314' title='bbox 413 2337 552 2367; x_wconf 77' lang='lat' dir='ltr'>Mentel.</span> <span class='ocrx_word' id='word_1_315' title='bbox 576 2337 722 2368; x_wconf 84' lang='lat' dir='ltr'>additum</span> <span class='ocrx_word' id='word_1_316' title='bbox 748 2342 818 2367; x_wconf 80' lang='lat' dir='ltr'>erat</span> <span class='ocrx_word' id='word_1_317' title='bbox 845 2337 881 2367; x_wconf 88' lang='lat' dir='ltr'>T.</span> <span class='ocrx_word' id='word_1_318' title='bbox 899 2339 968 2368; x_wconf 85' lang='lat' dir='ltr'>An-</span> 
     </span>
     <span class='ocr_line' id='line_1_44' title="bbox 269 2378 968 2418; baseline 0.003 -11"><span class='ocrx_word' id='word_1_319' title='bbox 269 2379 356 2412; x_wconf 76' lang='lat' dir='ltr'>nius,</span> <span class='ocrx_word' id='word_1_320' title='bbox 387 2378 472 2416; x_wconf 84' lang='lat' dir='ltr'>quod</span> <span class='ocrx_word' id='word_1_321' title='bbox 502 2379 617 2418; x_wconf 81' lang='lat' dir='ltr'>probat</span> <span class='ocrx_word' id='word_1_322' title='bbox 645 2378 804 2415; x_wconf 78' lang='lat' dir='ltr'>Graevius,</span> <span class='ocrx_word' id='word_1_323' title='bbox 834 2380 884 2408; x_wconf 87' lang='lat' dir='ltr'>cui</span> <span class='ocrx_word' id='word_1_324' title='bbox 917 2381 968 2412; x_wconf 80' lang='lat' dir='ltr'>vix</span> 
     </span>
     <span class='ocr_line' id='line_1_45' title="bbox 269 2420 968 2456; baseline 0.003 -7"><span class='ocrx_word' id='word_1_325' title='bbox 269 2420 422 2450; x_wconf 86' lang='lat' dir='ltr'>credibile</span> <span class='ocrx_word' id='word_1_326' title='bbox 447 2421 585 2456; x_wconf 81' lang='lat' dir='ltr'>videtur,</span> <span class='ocrx_word' id='word_1_327' title='bbox 610 2430 728 2450; x_wconf 86' lang='lat' dir='ltr'>nornen</span> <span class='ocrx_word' id='word_1_328' title='bbox 754 2421 878 2450; x_wconf 85' lang='lat' dir='ltr'>tribuni</span> <span class='ocrx_word' id='word_1_329' title='bbox 902 2431 968 2452; x_wconf 92' lang='lat' dir='ltr'>non</span> 
     </span>
     <span class='ocr_line' id='line_1_46' title="bbox 270 2461 967 2494; baseline 0.001 -2"><span class='ocrx_word' id='word_1_330' title='bbox 270 2472 290 2492; x_wconf 86' lang='lat' dir='ltr'>a</span> <span class='ocrx_word' id='word_1_331' title='bbox 316 2461 471 2493; x_wconf 85' lang='lat' dir='ltr'>Cicerone</span> <span class='ocrx_word' id='word_1_332' title='bbox 487 2462 633 2493; x_wconf 86' lang='lat' dir='ltr'>additum</span> <span class='ocrx_word' id='word_1_333' title='bbox 661 2463 777 2492; x_wconf 84' lang='lat' dir='ltr'>fuisse:</span> <span class='ocrx_word' id='word_1_334' title='bbox 803 2463 909 2493; x_wconf 88' lang='lat' dir='ltr'>sedin</span> <span class='ocrx_word' id='word_1_335' title='bbox 934 2474 967 2494; x_wconf 87' lang='lat' dir='ltr'>re</span> 
     </span>
     <span class='ocr_line' id='line_1_47' title="bbox 270 2505 967 2535; baseline 0.001 -1"><span class='ocrx_word' id='word_1_336' title='bbox 270 2509 351 2534; x_wconf 85' lang='lat' dir='ltr'>nota</span> <span class='ocrx_word' id='word_1_337' title='bbox 379 2514 444 2534; x_wconf 90' lang='lat' dir='ltr'>non</span> <span class='ocrx_word' id='word_1_338' title='bbox 473 2510 543 2534; x_wconf 86' lang='lat' dir='ltr'>erat</span> <span class='ocrx_word' id='word_1_339' title='bbox 571 2505 798 2534; x_wconf 79' lang='lat' dir='ltr'>necessarium.</span> <span class='ocrx_word' id='word_1_340' title='bbox 858 2505 967 2535; x_wconf 84' lang='lat' dir='ltr'>Posito</span> 
     </span>
     <span class='ocr_line' id='line_1_48' title="bbox 270 2545 969 2582; baseline 0.001 -6"><span class='ocrx_word' id='word_1_341' title='bbox 270 2545 406 2577; x_wconf 80' lang='lat' dir='ltr'>Milonis</span> <span class='ocrx_word' id='word_1_342' title='bbox 422 2547 565 2582; x_wconf 85' lang='lat' dir='ltr'>nornine,</span> <span class='ocrx_word' id='word_1_343' title='bbox 584 2556 649 2576; x_wconf 88' lang='lat' dir='ltr'>non</span> <span class='ocrx_word' id='word_1_344' title='bbox 672 2546 845 2576; x_wconf 84' lang='lat' dir='ltr'>addidisset</span> <span class='ocrx_word' id='word_1_345' title='bbox 867 2548 969 2577; x_wconf 78' lang='lat' dir='ltr'>tribu-</span> 
     </span>
     <span class='ocr_line' id='line_1_49' title="bbox 270 2587 971 2628; baseline 0.004 -11"><span class='ocrx_word' id='word_1_346' title='bbox 270 2597 332 2618; x_wconf 77' lang='lat' dir='ltr'>nus</span> <span class='ocrx_word' id='word_1_347' title='bbox 342 2590 390 2627; x_wconf 81' lang='lat' dir='ltr'>pl.</span> <span class='ocrx_word' id='word_1_348' title='bbox 433 2587 473 2619; x_wconf 95' lang='lat' dir='ltr'>In</span> <span class='ocrx_word' id='word_1_349' title='bbox 489 2589 554 2619; x_wconf 83' lang='lat' dir='ltr'>Ms.</span> <span class='ocrx_word' id='word_1_350' title='bbox 570 2589 631 2619; x_wconf 92' lang='lat' dir='ltr'>Gu.</span> <span class='ocrx_word' id='word_1_351' title='bbox 648 2594 696 2618; x_wconf 86' lang='lat' dir='ltr'>est</span> <span class='ocrx_word' id='word_1_352' title='bbox 712 2598 785 2618; x_wconf 84' lang='lat' dir='ltr'>cum</span> <span class='ocrx_word' id='word_1_353' title='bbox 809 2593 971 2628; x_wconf 79' lang='lat' dir='ltr'>tyrannus</span> 
     </span>
     <span class='ocr_line' id='line_1_50' title="bbox 263 2630 471 2670; baseline 0.005 -10"><span class='ocrx_word' id='word_1_354' title='bbox 263 2639 301 2670; x_wconf 74' lang='lat' dir='ltr'>p.</span> <span class='ocrx_word' id='word_1_355' title='bbox 321 2630 471 2661; x_wconf 77' lang='lat' dir='ltr'>Lentulo.</span> 
     </span>
    </p>

    <p class='ocr_par' dir='ltr' id='par_1_8' title="bbox 268 2671 970 2882">
     <span class='ocr_line' id='line_1_51' title="bbox 313 2671 967 2711; baseline 0.003 -10"><span class='ocrx_word' id='word_1_356' title='bbox 313 2674 350 2704; x_wconf 70' lang='lat'>57</span> <span class='ocrx_word' id='word_1_357' title='bbox 379 2683 441 2702; x_wconf 77' lang='lat' dir='ltr'>nnn</span> <span class='ocrx_word' id='word_1_358' title='bbox 471 2681 578 2702; x_wconf 78' lang='lat' dir='ltr'>meum</span> <span class='ocrx_word' id='word_1_359' title='bbox 613 2677 859 2702; x_wconf 74' lang='lat' dir='ltr'>monumentum</span> <span class='ocrx_word' id='word_1_360' title='bbox 893 2671 967 2711; x_wconf 85' lang='lat' dir='ltr'>&amp;c.]</span> 
     </span>
     <span class='ocr_line' id='line_1_52' title="bbox 270 2713 969 2745; baseline 0.001 -1"><span class='ocrx_word' id='word_1_361' title='bbox 270 2719 514 2745; x_wconf 76' lang='lat' dir='ltr'>monumentum</span> <span class='ocrx_word' id='word_1_362' title='bbox 530 2720 579 2744; x_wconf 81' lang='lat' dir='ltr'>est</span> <span class='ocrx_word' id='word_1_363' title='bbox 601 2713 714 2744; x_wconf 83' lang='lat' dir='ltr'>domus</span> <span class='ocrx_word' id='word_1_364' title='bbox 731 2714 895 2745; x_wconf 71' lang='lat' dir='ltr'>Ciceronis</span> <span class='ocrx_word' id='word_1_365' title='bbox 919 2715 969 2745; x_wconf 88' lang='lat' dir='ltr'>in-</span> 
     </span>
     <span class='ocr_line' id='line_1_53' title="bbox 269 2756 969 2795; baseline 0.003 -12"><span class='ocrx_word' id='word_1_366' title='bbox 269 2760 427 2785; x_wconf 78' lang='lat' dir='ltr'>staurata.</span> <span class='ocrx_word' id='word_1_367' title='bbox 455 2756 538 2786; x_wconf 85' lang='lat' dir='ltr'>banc</span> <span class='ocrx_word' id='word_1_368' title='bbox 568 2761 665 2795; x_wconf 79' lang='lat' dir='ltr'>negat</span> <span class='ocrx_word' id='word_1_369' title='bbox 691 2764 758 2786; x_wconf 79' lang='lat' dir='ltr'>esse</span> <span class='ocrx_word' id='word_1_370' title='bbox 779 2765 875 2786; x_wconf 80' lang='lat' dir='ltr'>suuni</span> <span class='ocrx_word' id='word_1_371' title='bbox 899 2767 969 2786; x_wconf 89' lang='lat' dir='ltr'>mo-</span> 
     </span>
     <span class='ocr_line' id='line_1_54' title="bbox 269 2798 970 2837; baseline 0.004 -12"><span class='ocrx_word' id='word_1_372' title='bbox 269 2803 478 2833; x_wconf 76' lang='lat' dir='ltr'>numentum,</span> <span class='ocrx_word' id='word_1_373' title='bbox 503 2798 578 2837; x_wconf 82' lang='lat' dir='ltr'>quia</span> <span class='ocrx_word' id='word_1_374' title='bbox 603 2808 668 2829; x_wconf 89' lang='lat' dir='ltr'>non</span> <span class='ocrx_word' id='word_1_375' title='bbox 697 2808 769 2829; x_wconf 83' lang='lat' dir='ltr'>earn</span> <span class='ocrx_word' id='word_1_376' title='bbox 791 2808 830 2828; x_wconf 86' lang='lat' dir='ltr'>ex</span> <span class='ocrx_word' id='word_1_377' title='bbox 855 2808 970 2828; x_wconf 84' lang='lat' dir='ltr'>manu-</span> 
     </span>
     <span class='ocr_line' id='line_1_55' title="bbox 268 2837 968 2882; baseline 0.006 -14"><span class='ocrx_word' id='word_1_378' title='bbox 268 2837 329 2869; x_wconf 78' lang='lat' dir='ltr'>biis</span> <span class='ocrx_word' id='word_1_379' title='bbox 357 2839 563 2872; x_wconf 67' lang='lat' dir='ltr'>aedificasset:</span> <span class='ocrx_word' id='word_1_380' title='bbox 587 2850 625 2872; x_wconf 82' lang='lat' dir='ltr'>ex</span> <span class='ocrx_word' id='word_1_381' title='bbox 651 2840 767 2881; x_wconf 82' lang='lat' dir='ltr'>quibus</span> <span class='ocrx_word' id='word_1_382' title='bbox 795 2849 839 2871; x_wconf 81' lang='lat' dir='ltr'>sc.</span> <span class='ocrx_word' id='word_1_383' title='bbox 866 2840 968 2882; x_wconf 85' lang='lat' dir='ltr'>impe-</span> 
     </span>
    </p>
   </div>
   <div class='ocr_carea' id='block_1_6' title="bbox 1009 2003 1715 2839">
    <p class='ocr_par' dir='ltr' id='par_1_9' title="bbox 1009 2003 1715 2295">
     <span class='ocr_line' id='line_1_56' title="bbox 1011 2003 1715 2042; baseline 0.004 -11"><span class='ocrx_word' id='word_1_384' title='bbox 1011 2006 1087 2033; x_wconf 82' lang='lat' dir='ltr'>tur:</span> <span class='ocrx_word' id='word_1_385' title='bbox 1112 2012 1188 2033; x_wconf 88' lang='lat' dir='ltr'>nam</span> <span class='ocrx_word' id='word_1_386' title='bbox 1210 2003 1318 2042; x_wconf 77' lang='lat' dir='ltr'>praeda</span> <span class='ocrx_word' id='word_1_387' title='bbox 1340 2004 1446 2033; x_wconf 82' lang='lat' dir='ltr'>suerat</span> <span class='ocrx_word' id='word_1_388' title='bbox 1463 2003 1592 2034; x_wconf 84' lang='lat' dir='ltr'>Gabinii</span> <span class='ocrx_word' id='word_1_389' title='bbox 1607 2011 1642 2035; x_wconf 86' lang='lat' dir='ltr'>et</span> <span class='ocrx_word' id='word_1_390' title='bbox 1657 2003 1715 2034; x_wconf 80' lang='lat' dir='ltr'>Pi-</span> 
     </span>
     <span class='ocr_line' id='line_1_57' title="bbox 1009 2043 1711 2085; baseline 0.003 -11"><span class='ocrx_word' id='word_1_391' title='bbox 1009 2044 1117 2075; x_wconf 85' lang='lat' dir='ltr'>sonis:</span> <span class='ocrx_word' id='word_1_392' title='bbox 1141 2043 1196 2075; x_wconf 87' lang='lat' dir='ltr'>sed</span> <span class='ocrx_word' id='word_1_393' title='bbox 1211 2055 1228 2074; x_wconf 88' lang='lat' dir='ltr'>e</span> <span class='ocrx_word' id='word_1_394' title='bbox 1245 2047 1381 2085; x_wconf 77' lang='lat' dir='ltr'>pecunia</span> <span class='ocrx_word' id='word_1_395' title='bbox 1404 2045 1553 2084; x_wconf 72' lang='lat' dir='ltr'>publica:</span> <span class='ocrx_word' id='word_1_396' title='bbox 1578 2046 1644 2085; x_wconf 84' lang='lat' dir='ltr'>ipse</span> <span class='ocrx_word' id='word_1_397' title='bbox 1661 2046 1711 2076; x_wconf 88' lang='lat' dir='ltr'>ni·</span> 
     </span>
     <span class='ocr_line' id='line_1_58' title="bbox 1010 2085 1710 2118; baseline 0.003 -2"><span class='ocrx_word' id='word_1_398' title='bbox 1010 2085 1056 2116; x_wconf 88' lang='lat' dir='ltr'>hil</span> <span class='ocrx_word' id='word_1_399' title='bbox 1072 2085 1160 2116; x_wconf 88' lang='lat' dir='ltr'>aliud</span> <span class='ocrx_word' id='word_1_400' title='bbox 1175 2087 1234 2116; x_wconf 89' lang='lat' dir='ltr'>nisi</span> <span class='ocrx_word' id='word_1_401' title='bbox 1251 2097 1364 2117; x_wconf 79' lang='lat' dir='ltr'>curam</span> <span class='ocrx_word' id='word_1_402' title='bbox 1382 2087 1561 2117; x_wconf 74' lang='lat' dir='ltr'>aed‘ificandi</span> <span class='ocrx_word' id='word_1_403' title='bbox 1578 2087 1710 2118; x_wconf 84' lang='lat' dir='ltr'>habuis-</span> 
     </span>
     <span class='ocr_line' id='line_1_59' title="bbox 1010 2129 1710 2168; baseline 0.003 -10"><span class='ocrx_word' id='word_1_404' title='bbox 1010 2133 1072 2164; x_wconf 81' lang='lat' dir='ltr'>set,</span> <span class='ocrx_word' id='word_1_405' title='bbox 1095 2134 1228 2168; x_wconf 82' lang='lat' dir='ltr'>propter</span> <span class='ocrx_word' id='word_1_406' title='bbox 1253 2139 1352 2168; x_wconf 85' lang='lat' dir='ltr'>quam</span> <span class='ocrx_word' id='word_1_407' title='bbox 1376 2129 1618 2159; x_wconf 85' lang='lat' dir='ltr'>monimentum</span> <span class='ocrx_word' id='word_1_408' title='bbox 1643 2139 1710 2160; x_wconf 82' lang='lat' dir='ltr'>non</span> 
     </span>
     <span class='ocr_line' id='line_1_60' title="bbox 1012 2169 1710 2211; baseline 0.004 -12"><span class='ocrx_word' id='word_1_409' title='bbox 1012 2169 1073 2200; x_wconf 88' lang='lat' dir='ltr'>dici</span> <span class='ocrx_word' id='word_1_410' title='bbox 1089 2179 1184 2200; x_wconf 80' lang='lat' dir='ltr'>suurn</span> <span class='ocrx_word' id='word_1_411' title='bbox 1201 2176 1327 2211; x_wconf 86' lang='lat' dir='ltr'>posset:</span> <span class='ocrx_word' id='word_1_412' title='bbox 1354 2171 1408 2201; x_wconf 82' lang='lat' dir='ltr'>sed</span> <span class='ocrx_word' id='word_1_413' title='bbox 1423 2180 1490 2200; x_wconf 85' lang='lat' dir='ltr'>esse</span> <span class='ocrx_word' id='word_1_414' title='bbox 1513 2180 1710 2202; x_wconf 88' lang='lat' dir='ltr'>monumen-</span> 
     </span>
     <span class='ocr_line' id='line_1_61' title="bbox 1011 2211 1713 2252; baseline 0.003 -11"><span class='ocrx_word' id='word_1_415' title='bbox 1011 2216 1084 2241; x_wconf 84' lang='lat' dir='ltr'>tum</span> <span class='ocrx_word' id='word_1_416' title='bbox 1099 2217 1240 2248; x_wconf 76' lang='lat' dir='ltr'>senatus,</span> <span class='ocrx_word' id='word_1_417' title='bbox 1255 2214 1308 2251; x_wconf 86' lang='lat' dir='ltr'>qui</span> <span class='ocrx_word' id='word_1_418' title='bbox 1322 2214 1390 2252; x_wconf 86' lang='lat' dir='ltr'>ejus</span> <span class='ocrx_word' id='word_1_419' title='bbox 1413 2211 1528 2242; x_wconf 85' lang='lat' dir='ltr'>domus</span> <span class='ocrx_word' id='word_1_420' title='bbox 1551 2213 1713 2244; x_wconf 86' lang='lat' dir='ltr'>instaura-</span> 
     </span>
     <span class='ocr_line' id='line_1_62' title="bbox 1010 2253 1684 2295; baseline 0.004 -12"><span class='ocrx_word' id='word_1_421' title='bbox 1010 2254 1136 2284; x_wconf 86' lang='lat' dir='ltr'>tionem</span> <span class='ocrx_word' id='word_1_422' title='bbox 1150 2264 1167 2284; x_wconf 85' lang='lat' dir='ltr'>e</span> <span class='ocrx_word' id='word_1_423' title='bbox 1184 2255 1322 2295; x_wconf 80' lang='lat' dir='ltr'>pecunia</span> <span class='ocrx_word' id='word_1_424' title='bbox 1336 2254 1466 2294; x_wconf 90' lang='lat' dir='ltr'>publica</span> <span class='ocrx_word' id='word_1_425' title='bbox 1480 2253 1684 2286; x_wconf 82' lang='lat' dir='ltr'>decrevisset.</span> 
     </span>
    </p>

    <p class='ocr_par' dir='ltr' id='par_1_10' title="bbox 1010 2296 1713 2578">
     <span class='ocr_line' id='line_1_63' title="bbox 1055 2296 1713 2337; baseline 0.006 -12"><span class='ocrx_word' id='word_1_426' title='bbox 1055 2298 1093 2327; x_wconf 81' lang='lat'>58</span> <span class='ocrx_word' id='word_1_427' title='bbox 1116 2297 1221 2327; x_wconf 72' lang='lat' dir='ltr'>hostili</span> <span class='ocrx_word' id='word_1_428' title='bbox 1235 2297 1491 2335; x_wconf 66' lang='lat' dir='ltr'>nomine—passi</span> <span class='ocrx_word' id='word_1_429' title='bbox 1503 2296 1595 2335; x_wconf 77' lang='lat' dir='ltr'>sunt]</span> <span class='ocrx_word' id='word_1_430' title='bbox 1627 2296 1713 2337; x_wconf 72' lang='lat' dir='ltr'>Quia</span> 
     </span>
     <span class='ocr_line' id='line_1_64' title="bbox 1012 2337 1711 2375; baseline 0.006 -9"><span class='ocrx_word' id='word_1_431' title='bbox 1012 2337 1141 2375; x_wconf 74' lang='lat' dir='ltr'>signum</span> <span class='ocrx_word' id='word_1_432' title='bbox 1165 2338 1324 2369; x_wconf 82' lang='lat' dir='ltr'>libertatis</span> <span class='ocrx_word' id='word_1_433' title='bbox 1349 2349 1369 2369; x_wconf 86' lang='lat' dir='ltr'>a</span> <span class='ocrx_word' id='word_1_434' title='bbox 1395 2338 1429 2368; x_wconf 83' lang='lat' dir='ltr'>P.</span> <span class='ocrx_word' id='word_1_435' title='bbox 1453 2338 1566 2370; x_wconf 82' lang='lat' dir='ltr'>Clodio</span> <span class='ocrx_word' id='word_1_436' title='bbox 1582 2338 1711 2370; x_wconf 81' lang='lat' dir='ltr'>dedica·</span> 
     </span>
     <span class='ocr_line' id='line_1_65' title="bbox 1011 2379 1713 2412; baseline 0.006 -4"><span class='ocrx_word' id='word_1_437' title='bbox 1011 2384 1083 2409; x_wconf 82' lang='lat' dir='ltr'>tum</span> <span class='ocrx_word' id='word_1_438' title='bbox 1105 2380 1138 2409; x_wconf 89' lang='lat' dir='ltr'>in</span> <span class='ocrx_word' id='word_1_439' title='bbox 1161 2390 1236 2410; x_wconf 85' lang='lat' dir='ltr'>area</span> <span class='ocrx_word' id='word_1_440' title='bbox 1251 2379 1365 2410; x_wconf 87' lang='lat' dir='ltr'>domus</span> <span class='ocrx_word' id='word_1_441' title='bbox 1391 2379 1614 2410; x_wconf 65' lang='lat' dir='ltr'>Ciceronianae</span> <span class='ocrx_word' id='word_1_442' title='bbox 1637 2381 1713 2412; x_wconf 85' lang='lat' dir='ltr'>reli-</span> 
     </span>
     <span class='ocr_line' id='line_1_66' title="bbox 1011 2422 1711 2461; baseline 0.004 -11"><span class='ocrx_word' id='word_1_443' title='bbox 1011 2428 1170 2459; x_wconf 81' lang='lat' dir='ltr'>querant:</span> <span class='ocrx_word' id='word_1_444' title='bbox 1211 2422 1250 2452; x_wconf 87' lang='lat' dir='ltr'>de</span> <span class='ocrx_word' id='word_1_445' title='bbox 1279 2431 1342 2461; x_wconf 82' lang='lat' dir='ltr'>quo</span> <span class='ocrx_word' id='word_1_446' title='bbox 1370 2422 1403 2451; x_wconf 88' lang='lat' dir='ltr'>in</span> <span class='ocrx_word' id='word_1_447' title='bbox 1438 2431 1486 2451; x_wconf 93' lang='lat' dir='ltr'>or.</span> <span class='ocrx_word' id='word_1_448' title='bbox 1516 2431 1573 2460; x_wconf 80' lang='lat' dir='ltr'>pro</span> <span class='ocrx_word' id='word_1_449' title='bbox 1602 2423 1711 2453; x_wconf 85' lang='lat' dir='ltr'>Domo</span> 
     </span>
     <span class='ocr_line' id='line_1_67' title="bbox 1011 2463 1710 2495; baseline 0.004 -3"><span class='ocrx_word' id='word_1_450' title='bbox 1011 2463 1127 2493; x_wconf 83' lang='lat' dir='ltr'>multa.</span> <span class='ocrx_word' id='word_1_451' title='bbox 1172 2464 1276 2494; x_wconf 89' lang='lat' dir='ltr'>Clodii</span> <span class='ocrx_word' id='word_1_452' title='bbox 1303 2472 1422 2493; x_wconf 87' lang='lat' dir='ltr'>nomen</span> <span class='ocrx_word' id='word_1_453' title='bbox 1445 2469 1494 2493; x_wconf 86' lang='lat' dir='ltr'>est</span> <span class='ocrx_word' id='word_1_454' title='bbox 1509 2463 1646 2495; x_wconf 79' lang='lat' dir='ltr'>hostile:</span> <span class='ocrx_word' id='word_1_455' title='bbox 1670 2466 1710 2495; x_wconf 75' lang='lat'><em>12·-</em></span> 
     </span>
     <span class='ocr_line' id='line_1_68' title="bbox 1010 2505 1713 2546; baseline 0.007 -13"><span class='ocrx_word' id='word_1_456' title='bbox 1010 2508 1086 2534; x_wconf 82' lang='lat' dir='ltr'>teroe</span> <span class='ocrx_word' id='word_1_457' title='bbox 1109 2510 1249 2535; x_wconf 79' lang='lat' dir='ltr'>cruentoe</span> <span class='ocrx_word' id='word_1_458' title='bbox 1272 2506 1438 2546; x_wconf 84' lang='lat' dir='ltr'>pertinent</span> <span class='ocrx_word' id='word_1_459' title='bbox 1460 2505 1500 2535; x_wconf 86' lang='lat' dir='ltr'>ad</span> <span class='ocrx_word' id='word_1_460' title='bbox 1516 2506 1653 2537; x_wconf 86' lang='lat' dir='ltr'>titulum</span> <span class='ocrx_word' id='word_1_461' title='bbox 1675 2507 1713 2538; x_wconf 79' lang='lat' dir='ltr'>iu</span> 
     </span>
     <span class='ocr_line' id='line_1_69' title="bbox 1012 2545 1271 2578; baseline 0.008 -3"><span class='ocrx_word' id='word_1_462' title='bbox 1012 2545 1078 2576; x_wconf 87' lang='lat' dir='ltr'>basi</span> <span class='ocrx_word' id='word_1_463' title='bbox 1095 2547 1271 2578; x_wconf 76' lang='lat' dir='ltr'>simulacri,</span> 
     </span>
    </p>

    <p class='ocr_par' dir='ltr' id='par_1_11' title="bbox 1011 2588 1713 2839">
     <span class='ocr_line' id='line_1_70' title="bbox 1055 2588 1713 2628; baseline 0.002 -9"><span class='ocrx_word' id='word_1_464' title='bbox 1055 2591 1096 2622; x_wconf 87' lang='grc'>59</span> <span class='ocrx_word' id='word_1_465' title='bbox 1117 2588 1251 2628; x_wconf 80' lang='lat' dir='ltr'>falsam</span> <span class='ocrx_word' id='word_1_466' title='bbox 1289 2590 1467 2628; x_wconf 80' lang='lat' dir='ltr'>opinionem</span> <span class='ocrx_word' id='word_1_467' title='bbox 1504 2594 1713 2628; x_wconf 77' lang='lat' dir='ltr'>acceperunt,</span> 
     </span>
     <span class='ocr_line' id='line_1_71' title="bbox 1012 2631 1711 2670; baseline 0.004 -11"><span class='ocrx_word' id='word_1_468' title='bbox 1012 2631 1314 2670; x_wconf 78' lang='lat' dir='ltr'>quem—dictitant]</span> <span class='ocrx_word' id='word_1_469' title='bbox 1340 2631 1403 2661; x_wconf 86' lang='lat' dir='ltr'>Res</span> <span class='ocrx_word' id='word_1_470' title='bbox 1431 2636 1463 2660; x_wconf 84' lang='lat' dir='ltr'>et</span> <span class='ocrx_word' id='word_1_471' title='bbox 1488 2632 1652 2661; x_wconf 85' lang='lat' dir='ltr'>sententia</span> <span class='ocrx_word' id='word_1_472' title='bbox 1675 2639 1711 2662; x_wconf 82' lang='lat' dir='ltr'>et</span> 
     </span>
     <span class='ocr_line' id='line_1_72' title="bbox 1012 2673 1713 2713; baseline 0.004 -12"><span class='ocrx_word' id='word_1_473' title='bbox 1012 2674 1168 2712; x_wconf 81' lang='lat' dir='ltr'>temporis</span> <span class='ocrx_word' id='word_1_474' title='bbox 1193 2675 1276 2703; x_wconf 80' lang='lat' dir='ltr'>ratio</span> <span class='ocrx_word' id='word_1_475' title='bbox 1292 2673 1436 2713; x_wconf 84' lang='lat' dir='ltr'>postulat</span> <span class='ocrx_word' id='word_1_476' title='bbox 1460 2677 1660 2711; x_wconf 64' lang='lat' dir='ltr'>acceperant.</span> <span class='ocrx_word' id='word_1_477' title='bbox 1678 2678 1713 2704; x_wconf 76' lang='lat' dir='ltr'>et</span> 
     </span>
     <span class='ocr_line' id='line_1_73' title="bbox 1011 2714 1711 2754; baseline 0.001 -11"><span class='ocrx_word' id='word_1_478' title='bbox 1011 2714 1055 2743; x_wconf 88' lang='lat' dir='ltr'>sic</span> <span class='ocrx_word' id='word_1_479' title='bbox 1082 2723 1157 2744; x_wconf 82' lang='lat' dir='ltr'>mox</span> <span class='ocrx_word' id='word_1_480' title='bbox 1179 2720 1247 2745; x_wconf 82' lang='lat' dir='ltr'>est:</span> <span class='ocrx_word' id='word_1_481' title='bbox 1272 2716 1355 2754; x_wconf 74' lang='lat' dir='ltr'>quod</span> <span class='ocrx_word' id='word_1_482' title='bbox 1376 2716 1414 2744; x_wconf 85' lang='lat' dir='ltr'>de</span> <span class='ocrx_word' id='word_1_483' title='bbox 1436 2715 1491 2744; x_wconf 76' lang='lat' dir='ltr'>illo</span> <span class='ocrx_word' id='word_1_484' title='bbox 1506 2719 1711 2753; x_wconf 78' lang='lat' dir='ltr'>acceperant,</span> 
     </span>
     <span class='ocr_line' id='line_1_74' title="bbox 1011 2756 1712 2796; baseline 0.001 -11"><span class='ocrx_word' id='word_1_485' title='bbox 1011 2760 1071 2785; x_wconf 78' lang='lat' dir='ltr'>aut</span> <span class='ocrx_word' id='word_1_486' title='bbox 1085 2765 1111 2785; x_wconf 88' lang='lat' dir='ltr'>e.</span> <span class='ocrx_word' id='word_1_487' title='bbox 1126 2758 1383 2796; x_wconf 67' lang='lat' dir='ltr'>suspicabantur.</span> <span class='ocrx_word' id='word_1_488' title='bbox 1423 2756 1518 2786; x_wconf 84' lang='lat' dir='ltr'>Forte</span> <span class='ocrx_word' id='word_1_489' title='bbox 1533 2763 1565 2786; x_wconf 88' lang='lat' dir='ltr'>et</span> <span class='ocrx_word' id='word_1_490' title='bbox 1580 2757 1712 2786; x_wconf 76' lang='lat' dir='ltr'>dictita-</span> 
     </span>
     <span class='ocr_line' id='line_1_75' title="bbox 1013 2798 1683 2839; baseline 0.003 -11"><span class='ocrx_word' id='word_1_491' title='bbox 1013 2799 1090 2829; x_wconf 77' lang='lat' dir='ltr'>bant</span> <span class='ocrx_word' id='word_1_492' title='bbox 1106 2798 1301 2838; x_wconf 72' lang='lat' dir='ltr'>legendum:</span> <span class='ocrx_word' id='word_1_493' title='bbox 1317 2800 1372 2830; x_wconf 79' lang='lat' dir='ltr'>sed</span> <span class='ocrx_word' id='word_1_494' title='bbox 1386 2798 1447 2830; x_wconf 90' lang='lat' dir='ltr'>hoe</span> <span class='ocrx_word' id='word_1_495' title='bbox 1463 2804 1550 2830; x_wconf 82' lang='lat' dir='ltr'>stare</span> <span class='ocrx_word' id='word_1_496' title='bbox 1564 2803 1683 2839; x_wconf 76' lang='lat' dir='ltr'>potest.</span> 
     </span>
    </p>
   </div>
  </div>
 </body>
</html>
