1860 3228
459 62 540 100 AD
566 61 621 99 M.
639 57 892 104 MARIUM
919 57 995 94 ET
1021 56 1308 96 CETEROS.
1530 62 1603 101 175

528 164 596 205 M.
620 161 855 205 CICERO
887 161 931 201 S.
957 160 1014 201 D.
1048 159 1262 202 CURIO.

166 219 456 285 MEM1N1;
492 246 591 273 cum
625 229 729 270 mihi
763 230 955 284 desipere
979 227 1194 279 videbare,
1218 227 1332 282 quod
1371 242 1469 269 cum
1507 230 1600 272 istis

166 290 312 344 potius
347 290 524 339 viveres,
560 301 688 342 quarn
721 287 973 326 nobiscum:
1006 296 1096 326 erat
1117 285 1233 326 enim
1257 284 1394 325 multo
1418 285 1601 327 domici-

166 346 270 387 lium
293 347 422 401 hujus
445 345 560 387 urbis
584 348 702 396 (cum
724 343 898 398 quidem
923 342 1016 383 haec
1037 343 1156 392 urbs)
1175 342 1317 398 aptius
1341 341 1598 384 humanitati

165 413 208 443 et
231 403 434 444 suavitati
472 412 573 451 tuae,
599 415 727 455 quam
762 410 852 440 tota
885 399 1221 455 Peloponnesus,
1250 399 1408 440 nedum
1434 399 1598 442 Patrae:

164 474 280 502 nunc
313 469 462 501 contra
493 467 536 499 et
559 458 714 498 vidisse
748 457 853 497 mihi
886 457 1067 497 multum
1113 456 1283 507 videris,
1317 470 1431 506 cum,
1466 471 1599 512 prope

164 516 397 573 desperatis
420 516 485 557 his
509 515 648 565 rebus,
674 525 714 555 te
737 515 779 555 in
804 513 1020 555 Graeciam
1044 513 1281 564 contulisti,
1311 523 1352 554 et
1385 513 1466 554 hoc
1490 523 1598 555 tem-

164 588 268 628 pore
291 588 374 614 non
398 572 535 626 solum
567 572 750 628 sapiens,
781 573 853 626 qui
888 571 990 611 hinc
1021 571 1151 621 absis,
1181 570 1253 611 sed
1276 571 1406 611 etiam
1433 571 1596 619 beatus.

161 645 436 685 quamquam,
449 629 559 684 quis,
578 630 650 684 qui
674 628 835 684 aliquid
858 628 1010 683 sapiat,
1026 642 1138 669 nunc
1157 641 1247 667 esse
1264 628 1411 668 beatus
1426 632 1598 684 potest?

162 686 260 736 Sed,
283 686 398 741 quod
422 696 483 737 tu,
506 687 575 728 cui
598 687 770 736 licebat,
790 685 970 741 pedibus
989 699 1032 725 es
1049 695 1321 735 consecutuS,
1336 693 1382 725 ut
1397 685 1455 725 ibi
1471 699 1598 737 esses,

162 743 234 784 ubi
255 758 323 785 nec
347 742 657 798 Pelopidarum,
692 743 801 784 nosti
834 751 1003 783 cetera:
1037 757 1113 783 nos
1144 741 1256 783 idem
1286 743 1597 798 propemodum
1613 755 1643 788 b.

162 800 465 856 consequimur
486 800 568 842 alia
590 801 770 841 ratione.
831 798 943 839 Cum
966 799 1081 839 enim
1105 799 1349 840 salutationi
1375 813 1453 840 nos
1480 800 1600 841 dedi-

163 871 257 898 mus
279 858 542 909 amicormn3
574 872 671 912 quae
694 857 743 898 fit
766 856 849 898 hoc
869 856 1000 897 etiam
1026 856 1307 911 frequentius,
1331 871 1459 912 quam
1490 857 1599 898 sole-

162 914 251 965 bat,
273 914 404 971 quod,
428 916 548 970 quasi
571 928 694 955 avem
717 914 873 964 albam,
897 914 1097 954 videntur
1122 914 1229 954 bene
1258 914 1514 954 sentientem
1536 915 1599 956 ci-

162 985 257 1012 vem
281 972 449 1013 videre:
482 972 594 1012 abdo
623 986 692 1012 me
725 971 768 1011 in
793 970 1116 1012 bibliothecam.
1181 970 1332 1026 Itaque
1354 985 1485 1026 opera
1505 971 1597 1014 effi-

159 1028 229 1069 cio
263 1038 396 1079 tanta,
432 1038 596 1084 quanta
632 1028 812 1069 fortasse
847 1037 891 1068 tu
923 1028 1094 1068 senties.
1157 1026 1357 1070 Intellexi
1392 1028 1509 1076 enim
1540 1043 1595 1070 ex

163 1095 238 1126 tuo
271 1099 468 1127 sermone
489 1086 692 1141 quodam,
726 1099 824 1126 cum
862 1099 999 1125 meam
1032 1085 1287 1126 moestitiam
1321 1095 1364 1126 et
1398 1085 1598 1141 despera-

163 1143 325 1184 tionem
361 1155 583 1184 accusares
614 1140 731 1184 domi
763 1151 865 1191 tuae,
903 1144 978 1182 sste
1014 1156 1068 1182 ex
1108 1142 1214 1182 meis
1251 1142 1371 1182 libris
1403 1143 1597 1185 animum

161 1213 305 1240 meum
327 1199 581 1241 desiderare.
642 1199 726 1239 Sed
749 1197 992 1239 mehercule
1014 1207 1058 1238 et
1080 1207 1169 1238 tum
1201 1199 1511 1254 rempublicam
1532 1201 1599 1242 lu-

157 1257 329 1312 gebam,
352 1271 449 1311 quae
473 1271 558 1297 non
582 1255 719 1296 solum
742 1254 827 1295 suis
849 1268 950 1309 erga
974 1268 1055 1305 me,
1078 1255 1185 1295 4sed
1207 1255 1337 1296 etiam
1361 1256 1466 1296 meis
1496 1271 1599 1313 erga

157 1327 202 1353 se
225 1313 444 1353 beneficiis
471 1321 563 1353 erat
584 1312 690 1352 mihi
711 1311 874 1352 carior:
907 1321 950 1352 et
972 1310 1055 1351 hoc
1089 1319 1298 1367 tempore,
1334 1327 1598 1368 quamquam

156 1383 226 1410 me
255 1384 340 1410 non
376 1370 486 1410 ratio
515 1368 653 1410 solum
686 1368 948 1419 consolatur,
983 1383 1080 1424 quae
1115 1368 1348 1424 plurimum
1371 1370 1501 1411 debet
1526 1386 1599 1412 va-

155 1425 256 1478 lere,
279 1427 352 1468 sed
370 1427 500 1467 etiam
537 1426 641 1477 dies,
670 1440 768 1481 quae
800 1424 940 1466 stultis
977 1440 1150 1480 quoque
1180 1427 1341 1467 mederi
1377 1426 1499 1480 solet,
1533 1438 1599 1469 ta-

157 1497 257 1524 men
280 1483 419 1534 doleo,
456 1485 517 1524 ita
545 1497 634 1524 rem
671 1496 946 1523 communem
982 1496 1073 1523 esse
1105 1482 1330 1539 dilapsam,
1361 1494 1408 1524 ut
1430 1499 1482 1525 ne
1502 1500 1598 1542 spes

157 1540 349 1595 quidem,
372 1539 523 1581 melius
545 1539 775 1595 aliquando
798 1538 903 1590 fore,
925 1539 1204 1594 relinquatur.
1241 1540 1336 1582 Nec
1358 1555 1459 1582 vero
1482 1557 1599 1585 nunc

158 1598 333 1652 quidem
355 1597 484 1653 culpa
504 1597 547 1638 in
571 1611 622 1637 eo
641 1609 720 1647 est,
739 1596 781 1637 in
805 1596 928 1651 cujus
952 1605 1166 1652 potestate
1190 1599 1337 1639 omnia
1359 1607 1473 1650 sunt,
1495 1600 1598 1652 (nisi

159 1655 271 1696 forte
291 1655 332 1696 id
356 1654 497 1711 ipsum
529 1668 621 1695 esse
657 1668 742 1695 non
776 1653 961 1704 debuit,)
993 1654 1065 1695 sed
1099 1653 1182 1694 alia
1210 1669 1328 1705 casu,
1361 1655 1444 1697 alia
1465 1657 1598 1698 etiam

157 1721 306 1753 nostra
326 1712 454 1768 culpa
481 1711 543 1753 sic
574 1711 839 1761 acciderunt,
862 1719 910 1751 ut
938 1711 991 1751 de
1021 1711 1251 1767 praeteritis
1281 1726 1366 1753 non
1406 1713 1463 1754 sit
1494 1728 1599 1769 que-

157 1770 353 1810 rendum.
416 1768 645 1824 Reliquam
682 1782 801 1823 spem
837 1768 997 1809 nullam
1035 1767 1174 1808 video.
1209 1783 1340 1824 quare
1371 1771 1424 1811 ad
1459 1773 1599 1827 prima

157 1826 299 1868 redeo‘.
361 1825 588 1882 Sapienter
623 1825 719 1867 haec
757 1824 983 1880 reliquisti,
1022 1825 1056 1866 si
1086 1826 1291 1869 consilio:
1323 1825 1523 1880 feliciter,
1562 1828 1598 1869 si

154 1898 272 1926 casu.

672 1939 1079 1977 ARGUMENTUM.
1610 1949 1667 1991 29

174 2004 303 2041 Curius
322 2004 449 2040 laudat
471 2003 653 2040 Ciceronis
670 2015 758 2051 erga
774 2014 811 2038 se
828 2003 1010 2052 beneficia,
1029 2014 1179 2051 eumque
1196 2008 1316 2051 rogat,
1336 2009 1378 2040 ut
1397 2004 1474 2042 Ser.
1495 2006 1580 2042 Sul-

567 2057 656 2103 picii
670 2067 708 2091 se
724 2057 920 2091 successori
937 2057 1170 2091 commendet.

425 2121 656 2164 CURIUS
689 2120 758 2162 Μ.
781 2120 1090 2164 CICERONI
1125 2121 1245 2164 SUO
1277 2122 1322 2163 S.

159 2178 221 2230 SI
248 2189 374 2241 vales,
409 2190 518 2230 bene
544 2199 635 2232 est:
668 2204 761 2230 sum
790 2191 906 2231 enim
933 2190 1122 2242 χςῆσειμὲν
1143 2201 1256 2242 tuus,
1276 2196 1386 2236 κτήσει
1407 2194 1440 2234 δὲ
1458 2191 1596 2234 Attici

156 2247 306 2288 nostri.
328 2261 432 2303 ergo
455 2245 620 2288 fructus
653 2257 718 2287 est
744 2255 859 2296 tuus,
882 2249 1149 2304 mancipium
1182 2248 1320 2290 illius:
1352 2250 1470 2305 quod
1498 2251 1596 2305 qui-

156 2304 252 2345 dem
277 2304 343 2345 5si
376 2306 489 2345 inter
521 2304 682 2358 [senes]
715 2304 1026 2346 coemtionales
1053 2305 1256 2359 [vaenale]
1280 2307 1597 2363 proscripserit,

194 2419 214 2447 3
236 2417 343 2448 dicere
365 2420 397 2447 te
419 2427 460 2448 ex
478 2428 520 2448 m.
537 2418 628 2448 libris
644 2417 719 2457 δια]
745 2418 851 2449 dicere
934 2421 955 2450 4
976 2418 1034 2450 sed
1051 2420 1152 2449 etiam
1177 2420 1258 2450 meis
1279 2429 1361 2459 erga
1374 2430 1407 2451 se
1421 2420 1595 2461 beneficiis]

152 2463 204 2489 est
225 2470 245 2489 a
257 2459 450 2499 glossatore,
474 2465 514 2490 ut
535 2466 570 2490 et
593 2460 741 2491 Graevius
756 2461 849 2492 vidit.
894 2460 976 2492 Haec
990 2463 1089 2492 verba
1105 2462 1137 2491 in
1156 2472 1229 2492 meo
1242 2463 1307 2493 Ms.
1325 2462 1562 2493 desiderantur.

154 2501 279 2532 Pendet
294 2501 356 2532 hoc
371 2505 403 2531 te
417 2511 458 2533 ez·
471 2503 550 2532 meis
564 2502 655 2533 libris
669 2503 728 2533 &c.
742 2503 784 2536 ab
799 2503 851 2534 in·
938 2507 956 2535 5
979 2504 1007 2534 si
1034 2505 1122 2534 inter
1143 2514 1234 2535 senes
1258 2515 1286 2535 c.
1316 2506 1431 2535 venale
1448 2503 1593 2545 proscr.]

152 2544 263 2573 telle-'ci
285 2553 325 2574 ecc
346 2544 486 2584 quodam
510 2554 610 2575 serm.
633 2548 699 2575 tuo.
728 2549 762 2576 te
782 2546 852 2576 ani·
894 2544 959 2585 Qui
986 2546 1220 2586 intelligantur
1239 2557 1330 2577 senes
1352 2548 1463 2577 coemt.
1497 2557 1527 2576 v.
1558 2548 1596 2578 in

149 2594 242 2615 mum
268 2595 380 2616 meum
396 2585 500 2617 talem
516 2597 583 2617 non
599 2587 754 2628 reperire,
771 2597 851 2627 qua—
895 2588 1005 2619 Clave.
1049 2588 1110 2618 Sed
1138 2599 1199 2629 ego
1223 2594 1283 2620 aut
1306 2589 1480 2620 delendum
1506 2598 1597 2620 senes

151 2626 218 2658 lem
256 2627 526 2659 viderer-habere
559 2629 611 2666 iis,
645 2630 700 2669 qui
730 2631 852 2670 scripta
893 2635 989 2670 puto,
1004 2636 1062 2661 aut
1075 2640 1181 2662 servos
1193 2630 1412 2662 scribendum.
1435 2629 1498 2660 Sed
1513 2630 1598 2664 illud

154 2670 227 2700 mea
239 2669 399 2710 legerent,
414 2675 473 2701 aut
488 2670 638 2702 deberem
658 2672 776 2703 habere
799 2682 850 2703 se·
893 2673 997 2713 magis
1013 2673 1134 2713 placet,
1159 2683 1236 2704 nam
1260 2673 1322 2703 hoc
1349 2683 1367 2702 e
1392 2673 1596 2713 mancipium

153 2710 296 2742 cundum
320 2723 371 2750 ea,
388 2722 461 2752 quae
479 2713 592 2753 scripsi
608 2713 648 2745 de
665 2715 776 2745 animo
791 2714 851 2745 ho-
893 2715 1095 2754 intelligitur
1131 2714 1348 2746 commodius.
1378 2724 1468 2744 senes
1497 2719 1549 2746 est
1576 2726 1598 2747 a

153 2752 251 2783 minis
265 2753 396 2785 honesti
410 2761 444 2785 et
457 2756 626 2795 sapientis.
664 2756 742 2788 Non
758 2757 851 2788 dubi·
892 2756 1074 2796 glossatore
1088 2758 1214 2798 inepto,
1228 2767 1246 2787 e
1262 2756 1335 2787 loco
1350 2757 1518 2788 Ciceronis
1535 2767 1596 2797 pro

154 2794 220 2824 tavi
234 2793 340 2826 delere
355 2796 389 2827 id
402 2797 549 2827 verbum.
893 2799 1037 2831 Murena
1051 2809 1079 2830 c.
1099 2801 1148 2831 12.
1164 2799 1220 2829 ubi
1235 2803 1314 2830 sunt
1327 2808 1416 2830 senes
1435 2800 1482 2831 dd
1493 2802 1595 2832 coim-
