1817 3196
408 101 487 140 AD
513 97 853 138 METELLUM
878 95 953 133 ET
980 95 1256 132 CETEROS.
1491 94 1542 134 97

110 203 280 263 legeris,
303 209 378 247 ⁵tu
404 205 493 260 ipse
513 202 636 244 velim
653 200 839 256 jannem,
863 199 1020 240 satisne
1044 197 1238 238 videatur
1252 195 1319 236 his
1342 195 1540 236 omnibus

113 267 238 306 rebus
262 273 357 304 tuus
389 262 612 310 adventus,
634 272 731 299 cum
763 257 958 312 proxime
983 255 1166 295 Romam
1201 252 1371 301 venisti,
1394 262 1541 291 mutue

113 320 392 376 respondisse.
417 315 546 363 Quod
569 315 719 355 scribis
741 315 792 355 de
810 312 1084 354 reconciliata
1106 320 1250 352 nostra
1271 309 1433 365 gratia3
1455 322 1540 348 non

114 377 323 433 intelligo,
345 389 420 416 cur
442 372 759 413 reconciliatam
781 384 871 411 esse
893 370 1025 418 dicas,
1048 383 1145 422 quae
1170 379 1400 420 numquam
1425 365 1444 394 6
1461 363 1541 403 im-

114 435 280 474 minuta
300 441 378 473 est.
411 429 541 477 Quod
564 428 728 479 scribis,
746 442 829 468 non
854 426 1094 482 oportuisse
1118 423 1342 464 Metellum
1368 422 1542 461 fratrem

113 499 234 530 tuum
256 490 312 530 ob
334 488 496 528 dictum
519 500 544 526 a
573 499 640 526 me
664 485 933 540 oppugnari:
967 483 1166 538 primum,
1190 481 1272 520 hoc
1303 478 1426 519 veliin
1451 478 1544 517 exi-

111 547 270 596 stimes,
292 545 481 586 animum
500 542 602 582 mihi
621 542 747 583 istum
774 552 892 582 tuum
914 541 1185 580 vehementer
1206 535 1446 592 probari,et
1460 533 1544 574 fra·

112 613 273 643 ternam
302 601 468 656 plenam
488 599 768 640 humanitatis
790 613 839 638 ac
870 597 1038 652 pietatis
1060 595 1344 635 voluntatem:
1374 590 1543 640 deinde,

113 660 146 699 si
168 673 253 713 qua
273 673 354 714 ego
379 657 420 697 in
458 671 501 697 re
525 656 643 696 fratri
668 666 756 706 tuo,
787 653 1034 709 reipublicae
1066 666 1208 700 causa,
1231 648 1472 699 restiterim,
1495 656 1543 688 ut

110 715 216 756 mihi
239 714 452 771 ignoscas.
485 723 570 754 tam
594 712 708 753 euim
732 726 823 751 sum
847 711 1008 751 amicus
1029 707 1293 764 reipublicae,
1317 719 1443 761 quain
1467 704 1585 759 quib,

110 771 312 813 maxime.
373 771 418 812 Si
443 784 541 810 vero
574 783 710 809 meam
743 767 920 808 salutem
952 776 1103 807 contra
1125 765 1234 805 illius
1266 764 1472 818 impetum
1497 762 1543 802 in

107 842 177 868 me
199 828 538 870 crudelissimum
558 825 819 867 defenderim
837 841 846 866 ;
880 824 980 864 satis
1003 823 1175 871 habeas,
1194 820 1302 861 nihil
1323 835 1390 861 me
1412 819 1544 860 etiam

108 893 250 926 tecum
273 885 325 926 de
346 885 406 925 tui
430 884 571 925 fratris
595 882 750 937 injuria
772 881 990 936 conqueri.
1035 880 1176 926 Quem
1200 892 1281 934 ego
1303 891 1400 918 cum
1426 890 1545 916 com-

107 943 326 997 perissem,
349 955 519 982 omnem
555 940 617 981 sui
656 939 898 980 tribunatus
927 946 1129 978 conatum
1165 936 1208 976 in
1243 949 1380 974 meam
1405 932 1547 988 perni-

107 1000 217 1039 ciem
251 1003 267 1033 7
284 1012 431 1054 parare
468 1007 596 1052 atque
638 996 859 1036 meditari:
902 995 970 1050 egi
1003 1008 1102 1035 cum
1142 996 1160 1023 8
1176 991 1371 1040 Claudia,
1414 1002 1548 1030 uxore

109 1065 196 1104 tua,
219 1064 263 1095 et
295 1070 394 1096 cum
430 1064 570 1095 vestra
603 1068 746 1094 sorore
779 1052 944 1102 Mucia,
974 1052 1096 1106 cujus
1129 1064 1231 1106 erga
1253 1063 1321 1088 me
1343 1047 1548 1095 studium,

108 1127 187 1168 pro
223 1112 304 1154 Cn.
330 1112 526 1167 Pompeii
557 1110 886 1160 necessitudine,
917 1108 1061 1148 multis
1095 1108 1137 1147 in
1161 1107 1285 1147 rebus
1320 1117 1549 1160 perspexe-

109 1183 214 1219 ram,
236 1178 280 1209 ut
303 1183 400 1209 eum
424 1169 478 1209 ab
501 1167 571 1207 illa
587 1167 745 1222 injuria
763 1167 1037 1206 deterrerent.
1069 1163 1214 1218 Atque
1232 1163 1316 1212 ille,
1338 1161 1455 1216 quod
1477 1164 1549 1199 9te

110 1226 277 1266 audisse
305 1236 423 1266 certo
466 1224 570 1274 scio,
612 1224 749 1279 pridie
781 1222 879 1262 Kal.
909 1222 1088 1264 Januar.
1119 1235 1204 1274 qua
1235 1219 1393 1273 injuria
1422 1230 1549 1257 nemo

109 1296 311 1337 umquam
338 1285 375 1311 10
391 1282 432 1321 in
451 1281 594 1335 aliquo
617 1279 871 1334 magistratu
888 1277 1232 1334 improbissimus
1249 1276 1355 1316 civis
1370 1273 1550 1315 affectus

107 1348 187 1390 est,
208 1353 258 1379 ea
295 1352 362 1379 me
383 1338 601 1379 consulem
635 1336 794 1386 affecit,
825 1351 921 1376 cum
957 1333 1267 1389 rempublicam
1303 1345 1551 1373 conservas-

108 1409 212 1446 sem,
248 1405 377 1450 atque
406 1395 635 1435 abeuntem
667 1394 920 1448 magistratu
965 1391 1188 1433 concionis
1226 1388 1438 1430 habeudae
1472 1402 1550 1443 po-

108 1462 263 1494 testate
277 1452 481 1508 privavit:
500 1451 624 1506 cujus
647 1450 804 1505 injuria
819 1450 923 1490 mihi
940 1460 1082 1489 tamen
1095 1447 1248 1489 honori
1269 1460 1436 1486 summo
1452 1443 1548 1485 fuit.

110 1509 226 1551 Natn
247 1523 345 1549 cum
368 1508 437 1548 ille
459 1508 564 1548 mihi
590 1507 710 1557 nihil,
733 1507 812 1547 nisi
844 1517 889 1547 ut
905 1507 1113 1561 jurarem,
1137 1504 1428 1560 permitteret:
1460 1516 1551 1541 ma·

110 1580 196 1621 gna
223 1579 327 1606 voce
353 1565 497 1620 juravi
536 1567 568 1594 11
586 1563 849 1604 verissimum
885 1562 1306 1619 pulcherrimumque
1329 1559 1551 1614 jusjuran-

110 1624 236 1673 dum;
268 1622 383 1677 quod
407 1620 589 1677 populus
613 1621 726 1662 idem
748 1635 903 1676 magua
922 1635 1025 1660 voce
1047 1633 1115 1659 me
1140 1615 1550 1672 verejurassejura-

112 1679 187 1719 vit.
249 1678 347 1719 Hac
365 1688 544 1734 accepta
576 1687 662 1718 tam
697 1678 854 1732 insigni
890 1677 1062 1730 injuria,
1094 1686 1237 1716 tamen
1268 1673 1340 1715 illo
1363 1674 1455 1728 ipso
1479 1672 1549 1712 die

109 1735 206 1777 misi
229 1735 281 1776 ad
305 1734 533 1776 Metellum
564 1749 814 1775 communes
847 1735 1024 1783 amicos,
1056 1733 1127 1788 qui
1161 1740 1339 1787 agerent
1360 1744 1458 1770 cum
1481 1743 1548 1779 eo,

110 1801 156 1834 ut
177 1792 229 1833 de
251 1791 324 1833 illa
351 1802 496 1832 mente
529 1792 765 1838 desisteret.
799 1792 956 1846 quibus
991 1790 1058 1830 ille
1087 1789 1322 1844 respondit,
1357 1787 1436 1827 sibi
1463 1800 1551 1826 non

109 1863 200 1890 esse
222 1850 453 1904 integrum.
475 1849 633 1890 etenim
657 1848 798 1904 paullo
820 1859 919 1888 ante
942 1847 983 1887 in
1007 1847 1217 1887 concione
1237 1845 1421 1894 dixerat,
1446 1845 1483 1873 1‘2
1496 1843 1549 1891 ei,

110 1907 183 1961 qui
217 1907 259 1947 in
292 1907 397 1947 alios
421 1906 793 1946 animadvertisset
828 1904 991 1945 indicta
1008 1919 1150 1954 causa,
1175 1902 1345 1943 dicendi
1369 1901 1448 1956 ipsi
1475 1915 1554 1955 po-

111 1972 309 2004 testatem
344 1963 434 2003 fieri
469 1978 554 2003 non
593 1975 805 2018 oportere.
870 1961 1106 2002 Hominem
1139 1973 1314 2014 gravem
1346 1967 1390 1998 et
1410 1957 1551 1998 civem

0 2063 1 2076 ἶ
111 2021 362 2076 egregium!
392 2020 482 2074 qui,
503 2034 588 2075 qua
619 2034 750 2075 poena
773 2028 958 2069 senatus,
981 2032 1190 2058 consensu
1216 2017 1426 2056 bonorum
1458 2028 1550 2054 om-

0 2082 1 2113 i
109 2078 244 2130 nium,
266 2091 338 2120 eos
357 2076 572 2129 affecerat,
593 2077 668 2132 qui
701 2077 850 2118 urbem
873 2075 1114 2126 incendere,
1129 2084 1180 2116 iet
1203 2072 1481 2128 magistratus
1500 2085 1550 2111 ac

152 2207 171 2236 5
193 2206 311 2246 tuipse
325 2215 356 2236 v.
362 2204 412 2246 j.]
438 2206 591 2246 Languet
611 2210 660 2243 tu,
676 2210 711 2237 et
725 2206 807 2237 vidit
850 2205 911 2237 cia.

109 2247 224 2278 Lamb.
239 2249 295 2287 qui
310 2249 444 2287 corrigit
459 2252 543 2278 tum.
561 2257 628 2278 non
643 2249 742 2278 male.

151 2289 171 2320 6
192 2291 370 2320 imminuta
391 2289 450 2328 ese]
481 2290 532 2320 Sic
556 2290 636 2321 Mss.
661 2290 806 2330 plerique

110 2335 145 2362 et
157 2331 230 2363 edd.
248 2342 297 2372 pr.
320 2331 444 2363 Noster
460 2334 590 2362 minuta
604 2336 662 2369 est,
683 2339 721 2362 ut
734 2333 804 2363 Pal.

108 2377 140 2406 4.
157 2373 244 2413 quod
258 2373 422 2404 revocavit
438 2373 630 2410 Lambinus,
643 2384 718 2404 cum
735 2375 807 2405 ede-

110 2422 202 2446 retur
212 2421 291 2446 ante
313 2416 492 2445 immutata
507 2416 582 2446 inde
597 2426 617 2445 a
637 2416 670 2446 P.
688 2417 808 2447 Manu-

110 2458 158 2488 tio
175 2459 264 2488 1540.
307 2457 370 2487 Sed
382 2462 496 2488 tamen
512 2458 574 2488 hoc
590 2458 721 2487 verbum
740 2468 806 2488 non

112 2499 194 2530 bene
210 2500 365 2530 convenit
386 2499 484 2529 verbo
506 2500 723 2537 reconciliari,
738 2511 806 2531 ma—

113 2542 226 2581 gisque
240 2541 349 2582 placet
363 2542 554 2574 immutata.

155 2586 174 2616 7
193 2592 318 2622 parare
346 2588 442 2623 atque
469 2583 638 2623 meditari]
683 2584 807 2614 Durius

113 2624 233 2655 dieitur
247 2624 281 2655 h.
303 2625 326 2656 l.
350 2626 516 2662 meditari,
533 2626 588 2656 sed
602 2630 681 2656 sunt
694 2633 808 2657 tamen

115 2672 149 2698 et
164 2666 230 2740 zellia
253 2666 349 2707 hujus
371 2668 626 2698 constructionis
645 2669 807 2709 exempla.

119 2718 150 2740 v.
207 2718 256 2739 av.

140 2751 177 2780 Α8
204 2749 358 2789 Claudia]
391 2750 508 2781 Sorore
529 2751 566 2781 P.
591 2750 709 2782 Clodii.
733 2759 809 2781 mox

114 2800 174 2829 pro
184 2790 241 2822 Cn.
257 2791 303 2821 P.
319 2793 547 2823 necessitudine
561 2804 604 2824 sc.
619 2803 704 2828 mea,
719 2793 812 2823 Cice-

119 2840 219 2869 roms,
235 2842 310 2863 cum
333 2834 501 2873 Pompeio,
516 2838 606 2876 cujus
631 2845 712 2865 uxor
733 2835 810 2866 Mu—

175 2887 281 2916 vol..
307 2889 382 2916 111.
405 2890 446 2917 P.
473 2890 503 2916 1.

891 2253 911 2283 9
935 2252 964 2278 te
980 2247 1107 2278 audisse
1133 2244 1240 2284 credo]
1273 2242 1354 2275 Haee
1377 2247 1426 2275 est
1451 2241 1552 2274 lectio

848 2299 955 2327 vetus,
970 2299 1043 2328 quae
1065 2294 1099 2320 et
1121 2289 1156 2318 in
1181 2289 1244 2318 Ms.
1265 2292 1379 2318 nostro
1402 2291 1463 2316 cst.
1510 2285 1550 2315 In

849 2331 1040 2371 quibusdam
1064 2331 1154 2361 libris
1177 2335 1227 2360 est
1249 2333 1346 2365 certo,
1369 2329 1454 2358 unde
1478 2337 1549 2357 cor«

850 2381 978 2404 rectum
992 2377 1076 2403 certo
1089 2373 1165 2409 scio,
1182 2372 1268 2407 quod
1284 2376 1318 2402 et
1333 2372 1366 2401 in
1381 2371 1444 2401 Ms.
1459 2370 1550 2399 Grae-

849 2416 893 2446 vii
916 2416 991 2446 fuit.
1036 2415 1075 2445 ld
1096 2415 1173 2454 quia
1195 2415 1240 2444 rei
1263 2414 1372 2454 aptius
1394 2419 1457 2449 cst,
1473 2421 1549 2441 cum

850 2458 981 2488 Grzevio
999 2458 1117 2497 recepi.

895 2503 932 2530 10
953 2498 989 2529 in
1003 2500 1110 2538 aliquo
1134 2498 1240 2537 mag]
1267 2499 1319 2527 Sic
1339 2502 1373 2526 et
1400 2496 1462 2526 Ms.
1491 2505 1548 2525 no-

848 2546 927 2572 ster.
943 2542 1035 2572 valde
1061 2542 1094 2570 in
1121 2541 1217 2570 verbo
1243 2541 1350 2579 aliquo
1365 2539 1493 2568 variant
1509 2537 1548 2567 li·

849 2583 947 2614 brarii
969 2590 1004 2613 et
1025 2583 1147 2613 critici:
1173 2592 1290 2622 nempe
1311 2590 1376 2610 non
1401 2579 1548 2610 animad-

851 2625 1035 2661 vertebant,
1051 2626 1158 2664 alz'quo
1172 2633 1239 2654 esse
1255 2625 1319 2654 alio
1334 2633 1404 2661 quo.

898 2671 929 2698 11
951 2678 982 2698 v.
992 2665 1295 2708 p-,juv'urczndzmss
1309 2666 1436 2703 Nempe
1448 2673 1549 2704 remp.

852 2720 873 2739 a
887 2719 919 2739 se
932 2714 1099 2740 servatam
1123 2719 1181 2749 pro
1197 2709 1319 2738 usitato
1342 2715 1444 2745 remp.
1466 2710 1551 2736 recte

850 2757 990 2790 gestam.

899 2797 936 2824 12
958 2793 1155 2823 ei—de'ccndi
1171 2792 1231 2831 ipsi
1245 2789 1321 2829 δια]
1347 2790 1476 2821 Durum
1490 2790 1552 2820 hoc

854 2841 914 2866 est.
958 2836 1081 2866 Vereor
1097 2844 1136 2865 ne
1152 2835 1180 2863 ei
1195 2833 1340 2873 spurium
1355 2833 1408 2863 sit.

823 2890 849 2914 H
