1865 3223
386 72 465 110 AD
492 69 801 110 CONSULES
828 70 904 108 ET
930 69 1210 110 CETEROS.
1440 76 1517 113 399

94 176 157 216 tui
192 175 382 232 pluribus
415 175 651 226 beneficiis,
685 173 749 214 vel
779 172 977 215 defensus
1009 172 1204 214 tristibus
1241 176 1524 231 temporibus,

96 233 162 274 vel
183 243 356 274 ornatus
377 235 418 264 3⁴
431 232 641 281 secundis,
663 239 708 271 et
736 245 828 272 sum
862 240 977 272 totus
1000 238 1153 279 vester,
1174 239 1219 271 et
1247 246 1337 273 esse
1358 233 1523 274 debeo·
1512 265 1524 284 ,

96 304 194 330 cum
217 291 453 345 praesertim
483 288 629 330 matris
667 296 769 340 tuae,
798 287 1063 343 gravissimae
1097 297 1224 340 atque
1246 289 1422 344 optimae
1449 289 1526 330 fae-

96 347 242 396 minae,
285 361 449 401 majora
479 359 581 400 erga
614 343 793 386 salutem
821 344 1167 400 dignitatemque
1200 357 1338 386 meam
1373 346 1529 396 studia,

96 417 222 457 quam
258 412 380 444 erant
413 418 438 443 a
472 402 646 442 muliere
673 401 942 458 postulanda,
965 399 1270 456 perspexerim.
1331 402 1531 458 Quapro-

92 471 187 514 pter
208 474 233 500 a
255 470 295 500 te
327 469 427 516 peto
449 459 491 499 in
514 458 722 513 majorem
745 458 938 510 modum,
969 466 1017 499 ut
1043 471 1112 498 me
1134 457 1355 499 absentem
1378 459 1531 515 diligas

97 526 227 572 atque
249 515 466 558 defendas

609 598 1014 637 ARGUMENTUM.
1545 608 1571 644 g

123 663 160 699 C.
180 663 357 699 Marcello
375 675 507 711 augura
526 664 656 713 desilii
677 663 757 699 Caii
772 663 962 698 consulatu
978 661 1203 710 gratulatur,
1220 665 1386 711 petitque
1402 667 1442 699 ut
1456 674 1494 698 se

614 716 794 752 absentem
814 714 1000 763 defendat.

126 778 195 821 M.
216 779 267 821 T.
294 780 345 822 C.
380 780 562 824 PROC.
595 779 941 823 MARCELLO
973 779 1279 822 COLLEGAE
1311 781 1356 822 S.
1381 780 1431 823 P.
1456 780 1514 823 D.

96 834 511 890 MARCELLUM
546 859 670 890 tuum
707 848 925 890 consulem
958 847 1137 912 factum,
1166 857 1292 904 teque
1312 863 1363 890 ea
1383 849 1537 890 laetitia

91 902 295 946 aflectum
329 920 435 955 esse,
463 921 592 960 quarn
616 906 805 946 maxime
827 905 1003 961 optasti,
1027 905 1300 946 mii-andum
1291 920 1333 946 in
1358 906 1532 952 modum

95 961 288 1016 gaudeo:
322 962 450 1017 idque
471 977 569 1003 curn
596 963 727 1018 ipsius
761 977 903 1013 causa,
927 971 1017 1002 tum
1047 962 1162 1025 quod
1187 971 1228 1003 te
1245 962 1446 1004 omnibus
1468 977 1534 1004 se-

95 1018 368 1059 cundissimis
403 1020 527 1060 rebus
549 1020 850 1075 dignissimum
877 1019 1057 1074 judico.
1089 1018 1213 1084 cujus
1235 1033 1337 1076 erga
1359 1034 1426 1061 me
1448 1020 1537 1061 sin-

92 1074 283 1129 gularem
309 1076 644 1118 benivolentiam
669 1076 762 1117 vel
754 1091 794 1117 in
818 1076 963 1117 labore
985 1090 1095 1126 meo,
1119 1076 1213 1117 vel
1205 1091 1246 1116 in
1262 1052 1424 1117 honore
1441 1092 1537 1133 per-

97 1133 246 1195 spexi:
283 1143 416 1174 totam
439 1134 624 1188 denique
647 1134 823 1174 domum
850 1144 1033 1173 Vestiam
1056 1132 1122 1173 vel
1141 1132 1288 1174 salutis
1311 1133 1375 1174 vel
1393 1134 1538 1190 digni-

95 1190 195 1229 tatis
219 1203 326 1230 meae
347 1190 704 1232 studiosissimam
727 1190 1137 1246 cupidissimamque
1155 1190 1358 1245 cognovi.
1391 1191 1538 1238 Quare

96 1255 268 1300 gratum
288 1247 392 1288 mihi
417 1246 584 1298 feceris,
608 1247 641 1287 si
664 1248 790 1287 uxori
815 1256 900 1288 tuae
931 1246 1093 1296 Juniae‚
1121 1247 1385 1302 gravissimae
1408 1258 1539 1304 atque

99 1303 277 1367 optimae
302 1303 506 1355 faeminae,
527 1304 631 1344 meis
650 1303 790 1345 verbis
813 1304 894 1343 eris
915 1279 1167 1358 gratulatus.
1215 1303 1256 1343 A
1275 1313 1317 1344 te
1340 1304 1397 1356 id,
1421 1305 1539 1360 quod

95 1361 242 1410 suesti,
267 1371 387 1416 peto,
409 1375 477 1401 me
499 1361 722 1401 absentem
744 1360 898 1416 diligas
921 1370 1050 1415 atque
1072 1359 1291 1402 def.endas

609 1448 1013 1486 ARGUMENTUM.
1548 1466 1577 1509 9

118 1499 171 1537 M.
192 1501 372 1538 Marcello
388 1503 602 1550 gratulatur
621 1503 664 1538 de
671 1501 801 1551 fratre
829 1502 995 1549 patruele
1023 1502 1166 1537 consule
1172 1500 1281 1551 sacto
1293 1518 1306 1539 .·
1331 1504 1511 1551 petitque,

544 1558 585 1590 ut
602 1556 640 1590 in
656 1555 845 1602 provincia
863 1555 1087 1590 succedatur.

123 1617 191 1660 M.
213 1618 265 1661 T.
290 1619 342 1662 C.
377 1620 638 1662 PROCOS.
670 1620 737 1661 M.
763 1620 1110 1661 MARCELLO
1134 1620 1264 1662 COS.
1298 1621 1342 1662 S.
1368 1621 1418 1662 P.
1446 1622 1502 1664 D.
1546 1639 1583 1671 b,

91 1676 178 1729 ΤΕ
201 1696 244 1728 et
263 1688 436 1744 pietatis
457 1689 499 1730 in
524 1699 634 1739 tuos,
656 1698 697 1729 et
720 1688 853 1729 animi
878 1689 919 1728 in
944 1688 1269 1743 rempublicam,
1292 1698 1334 1729 et
1353 1689 1537 1731 clarissi-

93 1746 154 1787 mi
176 1754 305 1800 atque
323 1745 481 1808 optimi
503 1745 764 1796 consulatus,
789 1744 841 1785 C.
863 1745 1072 1786 Marcello
1094 1746 1270 1786 consule
1292 1746 1424 1797 facto,
1447 1747 1536 1789 fru-

96 1812 214 1844 ctum
237 1816 416 1858 cepisse,
439 1802 714 1844 vehementer
736 1802 918 1857 gaudeo.
981 1802 1083 1842 Non
1107 1803 1276 1866 dubito,
1298 1804 1400 1858 quid
1427 1819 1536 1859 prae-

94 1868 234 1900 sentes
257 1859 464 1900 sentiant:
496 1874 574 1900 nos
596 1859 770 1914 quidem
798 1858 1040 1916 longinqui,
1063 1868 1106 1899 et
1127 1874 1151 1899 a
1171 1868 1211 1900 te
1233 1860 1327 1924 ipso
1350 1861 1467 1902 missi
1490 1861 1535 1902 in

96 1917 268 1957 ultimas
301 1926 465 1979 gentes,
488 1917 541 1957 ad
564 1915 718 1958 caelum
753 1893 994 1957 mehercule
1019 1916 1207 1956 tollimus
1230 1916 1460 1958 verissimis
1484 1933 1535 1959 ac

92 1973 343 2029 justissimis
362 1973 581 2014 laudibus.
636 1973 750 2014 Nam
785 1988 884 2014 cum
913 1983 954 2014 te
977 1989 1001 2014 3
1020 1973 1205 2028 pueritia
1227 1985 1300 2014 tua
1322 1975 1448 2016 unice
1469 1975 1534 2016 di-

93 2030 288 2080 lexeffln,
313 2039 443 2085 tuque
465 2045 532 2071 me
554 2032 597 2071 in
620 2030 738 2070 omni
761 2045 916 2085 genere
933 2044 1122 2086 semper
1112 2030 1424 2087 amplissimum
1442 2047 1535 2073 esse

92 2098 137 2128 et
159 2087 343 2129 volueris
365 2087 657 2142 etjudicaris:
693 2097 784 2128 tum
814 2087 897 2128 hoc
934 2087 998 2128 vel
1029 2097 1103 2128 tuo
1127 2087 1258 2139 facto,
1282 2088 1347 2128 vel
1381 2090 1533 2145 populi

96 2144 284 2185 Romani
307 2145 359 2185 de
381 2144 618 2200 tejudicio‚
644 2144 778 2185 multo
802 2145 941 2185 acrius
964 2144 1348 2200 vehementiusque
1369 2146 1532 2201 diligo·

92 2202 370 2265 maximaque
400 2201 553 2242 laetitia
579 2201 759 2251 afficior,
782 2216 881 2242 cum
903 2202 957 2242 ab
982 2201 1228 2242 hominibus
1250 2203 1533 2258 prudentissi·

93 2259 192 2309 mis,
215 2258 404 2313 virlsque
425 2259 616 2314 optimis,
640 2259 840 2299 omnibus
872 2259 1015 2309 dictis,
1049 2258 1190 2310 factis,
1219 2259 1388 2311 studiis,
1410 2260 1533 2301 insti-

96 2316 216 2366 tutis,
241 2315 306 2355 vel
343 2329 411 2356 ine
444 2317 506 2356 tui
543 2315 724 2356 similem
765 2329 855 2356 esse
887 2316 1030 2366 audio,
1058 2315 1127 2356 vel
1159 2326 1200 2356 te
1227 2317 1326 2357 mei.
1385 2317 1533 2360 Unum

92 2387 195 2413 vero
224 2372 257 2412 si
287 2372 407 2413 addis
440 2372 493 2413 ad
527 2373 872 2436 praeclarissimas
902 2387 966 2413 res
993 2373 1239 2414 consulatus
1273 2374 1351 2425 tui,
1380 2383 1427 2415 ut
1459 2382 1534 2415 aut

94 2429 202 2470 mihi
230 2430 431 2470 succedat
464 2444 593 2484 quam
633 2444 819 2485 primum
849 2430 1017 2485 aliquis,
1050 2440 1124 2471 aut
1150 2445 1202 2471 ne
1232 2431 1334 2486 quid
1357 2432 1534 2472 accedat

97 2487 304 2542 temporis
340 2487 392 2527 ad
426 2487 484 2538 id,
512 2487 627 2542 quod
665 2496 707 2527 tu
742 2487 849 2527 mihi
881 2497 924 2527 et
953 2497 1123 2528 senatus
1153 2488 1351 2529 consulto
1374 2500 1415 2528 et
1439 2488 1534 2544 lege

95 2542 257 2595 finisti,
290 2543 435 2584 omnia
456 2559 525 2585 me
547 2559 621 2600 per
643 2553 684 2584 te
707 2554 987 2585 consecutum
1011 2546 1189 2600 putabo.
1252 2544 1367 2585 Cura
1390 2553 1438 2585 ut
1460 2559 1533 2586 va-

93 2599 196 2650 leas,
216 2610 259 2641 et
280 2615 346 2641 me
368 2602 590 2642 absentem
608 2600 762 2657 diligas
784 2612 912 2657 atque
934 2601 1151 2644 defendas.
1216 2602 1327 2648 Quae
1352 2601 1456 2642 mihi
1479 2602 1533 2643 de

95 2656 267 2698 Parthis
290 2659 487 2700 nuntiata
517 2668 629 2710 sunt,
661 2659 763 2713 quia
790 2674 874 2700 non
900 2660 1106 2715 putabam
1126 2674 1151 2699 a
1173 2674 1240 2700 me
1262 2660 1394 2700 etiam
1417 2673 1533 2701 nunc

135 2772 176 2800 34
196 2771 354 2808 secundis,
377 2776 408 2802 et
427 2782 501 2803 sum
524 2777 547 2803 t.
571 2772 615 2812 v.]
643 2771 731 2802 Male
754 2773 789 2802 in
830 2773 954 2804 cundis.
979 2782 1056 2803 nam
1078 2772 1148 2803 haee
1170 2771 1363 2802 cohaerent:
1384 2771 1534 2811 defensus

91 2811 233 2852 vulgatis
257 2815 364 2855 major
388 2814 556 2846 distinctio
583 2819 634 2847 est
655 2820 730 2856 post
741 2824 790 2844 se-
829 2818 1082 2847 -mmtus-et
1094 2818 1242 2845 sum—et
1256 2824 1321 2846 esse
1335 2814 1438 2846 debeo.
