1860 3228
383 77 463 114 AD
489 76 871 118 TORQUATUM
897 76 970 113 ET
997 75 1278 112 CETEROS.
1478 79 1548 118 147

124 176 182 222 Q.
205 177 386 230 Salasso,
411 180 460 220 P.
484 174 683 222 Curtium
705 178 877 220 fratrem
900 178 1009 233 ejuS,
1025 178 1147 232 jussu
1174 177 1387 232 Pompeii,
1409 177 1530 233 inspe

121 242 267 276 ctante
287 237 494 287 exercitu,
518 235 807 287 interfectum,
826 236 940 290 quod
965 234 1248 276 consensisset
1266 249 1363 275 eum
1389 233 1549 288 Hispa-

121 290 186 331 nis
217 293 487 348 quibusdam,
509 293 541 332 si
574 293 616 332 in
648 293 872 348 oppidum,
903 292 1046 333 nescio
1069 291 1199 346 quod,
1231 290 1463 346 Pompeius
1487 292 1544 331 rei

121 345 410 391 frumentariae
432 364 559 390 causa
583 350 780 400 venisset,
801 363 899 390 eum
923 347 1297 404 comprehendere,
1324 348 1375 388 ad
1401 345 1544 387 Caesa-
1557 352 1585 381 Ρ-
1603 342 1656 374 92.

122 418 296 460 remque
316 406 536 448 deducere.
600 405 668 446 De
701 407 877 461 negotio
911 416 1000 456 tuo,
1033 405 1147 460 q'uod
1181 419 1360 459 sponsor
1391 417 1435 444 es
1469 419 1545 460 pro
1558 395 1589 415 λ’

123 460 356 517 Pompeio3
389 463 422 503 si
446 462 587 504 Galba
619 478 885 519 consponsor
921 473 1018 503 tuus
1051 462 1237 512 redierit,
1271 461 1401 502 homo
1436 460 1477 500 in
1503 476 1547 502 re

121 517 318 559 familiari
341 534 425 560 non
446 534 594 574 parum
617 520 813 577 diligens,
839 534 921 561 non
945 520 1133 560 desinam
1150 533 1246 559 curn
1272 518 1342 559 illo
1356 532 1549 559 commu-

121 576 276 626 nicare,
302 576 332 616 si
367 577 469 631 quid
498 578 692 632 expediri
727 578 884 633 possit:
917 576 1032 632 quod
1071 576 1294 617 videbatur
1331 575 1436 615 mihi
1481 574 1550 615 ille

119 632 348 673 confidere.
409 633 634 674 Oratorem
674 648 814 674 meum
851 643 1074 689 tantopere
1104 647 1128 673 a
1158 643 1199 672 te
1230 632 1401 688 probari
1422 631 1550 672 vehe-

118 698 283 729 menter
304 691 486 746 gaudeo.
547 690 662 731 Mihi
685 691 858 746 quidem
882 691 942 731 sie
965 689 1212 745 persuadeo,
1236 703 1319 739 me,
1341 689 1550 744 quidquid

119 744 341 787 habuerim
367 747 524 802 judieii
555 748 608 788 de
638 747 836 799 dicendo,
869 748 911 788 in
955 747 1071 788 illum
1105 746 1260 787 librum
1303 746 1550 787 contulisse.

119 802 207 848 Qui
234 803 267 843 si
291 815 354 845 est
390 804 500 856 talis,
533 805 701 859 qualem
725 805 804 846 tibi
828 804 960 845 videri
993 804 1158 854 scribis,
1177 818 1260 859 ego
1281 817 1453 858 quoque
1475 803 1551 843 ali-

117 859 220 913 quid
244 875 361 903 sum:
395 862 458 902 sin
481 862 617 913 aliter,
639 877 725 903 non
747 876 911 912 recuso,
944 862 1063 916 quin,
1099 871 1307 915 quantum
1335 860 1387 901 de
1410 859 1480 900 illo
1502 860 1553 901 li-

117 916 210 968 bro,
241 920 507 960 tantumdem
542 919 594 959 de
625 918 882 974 meijudieii
907 918 1022 960 fama
1044 918 1306 958 detrahatur.
1369 917 1551 973 Leptam

117 983 311 1015 nostrum
333 976 462 1031 cupio
484 976 684 1017 delectari
703 976 796 1031 jam
820 975 976 1016 talibus
1007 975 1191 1030 scriptis.
1217 974 1296 1015 etsi
1317 974 1439 1014 abest
1461 989 1551 1015 ma-

118 1030 269 1071 turitas
292 1033 448 1083 astatis,
471 1032 614 1088 33jam
637 1042 779 1074 tamen
800 1047 1027 1088 personare
1045 1046 1166 1073 aures
1188 1032 1225 1087 ej
1236 1046 1281 1072 us
1303 1031 1553 1086 hujusmodi

117 1088 312 1139 vocibus,
336 1104 421 1130 non
444 1099 510 1130 est
532 1089 697 1131 inutile.
762 1090 838 1130 Me
865 1089 1018 1131 Romae
1043 1089 1181 1129 tenuit
1204 1088 1381 1129 omnino
1399 1087 1553 1128 Tulliae

116 1158 224 1185 meae
249 1155 408 1200 partus.
470 1146 552 1187 Sed
586 1161 684 1188 eum
714 1161 777 1197 ea,
810 1146 1173 1201 quemadmodum
1202 1159 1340 1201 spero,
1363 1145 1464 1186 satis
1485 1144 1555 1185 fir-

114 1215 186 1241 ma
227 1203 306 1244 sit:
351 1213 496 1244 teneor
533 1213 691 1253 tamen,
726 1203 828 1243 dum
870 1217 895 1242 a
933 1201 1171 1243 Dolabellae
1205 1202 1555 1257 procuratoribus

117 1258 291 1314 exigam
325 1261 505 1315 primam
541 1259 816 1315 pensionem;
849 1268 906 1309 et,
943 1258 1199 1308 mehercule,
1233 1272 1320 1298 non
1351 1267 1437 1298 tam
1461 1273 1556 1298 sum

117 1316 535 1372 peregrinatorjam,
558 1331 687 1372 quarn
710 1316 914 1357 solebam.
938 1315 1124 1357 aedificia
1150 1329 1244 1355 mea
1277 1328 1343 1354 me
1371 1315 1557 1356 delecta-

116 1372 235 1423 bant,
258 1382 301 1413 et
322 1373 474 1415 otium.
515 1376 555 1405 84
572 1373 726 1414 domus
767 1385 845 1424 est,
878 1388 975 1428 quae
1010 1372 1114 1413 nulli
1145 1371 1340 1413 villarum
1364 1386 1558 1413 mearum

114 1429 253 1480 cedat,
285 1431 422 1471 otium
455 1431 572 1471 omni
606 1430 895 1471 desertissima
916 1429 1091 1485 regione
1113 1429 1268 1483 majus.
1328 1427 1482 1484 Itaque
1504 1443 1558 1469 ne

116 1485 271 1527 litterae
294 1487 466 1541 quidem
491 1502 597 1529 meae
621 1487 939 1543 impediuntur3
971 1488 1015 1527 in
1037 1486 1194 1542 quibus
1216 1486 1307 1526 sine
1324 1486 1409 1527 ulla
1428 1486 1560 1527 inter-

610 1544 770 1595 Quare,
809 1553 856 1584 ut
890 1543 1089 1594 arbitror,
1126 1542 1242 1598 prius
1279 1541 1351 1582 hie
1387 1552 1429 1584 te
1465 1557 1559 1594 nos,

809 1601 946 1657 Lepta
968 1601 1244 1642 suavissimus
1273 1598 1437 1641 ediscat
1468 1598 1560 1641 He-

119 1543 350 1598 pellatione
390 1559 547 1585 versor.

118 1614 248 1654 quam
269 1600 366 1641 istic
389 1610 433 1642 tu
457 1615 535 1642 nos
564 1602 745 1642 videbis.

123 1656 318 1699 siodum:
350 1668 393 1700 et
414 1658 572 1700 habeat
590 1659 632 1699 in
656 1673 744 1709 ore,

630 1717 696 1756 Τῆς
714 1713 742 1751 δ’
759 1717 868 1766 tigerii}
884 1712 1016 1766 ἱὸςᾶἲτοι.

126 1833 129 1835 ,
632 1788 1038 1827 ARGUMENTUM.

120 1849 208 1886 Cum
228 1851 347 1887 Caesar
366 1851 468 1888 ludos
485 1853 705 1899 regionatim
724 1854 875 1888 daturus
903 1856 1003 1892 esset,
1035 1852 1259 1887 curationem
1286 1861 1409 1886 eorum
1438 1847 1559 1898 Lepta

169 1903 358 1943 ambiebat,
379 1906 436 1940 σαὶ
454 1906 494 1940 z‘d
513 1905 636 1941 Cicero
654 1905 850 1946 dissuadet,
871 1903 1022 1952 diffisus,
1038 1909 1190 1952 propter
1209 1903 1481 1939 multitudinem
1499 1904 1554 1938 in-

166 1956 336 1992 timorum
353 1958 543 2004 impetrari
559 1969 671 2005 posse.
1445 1959 1447 1961 ’

515 2023 749 2066 CICERO
774 2022 986 2064 LEPTAE
1019 2023 1063 2063 S.
1089 2022 1146 2064 D.
1569 2030 1602 2060 b.

119 2076 451 2132 MACULAM
498 2092 644 2133 officio
666 2091 863 2133 functum
887 2105 978 2131 esse
1001 2091 1184 2145 gaudeo,
1213 2089 1306 2145 ejus
1331 2088 1558 2131 Falernum

117 2148 225 2189 mihi
249 2162 415 2203 semper
446 2149 646 2190 idoneum
673 2150 810 2190 visum
832 2158 896 2188 est
918 2148 1189 2189 deversorio:
1223 2148 1255 2188 si
1288 2147 1419 2188 modo
1453 2146 1557 2187 tecti

1579 1787 1626 1828 19

116 2262 182 2292 tius
199 2261 324 2291 dietum
339 2269 437 2297 esset,
458 2266 495 2292 ut
517 2263 550 2293 h.
577 2262 601 2293 1.
624 2262 680 2293 ubi
694 2267 743 2292 est
757 2270 816 2301 pro

114 2305 257 2340 omnino,
270 2304 457 2333 admodum.
501 2304 548 2335 Ae
572 2305 693 2341 nescio,
718 2313 760 2334 an
782 2308 817 2333 et

120 2353 194 2386 post
209 2346 243 2375 in
259 2345 375 2383 verbis,
391 2346 476 2384 quod
486 2347 658 2378 videbatur
671 2347 727 2376 ille
735 2346 816 2375 mihi

118 2388 289 2429 confidere,
314 2387 380 2427 ipse
397 2386 571 2427 legendum
596 2389 650 2419 sit.
667 2398 742 2419 nam
759 2388 814 2418 ille

117 2430 215 2460 nimis
238 2430 373 2469 languet
394 2436 469 2469 post
488 2441 552 2461 non
574 2431 720 2461 desinam
740 2440 816 2460 cum

116 2472 173 2502 illo
188 2471 437 2507 communicare,
452 2472 480 2502 si
495 2473 574 2512 quid
586 2473 730 2512 ezpediot
743 2481 818 2512 pos-

116 2514 158 2544 sit
169 2526 179 2544 .·
202 2514 447 2554 suspicatusque
469 2519 567 2546 autea
581 2525 667 2553 sum,
680 2524 747 2546 esse
763 2514 818 2545 ad-

121 2556 228 2587 ditum
243 2567 262 2587 a
277 2556 468 2596 glossatore.

127 2632 129 2635 ,
163 2601 202 2630 83
215 2597 296 2638 jum
321 2602 434 2629 tamen
452 2598 504 2638 μ]
529 2599 646 2630 Addidi
668 2598 721 2630 hic
726 2597 820 2640 jam,

122 2640 209 2679 quod
222 2639 370 2671 Graevius
391 2639 516 2671 addidit
532 2646 608 2681 post
630 2650 741 2677 aures,
765 2640 821 2671 ubi

120 2681 200 2712 mihi
216 2681 328 2713 durius
341 2682 481 2714 videtur.
523 2682 608 2714 dam
628 2687 741 2713 tamen
758 2683 818 2713 ha-

121 2721 178 2753 bet
203 2724 254 2755 ed.
278 2724 368 2755 Med.
398 2725 463 2756 Ms.
493 2729 617 2762 noster,
647 2724 698 2755 ed.
719 2724 818 2755 Rom.

126 2765 215 2799 1469.
240 2768 331 2806 1471.
345 2766 424 2808 jam
446 2768 544 2799 enim.
589 2766 630 2798 In
645 2776 710 2807 qua
724 2765 819 2809 lecti-

122 2814 185 2835 one
211 2811 371 2847 punctum
394 2817 463 2841 esse
487 2808 583 2841 debet
611 2812 685 2850 post
705 2807 819 2840 etatis.

859 2261 922 2291 Gu.
942 2264 967 2291 l.
985 2260 1115 2291 omittit
1130 2265 1254 2298 tamen,
1272 2259 1327 2290 sed
1342 2258 1538 2300 habetjam.

902 2306 943 2334 84
964 2303 1077 2333 domus
1103 2303 1163 2343 est]
1191 2303 1292 2333 Hiare
1311 2302 1392 2332 mihi
1414 2302 1467 2333 hie
1493 2303 1560 2333 visa

859 2354 987 2385 semper
1015 2350 1065 2375 est
1094 2345 1212 2376 oratio.
1264 2345 1348 2375 Puto
1374 2343 1560 2375 addendum

857 2397 925 2417 esse
947 2387 981 2417 in
1006 2387 1165 2428 principio
1173 2386 1266 2427 jam,
1281 2386 1332 2417 vel
1358 2396 1455 2417 nunc.
1481 2395 1559 2416 nam

858 2429 921 2460 hoc
950 2430 1130 2470 opponitur
1166 2430 1346 2470 praeterito.
1405 2428 1496 2458 Dicit
1525 2437 1559 2458 se

860 2471 959 2502 fuisse
973 2476 1051 2502 ante
1071 2472 1362 2512 peregrinatorem,
1378 2470 1433 2509 qui
1456 2470 1560 2500 liben-

862 2518 914 2544 ter
936 2514 969 2543 in
996 2514 1081 2552 agris
1103 2514 1240 2544 vixerit:
1263 2512 1407 2543 aedificiis
1428 2512 1504 2547 suis,
1524 2512 1559 2541 in

862 2555 1004 2596 praediis,
1020 2556 1220 2586 delectatum
1234 2554 1332 2585 fuisse
1347 2560 1382 2584 et
1394 2554 1475 2584 otio.
1504 2554 1560 2584 Se·

863 2599 916 2637 qui
932 2607 1010 2638 ergo
1024 2597 1120 2629 debet
1133 2597 1172 2628 de
1185 2597 1338 2638 praesenti
1350 2608 1357 2625 ε
1382 2605 1470 2625 nune
1492 2595 1560 2626 511ae

864 2649 970 2671 causae
985 2640 1150 2676 abierunt,
1175 2649 1251 2670 curn
1274 2639 1390 2669 Romae
1407 2637 1558 2674 habeam,

861 2687 995 2723 propter
1009 2691 1083 2721 quae
1096 2681 1338 2722 peregrinabar:
1353 2678 1433 2719 jam
1447 2679 1560 2710 domus

861 2728 907 2754 est
922 2726 982 2755 ἀρ,
1015 2725 1216 2765 Absor-ptum
1231 2721 1366 2763 estjam
1381 2731 1400 2752 a
1412 2720 1561 2753 clausula

862 2766 950 2806 verb-i
966 2768 1078 2798 otium.

803 2856 876 2892 122
