1817 3196
263 90 314 127 58
642 90 823 132 EPIST.
855 94 1043 133 LIBER
1067 94 1327 135 TERTIUS

261 191 406 232 tabam
428 193 646 239 molestia:
688 207 732 238 et
761 212 816 240 ex
839 213 980 241 annua
998 200 1233 255 provincia,
1258 202 1295 233 19
1311 213 1406 254 quae
1430 197 1535 239 mihi
1562 197 1691 255 longa

261 249 444 302 videtur,
475 267 608 309 prope
633 255 726 309 jam
760 256 958 297 undecim
993 257 1203 296 mensium
1237 255 1500 312 provinciam
1530 254 1688 297 factam

258 319 350 346 esse
368 309 623 363 gaudebam,
644 313 675 352 si
699 313 864 353 absenti
889 313 994 353 mihi
1015 314 1139 353 unius
1158 313 1314 353 mensis
1338 313 1456 353 labor
1473 313 1688 354 detractus

256 373 383 404 esset.
445 365 553 407 Illud
573 372 689 420 (vere
707 369 867 419 dicam)
898 384 965 410 me
986 380 1145 419 movet,
1168 370 1210 410 in
1237 379 1355 410 tanta
1377 369 1561 410 militum
1586 383 1689 424 pau·

257 420 389 461 citatc
402 423 549 464 abesse
564 426 638 464 tris
652 426 865 476 cohortes,
881 441 977 481 quae
994 429 1079 467 sint
1099 427 1380 482 plenissimae:
1404 440 1482 466 nec
1499 441 1566 466 me
1583 427 1690 466 scire

256 478 332 518 ubi
365 478 463 520 sint.
527 481 836 524 Molestissime
869 494 1010 523 autem
1035 483 1149 535 fei-03
1192 484 1321 538 quod,
1345 493 1386 523 te
1420 483 1491 523 ubi
1523 483 1689 523 visurus

257 534 353 585 sim,
376 537 544 578 nescio:
591 553 727 593 eoque
750 540 801 580 ad
836 549 877 580 te
901 540 1060 580 tardius
1094 540 1258 596 scripsi,
1281 540 1394 595 quod
1432 540 1625 594 quotidie
1647 549 1689 581 te

255 590 396 646 ipsum
429 597 758 650 exspectabam:
803 612 901 637 cum
932 598 1093 638 interea
1122 612 1173 638 ne
1196 597 1357 638 litteras
1388 597 1561 651 quidem
1585 596 1689 637 ullas

255 649 418 704 accepi,
441 665 536 706 quae
568 666 636 693 me
668 654 885 704 docerent,
916 654 1018 709 quid
1051 669 1213 710 ageres,
1237 663 1311 695 aut
1337 654 1411 694 ubi
1446 662 1488 694 te
1521 655 1687 694 visurus

253 718 404 747 essem.
467 707 617 764 Itaque
642 711 777 752 virum
801 711 971 762 fortem,
995 712 1186 767 mihique
1204 713 1247 752 in
1272 711 1418 767 primis
1441 711 1687 766 probatum,

252 761 509 815 Antonium,
540 767 792 821 praefectum
826 778 1117 819 evocatorum,
1152 769 1247 809 misi
1281 768 1333 809 ad
1365 778 1420 818 te,
1442 768 1526 818 cui,
1549 767 1581 807 si
1607 768 1688 808 tibi

253 819 484 872 videretur,
519 822 718 865 cohortes
755 825 964 866 traderes:
1008 836 1070 876 ut,
1102 826 1203 866 dum
1238 835 1405 881 tempus
1441 825 1541 865 anni
1579 833 1692 865 esset

251 874 470 928 idoneum,
493 879 652 934 aliquid
676 882 839 937 negotii
869 896 1014 937 gerere
1046 897 1227 938 possem.
1289 882 1341 923 In
1363 896 1464 937 quo,
1489 892 1562 922 tuo
1585 896 1690 923 con-

251 932 346 973 silio
369 944 415 975 ut
437 949 505 976 me
527 951 739 992 sperarem
761 953 851 979 esse
874 953 1065 990 usurum,
1087 949 1130 981 et
1158 940 1349 981 amicitia
1371 948 1530 990 nostra,
1553 947 1596 980 et
1616 938 1687 979 lit-

248 998 353 1031 terae
386 1000 469 1033 tuae
505 992 719 1035 fecerant:
751 996 865 1050 quod
902 1011 954 1036 ne
983 1011 1096 1038 nunc
1135 997 1309 1052 quidem
1349 996 1543 1051 despero.
1605 996 1690 1037 Sed

248 1046 389 1102 plane,
412 1050 598 1104 quandO,
631 1062 704 1092 aut
737 1053 809 1093 ubi
842 1062 883 1092 te
917 1053 1081 1093 visurus
1112 1055 1206 1104 sim,
1229 1053 1310 1094 nisi
1335 1053 1387 1094 ad
1415 1067 1484 1093 me
1507 1052 1688 1108 scripse-

249 1103 321 1154 ris,
345 1119 397 1145 ne
420 1107 624 1162 suspicari
648 1109 821 1164 quidem
847 1124 1034 1165 possum.
1099 1109 1209 1166 Ego,
1232 1118 1280 1150 ut
1310 1124 1377 1150 me
1411 1110 1490 1150 tibi
1515 1110 1686 1151 amicis-

135 1186 168 1218 Ρ,
185 1179 236 1209 35.
250 1160 404 1203 simum
426 1177 531 1215 esse,
553 1175 596 1205 et
617 1166 745 1221 aequi,
767 1177 811 1207 et
833 1167 968 1221 miqui
992 1167 1250 1222 intelligant,
1273 1167 1448 1208 curabo.
1510 1165 1578 1207 De
1608 1175 1684 1208 tuo

203 1218 292 1258 a-in
315 1233 383 1260 me
405 1221 548 1262 animo
571 1222 729 1278 iniqius
752 1238 873 1265 secus
905 1225 1181 1265 existimandi
1204 1224 1360 1264 videris
1383 1223 1577 1264 nonnihil
1600 1224 1684 1266 loci

245 1274 427 1318 dedisse.
450 1278 491 1319 id
516 1278 548 1319 si
573 1282 824 1333 correxeris,
855 1281 962 1322 mihi
987 1281 1107 1322 valde
1141 1291 1311 1337 gratum
1333 1281 1429 1322 erit.
1491 1280 1560 1333 Et,
1582 1282 1623 1312 20
1637 1289 1686 1322 ut

243 1331 402 1375 habere
424 1336 633 1377 rationem
658 1339 809 1393 possis,
843 1353 928 1393 quo
962 1338 1056 1380 loco
1080 1353 1162 1389 me,
1200 1338 1315 1379 salva
1347 1337 1441 1394 lege
1465 1337 1683 1390 Cornelia,

243 1392 489 1443 convenias,
511 1407 593 1448 ego
615 1396 649 1424 2¹
669 1396 711 1435 in
736 1397 1000 1450 provinciam
1027 1397 1121 1436 veni
1145 1395 1282 1451 pridie
1312 1394 1404 1436 Kal.
1429 1395 1550 1437 Sext.
1594 1394 1683 1436 Iter

241 1446 286 1487 in
309 1448 509 1490 Ciliciam
534 1451 646 1491 facio
675 1467 750 1507 per
774 1452 1111 1507 Cappadociam.
1141 1462 1280 1493 castra
1301 1452 1417 1493 movi
1451 1453 1505 1492 ab
1531 1453 1682 1493 Iconio

239 1505 379 1559 pridie
402 1505 617 1547 Kalendas
640 1508 759 1564 Sept.
820 1509 950 1550 Nunc
973 1520 1019 1550 tu
1040 1518 1083 1550 et
1104 1523 1158 1550 ex
1182 1509 1349 1559 diebus,
1370 1517 1414 1549 et
1439 1523 1494 1549 ex
1517 1509 1683 1550 ratione

242 1561 422 1614 itineris,
444 1563 477 1603 si
502 1565 673 1620 putabis
707 1580 775 1606 me
807 1581 898 1607 esse
931 1566 1290 1616 conveniendum,
1323 1565 1574 1620 constitues,
1596 1581 1682 1622 quo

240 1616 337 1660 loco
360 1620 402 1661 id
424 1622 773 1664 commodissime
794 1623 886 1664 fieri
910 1624 1060 1679 possit,
1082 1633 1125 1664 et
1145 1638 1232 1679 quo
1254 1623 1338 1664 die.
1397 1623 1518 1665 Vale.

753 1712 1159 1750 ARGUMENTUM.

240 1769 432 1812 Querelam
458 1775 573 1822 Appii
599 1773 749 1823 refellit,
779 1781 976 1824 contraque
1004 1778 1080 1825 ipse
1097 1778 1286 1824 queritur:
1315 1781 1351 1812 et
1378 1777 1550 1812 virtutem
1567 1775 1680 1813 extol-

288 1824 362 1860 lens
381 1830 507 1861 contra
524 1827 703 1863 nobilium
726 1831 992 1876 arrogantiam,
1009 1841 1045 1864 se
1063 1830 1319 1865 amicissimum
1328 1828 1417 1877 fore
1435 1829 1637 1878 confirmat.

475 1892 543 1934 M.
566 1893 616 1935 T.
641 1893 694 1936 C.
737 1895 781 1937 S.
806 1895 864 1936 D.
905 1894 1096 1937 APPIO
1121 1894 1437 1937 PULCHRO.

237 1944 559 2002 PLURIBUS
594 1962 735 2003 verbis
771 1963 825 2004 ad
859 1973 900 2004 te
936 1964 1135 2014 scribam,
1155 1978 1252 2005 cum
1284 1964 1379 2019 plus
1412 1963 1490 2004 otii
1523 1971 1676 2004 nactus

232 2030 323 2058 ero.
385 2017 498 2059 Haec
537 2019 686 2075 scripsi
717 2021 877 2073 subito,
916 2035 1014 2061 cum
1050 2020 1175 2061 Bruti
1214 2021 1333 2077 pueri
1360 2020 1585 2061 Laodiceae
1607 2034 1678 2061 me

234 2075 551 2126 convenissent,
591 2086 635 2116 et
670 2092 713 2117 sc
753 2077 939 2119 Romam
978 2092 1207 2134 properare
1237 2079 1461 2119 dixissent.
1522 2077 1676 2132 Itaque

234 2130 371 2172 nullas
395 2133 461 2184 iis,
494 2142 780 2189 praeterquam
811 2135 863 2176 ad
895 2145 951 2186 te,
987 2144 1031 2175 ei.
1059 2135 1110 2176 ad
1144 2136 1343 2186 Brutum,
1373 2135 1470 2176 dedi
1494 2135 1674 2177 litteras.

237 2187 393 2245 Legati
415 2189 607 2245 Appiani
628 2192 736 2232 milii
758 2192 957 2233 volumen
979 2208 1004 2233 a
1026 2201 1082 2243 te,
1106 2192 1278 2247 plenum
1296 2191 1478 2247 querelae
1493 2192 1675 2247 iniquis-

235 2245 373 2297 simae,
395 2248 684 2298 reddiderunt,
706 2249 819 2303 quod
854 2264 1000 2291 eorum
1034 2250 1367 2291 aedificationem
1394 2249 1545 2290 litteris
1566 2249 1674 2290 meis

233 2302 524 2358 impedissem.
586 2304 746 2346 Eadem
776 2316 919 2347 autem
952 2306 1135 2363 epistola
1166 2308 1357 2362 petebaS,
1379 2316 1426 2347 ut
1447 2320 1520 2347 eos
1541 2320 1672 2361 quam

233 2360 436 2415 primum,
459 2375 513 2402 ne
538 2362 580 2403 in
605 2362 791 2404 hiemem
814 2364 1067 2417 inciderent,
1089 2365 1141 2405 ad
1159 2364 1407 2406 facultatem
1428 2363 1672 2404 aedificandi

273 2507 312 2540 19
332 2514 404 2545 quoe
415 2507 496 2537 mihi
510 2509 609 2547 longa
627 2507 770 2547 videtur]
795 2509 848 2539 Sic
862 2509 928 2539 sere
971 2509 1019 2539 vit
1036 2509 1193 2539 Graevius.
1210 2508 1302 2539 abest
1315 2511 1348 2539 et
1371 2519 1390 2539 a
1412 2507 1493 2539 MSS.
1519 2507 1613 2544 meis,
1635 2510 1671 2537 et

227 2546 302 2578 edd.
319 2554 354 2578 et
368 2558 428 2579 scr.
444 2550 573 2587 quidam
588 2555 700 2580 tamcu
717 2551 790 2580 libri
804 2552 927 2581 videre-
971 2551 1043 2582 edd.
1061 2561 1109 2591 pr.

228 2594 297 2626 tur,
311 2595 350 2620 ut
371 2591 422 2622 ed.
439 2591 534 2623 Rom.
559 2593 623 2623 Gu.
640 2594 669 2623 ⁶2.
685 2592 734 2622 vel
758 2594 928 2624 videbitur.
1013 2596 1049 2624 21
1084 2594 1119 2623 in
1138 2593 1344 2633 provinciam
1374 2592 1461 2631 veni]
1487 2592 1564 2622 Non
1589 2591 1672 2623 Cili-

228 2632 316 2669 quod
338 2642 445 2664 meam
470 2634 687 2674 suspicionem
713 2640 854 2665 veterem
874 2636 926 2665 fir·
971 2636 1068 2671 ciam,
1083 2645 1156 2675 quae
1178 2636 1278 2676 ipsius
1303 2642 1375 2665 crat
1397 2634 1575 2675 provincia,
1590 2642 1669 2665 nam

228 2680 311 2709 mat,
338 2676 509 2707 videbatur
531 2686 599 2707 csse
626 2677 815 2716 legendum,
840 2678 925 2716 quod
968 2677 1007 2708 de
1035 2687 1074 2708 ea
1106 2687 1195 2714 mox,
1219 2677 1275 2708 sed
1299 2677 1451 2708 dioecesin
1473 2676 1665 2713 Asiaticam,

227 2714 317 2745 inter
346 2727 437 2748 mera
474 2719 665 2759 imperfecta
704 2719 820 2749 melius
854 2727 922 2750 est:
968 2729 1047 2759 quas
1072 2719 1223 2750 ‹lioeceses
1248 2725 1283 2750 et
1305 2720 1390 2760 ipsas
1414 2718 1595 2760 provincias
1611 2727 1668 2747 vo-

226 2766 423 2796 quamquam
439 2764 473 2790 et
487 2771 627 2800 praesens
642 2761 724 2791 ferre
741 2771 883 2800 possum.
969 2762 1055 2792 cavit
1075 2771 1175 2804 supra
1196 2761 1236 2794 L.
1261 2762 1290 2802 l,
1308 2766 1341 2798 9.
1364 2761 1493 2803 imperii
1516 2761 1566 2792 tui
1584 2769 1665 2804 pro-

268 2802 309 2830 20
331 2804 368 2831 ut
395 2806 432 2832 tu
458 2804 574 2834 habere
594 2803 641 2844 r.]
666 2808 704 2834 tu
728 2804 810 2835 bene
838 2803 925 2835 dele·
967 2805 1102 2835 vincias.
