1817 3196
419 121 498 159 AD
522 117 865 157 METELLUM
893 117 968 154 ET
996 117 1276 156 CETEROS.
1486 100 1556 159 Iol

134 226 251 282 ponii
271 224 448 322 plegotio
471 223 683 265 ostendas.
743 220 844 262 Hoc
866 221 971 262 mihi
995 221 1100 262 nihil
1121 222 1285 277 gratius
1314 220 1452 263 facere
1480 238 1556 278 po-

134 294 212 324 tes.
312 282 375 322 ale

644 367 1043 406 ARGUMENTUM.
1569 372 1596 411 6

133 436 288 477 Narrat,
316 444 424 481 quam
453 431 667 467 adhibuerat
687 432 928 478 diligentiam,
950 443 993 466 ne
1021 432 1066 467 P.
1086 431 1209 467 Sextio
1228 444 1296 479 pro
1318 432 1500 473 Qucestore
1519 432 1558 468 C.

182 487 334 523 Antonii
350 487 389 520 in
420 483 636 519 Macedonia
654 485 909 520 succederetur.
963 484 1078 520 Addit
1098 485 1140 519 de
1157 496 1223 519 sua
1240 486 1402 524 emtione,
1425 496 1494 519 non
1511 485 1559 519 si-

180 551 224 576 ne
231 537 317 584 joco
331 551 345 576 ;
375 541 409 572 et
429 537 472 571 de
491 535 606 571 Sextii
624 537 868 584 certificatione.

186 614 254 656 M.
278 613 331 656 C.
370 614 414 654 S.
442 613 497 654 Ι).
539 613 587 654 Ρ.
612 612 856 663 SEXTIO,
882 613 929 654 L.
952 613 998 654 F.
1026 612 1500 659 PROQL'AESTORI.

132 672 277 725 CUM
301 681 354 722 ad
376 695 445 721 me
470 680 644 731 Decius,
664 680 874 731 librarius,
898 681 1093 733 venisset,
1116 682 1358 737 egissetque
1381 695 1562 731 meeum,

129 748 178 780 ut
198 751 374 794 operam
398 738 557 788 darem,
581 752 633 778 ne
653 738 731 778 tibi
751 738 832 778 hoe
856 747 1048 793 tempore
1068 739 1390 779 succede1·:etur
1414 752 1563 792 quam-

128 809 258 852 quam
289 795 407 836 illum
441 795 658 836 hominem
690 794 803 850 frugi
838 806 880 835 et
916 796 991 836 tibi
1027 795 1210 836 amicum
1246 795 1563 844 existimabam,

129 862 288 903 tamen,
311 852 426 916 quod
461 851 668 893 memoria
699 852 1178 907 teneb·1m,cujusmodi
1215 852 1265 892 ad
1303 865 1369 892 me
1399 851 1562 892 litteras

128 920 256 951 antea
276 909 476 960 misisses,
507 924 592 950 non
623 909 723 949 satis
759 909 919 950 credidi
950 912 987 939 ‘2²
978 909 1167 950 bomini
1199 908 1453 965 [piudenti],
1477 918 1565 948 tarn

129 966 253 1008 valde
282 980 372 1007 esse
395 975 604 1007 mutatam
632 965 895 1006 voluntatem
921 975 1052 1007 tuam.
1115 966 1197 1006 Sed
1221 976 1496 1021 posteaquam
1521 975 1565 1006 et

126 1027 169 1055 24
182 1023 382 1064 Cornelia
404 1032 477 1064 tua
505 1022 747 1063 Terentiam
780 1023 997 1074 convenit,
1017 1033 1059 1063 et
1082 1037 1163 1078 ego
1195 1037 1292 1063 cum
1317 1023 1372 1069 Q.
1403 1021 1566 1063 Corne-

128 1079 187 1121 lio
204 1080 372 1122 locutus
396 1094 516 1121 sum:
549 1079 727 1120 adhibui
761 1080 1045 1135 diligentiam,
1067 1080 1422 1135 quotiescumque
1445 1093 1565 1120 sena-

129 1146 199 1178 tus
233 1137 330 1187 fuit,
352 1146 399 1178 ut
431 1137 636 1187 adessem,
657 1136 972 1192 plurimumque
1003 1137 1043 1177 in
1079 1151 1130 1176 eo
1152 1138 1315 1192 negotii
1348 1136 1495 1186 habui,
1517 1145 1566 1177 ut

131 1194 190 1241 Q.
225 1193 411 1244 Fufium,
435 1194 653 1234 tribunum
688 1193 837 1248 plebis,
860 1203 902 1233 et
925 1195 1230 1243 ceteros,25·1‹i
1255 1208 1361 1257 quos
1394 1204 1438 1234 tu
1461 1194 1567 1234 seii-

131 1265 289 1307 pseras,
326 1264 524 1306 cogerem
559 1250 702 1305 potius
741 1250 845 1290 mihi
883 1250 1068 1299 credere,
1107 1264 1234 1312 quam
1275 1251 1358 1291 tuis
1396 1250 1564 1291 litteris.

131 1307 324 1349 Omnino
347 1321 411 1348 res
435 1316 527 1347 tota
547 1307 590 1346 in
612 1320 798 1346 mensem
823 1306 1076 1348 Januarium
1101 1307 1259 1362 rejecta
1280 1321 1324 1347 er
1328 1318 1384 1357 ·1t,
1408 1307 1480 1347 sed
1505 1306 1566 1346 fa-

131 1364 214 1405 cile
235 1364 524 1405 obtinebatur.
566 1363 662 1419 Ego
686 1373 760 1403 tua
781 1363 1068 1419 gratulatione
1091 1374 1350 1428 commotus,
1372 1363 1487 1419 quod
1512 1364 1563 1405 ad

129 1436 200 1462 me
222 1421 386 1477 pridem
409 1421 650 1476 scripseraS,
673 1397 806 1461 veneo
797 1430 837 1460 te
861 1421 968 1461 bene
989 1421 1173 1471 evenire,
1202 1421 1316 1476 quod
1335 1422 1387 1462 de
1410 1420 1566 1461 Crasso

130 1479 304 1519 domum
326 1478 548 1519 emissem:
579 1478 663 1518 emi
682 1492 776 1518 eam
799 1478 935 1533 ipsam
958 1478 1134 1519 domum
1157 1478 1383 1533 quinquies
1408 1478 1565 1528 tricies,

131 1535 350 1590 aliquanto
382 1544 479 1591 post
500 1544 618 1575 tuam
641 1533 988 1590 gratulationem.
1050 1535 1202 1590 Itaque
1225 1550 1338 1576 nunc
1367 1549 1436 1575 me
1458 1534 1566 1575 scito

131 1602 300 1633 tantum
332 1591 490 1633 habere
524 1591 619 1632 aeiis
652 1591 793 1641 alieni,
825 1600 872 1631 ut
904 1592 1074 1647 cupiam
1112 1606 1350 1647 conjurare,
1385 1592 1416 1632 si
1451 1592 1568 1646 quis-

130 1663 259 1705 quam
286 1649 489 1704 recipiat:
531 1648 603 1689 sed
635 1649 789 1704 partim
814 1648 914 1688 odio
948 1649 1128 1699 inducti,
1153 1664 1219 1688 me
1252 1648 1502 1699 excludunt,
1524 1658 1568 1689 et

130 1716 275 1762 aperte
301 1705 513 1746 vindicem
530 1705 842 1760 conjurationis
865 1706 1062 1756 oderunt,
1086 1707 1241 1762 partim
1266 1720 1350 1746 non
1373 1706 1566 1755 coedunt,

131 1773 175 1804 et
196 1778 220 1804 a
239 1777 308 1803 me
329 1762 505 1803 insidias
527 1772 740 1812 metuunt,
759 1777 837 1802 nee
860 1772 1013 1818 putant
1033 1764 1068 1803 ei
1086 1777 1238 1802 numos
1260 1763 1405 1803 deesse
1428 1777 1565 1826 posse,
1579 1769 1612 1800 b.

131 1820 206 1875 qui
239 1834 293 1860 ex
316 1819 542 1860 obsidione
564 1818 705 1860 foene1
708 1830 846 1860 fitoies
875 1820 1098 1860 exemerit.
1161 1819 1352 1861 Omnino
1380 1834 1566 1860 semiss-i-

132 1878 212 1918 bus
233 1890 391 1932 magna
412 1876 539 1932 copia
559 1886 637 1917 est.
668 1891 750 1932 ego
773 1886 915 1917 autem
940 1877 1044 1917 meis
1068 1877 1192 1917 iebus
1215 1877 1347 1932 gestis
1371 1877 1452 1917 hoe
1473 1891 1565 1916 sum

130 1942 362 1985 assecutus,
382 1942 429 1973 ut
452 1934 611 1974 bonum
635 1948 792 1974 nomen
814 1933 1050 1974 existimer.
1091 1933 1281 1975 Domum
1302 1944 1417 1974 tuam
1437 1945 1566 1988 atque

132 1990 465 2032 aedificationem
501 2004 674 2031 omnem
714 1991 928 2046 perspexi,
967 2001 1009 2031 et
1058 1992 1331 2031 vehementer
1367 1991 1564 2046 probavi.

131 2047 387 2098 Antonium,
408 2047 487 2087 etsi
510 2046 602 2102 ejus
626 2048 667 2088 in
692 2062 758 2088 me
780 2048 924 2088 officia
951 2062 1098 2089 omnes
1121 2048 1387 2089 desiderant:
1422 2060 1565 2088 tamen

133 2104 177 2145 in
207 2113 352 2145 senatu
374 2104 626 2160 gravissime
647 2119 697 2145 ac
724 2104 1053 2161 diligentissime
1075 2104 1262 2154 defendi,
1285 2115 1565 2168 senatumque

132 2160 406 2202 vehementer
428 2161 621 2202 oratione
650 2176 746 2202 mea
767 2171 895 2225 atque
919 2162 1174 2203 auctoritate
1207 2162 1438 2203 commovi.
1498 2161 1564 2202 Tu

133 2217 184 2259 ad
209 2231 276 2258 me
297 2217 424 2259 velim
446 2218 608 2259 litteras
630 2219 819 2259 erebrius
839 2219 998 2259 mittas.
1060 2219 1179 2260 Vale

643 2307 1046 2345 ARGUMENTUM.
1577 2303 1600 2344 7

130 2369 305 2418 Pompeio
334 2370 378 2405 (Ie
393 2372 547 2406 victoria
576 2371 837 2407 Mithridatico
864 2372 1102 2418 gratulatur:
1143 2376 1269 2408 contra
1297 2372 1365 2408 sibi
1392 2372 1497 2406 illum
1526 2372 1569 2406 de

175 2420 615 2522 Ξὲζιζαναῗιὶῇνὲἷαὶἰὶεῂεἰα
633 2423 727 2458 nihil
752 2424 950 2470 gratulari,
970 2425 1186 2471 exprobrat:
1226 2426 1381 2460 amicum
1401 2428 1519 2458 tamen
1537 2424 1569 2458 εἰ

278 2486 328 2522 po
479 2503 486 2510 .

175 2604 216 2632 23
238 2603 359 2633 homini
368 2603 541 2643 prudenti]
568 2603 715 2634 Graevius
731 2604 833 2634 edidit
876 2605 972 2635 simili
988 2606 1154 2637 sententia
1167 2606 1249 2636 talia
1263 2605 1438 2636 adduntur.

130 2644 278 2683 pudenti.
293 2645 411 2676 saltem
432 2646 537 2676 voluit
554 2645 660 2681 edere,
682 2647 744 2677 etsi
761 2646 834 2676 nul·
919 2650 960 2677 24
987 2648 1135 2678 Cornelia
1160 2649 1234 2687 tua]
1274 2647 1365 2677 Uxor
1392 2646 1505 2681 Sextii,
1528 2645 1572 2686 O.

134 2685 168 2716 la
183 2686 309 2716 ratione
323 2687 457 2718 reddita.
468 2689 624 2727 prudenti
635 2689 758 2719 habent
770 2689 834 2718 Ms.
884 2688 1033 2727 Cornelii,
1050 2691 1104 2730 qui
1123 2692 1282 2729 sequitur,
1298 2698 1401 2725 soror,
1415 2699 1433 2720 e
1449 2688 1574 2728 Scipio-

139 2733 263 2765 noster,
287 2729 351 2759 Gu.
381 2732 406 2759 l.
424 2734 454 2760 2.
473 2737 507 2760 et
528 2729 600 2760 edd.
626 2737 706 2761 v.ett
750 2731 836 2761 Puto
880 2732 987 2762 nibus.

136 2772 311 2809 utrumque
325 2780 393 2801 esse
415 2772 455 2801 ab
470 2772 716 2811 interpolatore.
754 2783 832 2803 nam
918 2775 957 2804 25
980 2773 1027 2803 ad
1038 2784 1114 2813 quos
1129 2778 1164 2805 tu
1179 2772 1368 2812 scripseras]
1393 2782 1440 2804 sc.
1455 2783 1472 2803 e
1489 2773 1573 2813 prio·

138 2808 281 2849 elogium
301 2812 467 2843 hominis‘
455 2824 524 2853 Jam
541 2819 618 2843 ante
633 2819 705 2845 est:
730 2815 834 2845 inter·
877 2815 904 2844 ri
919 2818 1095 2846 sententia.

137 2851 267 2890 polator
281 2852 320 2884 οἳ
336 2853 407 2885 aliis
423 2855 570 2895 epistolis
586 2857 716 2892 sumsit,
731 2857 809 2887 ubi
802 2865 837 2886 m

818 2904 897 2939 HS
