1817 3196
363 97 445 137 AD
470 98 593 138 SER.
618 97 962 142 SULPICIUM,
988 97 1065 142 ET
1089 99 1366 139 CETEROS.
1536 103 1588 139 83

153 199 301 245 dolore
322 210 532 247 moerent:
563 203 618 244 da
638 202 815 259 patriae3
846 210 908 253 ut,
931 202 966 243 si
988 217 1074 258 qua
1099 203 1142 243 in
1173 216 1217 243 re
1238 216 1347 258 opus
1369 202 1438 253 sit,
1459 217 1591 259 opera

155 269 200 302 et
220 262 398 304 consilio
421 271 495 302 tuo
527 261 592 301 uti
619 260 770 316 possit.
831 258 1046 314 Denique,
1070 260 1272 314 quoniam
1310 259 1352 300 in
1374 273 1467 299 eam
1502 260 1588 301 for-

156 327 303 358 tunam
324 317 588 367 devenimus,
620 326 668 357 ut
699 319 828 357 etiam
859 316 961 357 huic
990 317 1049 357 rei
1072 317 1197 357 nobis
1219 316 1486 356 serviendum
1511 318 1587 358 sit:

155 374 243 415 noli
264 375 547 424 committere,
561 382 609 414 ut
626 374 850 429 quisquam
871 383 913 414 te
934 373 1065 429 pudet
1086 387 1171 414 non
1195 381 1282 413 tam
1302 372 1590 428 filiam‚quam

156 431 403 487 reipublicae
428 441 621 486 tempora
642 441 685 471 et
707 431 886 471 aliorum
911 430 1133 472 victoriam
1158 430 1317 485 lugere.
1372 429 1500 470 Plura
1523 444 1590 471 me

154 487 207 529 ad
232 497 272 528 te
301 489 354 530 de
383 488 464 529 hac
497 502 542 528 re
572 488 756 529 scribere
791 488 936 544 pudet,
959 501 1013 528 ne
1047 487 1191 528 videar
1232 486 1469 542 prudentiae
1504 496 1590 528 tuae

153 543 360 586 diffidere.
424 546 584 595 Quare,
613 545 646 585 si
681 545 762 586 hoc
801 559 932 585 unum
963 558 1242 601 proposuero,
1273 544 1400 584 finem
1434 544 1587 584 faciam

155 601 384 643 scribendi.
444 602 642 642 Vidimus
684 602 910 657 aliquoties
953 601 1181 642 secundam
1221 600 1506 656 pulcherrime
1549 610 1591 642 te

152 655 263 699 ferre
281 658 513 709 fortunam,
535 672 823 715 magnamque
844 673 899 699 ex
921 672 972 698 ea
1003 672 1047 699 re
1079 667 1120 699 te
1143 657 1310 698 laudem
1333 657 1489 713 apisci:
1522 657 1593 699 fac

152 712 383 769 aliquando
417 716 723 772 intelligamus,
754 718 794 746 23
811 716 1031 757 adversam
1067 728 1239 770 quoque
1273 724 1314 755 te
1336 729 1459 769 aeque
1482 714 1592 756 ferre

152 783 292 825 posse,
324 786 462 827 neque
494 773 537 814 id
565 773 719 828 majus,
752 787 881 828 quam
914 773 1083 822 debeat,
1107 772 1186 813 tibi
1217 786 1325 812 onus
1349 771 1507 822 videri3
1540 786 1593 813 ne

148 840 205 869 ex
227 830 428 871 omnibus
453 830 681 871 virtutibus
705 830 798 871 haec
817 845 901 871 una
920 830 999 870 tibi
1024 830 1219 870 videatur
1239 829 1399 870 deesse.
1461 829 1590 876 Quod

149 886 203 925 ad
228 901 294 927 me
316 887 486 939 attinet,
509 902 608 928 cum
643 896 684 929 te
714 886 1053 942 tranquilliorem
1087 887 1232 928 animo
1262 900 1353 927 esse
1380 899 1590 942 cognoro,

150 941 204 982 de
227 943 277 984 iis
299 944 441 995 rebus,
463 959 560 999 quae
595 944 664 986 hic
698 954 920 1001 geruntur,
953 943 1403 1000 quemadmodumque
1427 957 1471 984 se
1493 958 1593 1000 pro-

151 999 295 1041 vincia
315 1000 488 1052 habeat,
509 1002 735 1043 certiorem
760 1002 931 1043 faciam.
993 1001 1113 1043 Vale.

666 1090 776 1127 ARG
782 1089 1072 1128 UMENTUM.

147 1151 356 1201 Respondet
374 1153 575 1190 consolanti
593 1153 771 1202 Sulpicio,
788 1158 937 1202 gratum
961 1154 1031 1189 sibi
1059 1152 1134 1200 ejus
1158 1153 1315 1202 officium
1322 1153 1455 1202 fuisse,
1474 1165 1537 1190 nec
1554 1148 1596 1190 id

202 1207 332 1253 exiguo
350 1207 485 1242 doloris
503 1206 701 1241 levamento
713 1221 726 1242 .·
757 1207 891 1241 nemini
918 1217 1014 1247 vem,
1037 1217 1146 1253 quam
1163 1207 1244 1248 sibi,
1255 1205 1430 1252 justiores
1449 1207 1597 1243 dolendi

202 1268 330 1293 causas
337 1257 458 1306 fuisse
469 1274 481 1293 .-
503 1260 696 1294 maximam
713 1262 833 1293 tamen
846 1257 913 1293 sibi
930 1257 1144 1293 levationem
1161 1270 1204 1293 ez·
1215 1260 1336 1294 reditu
1354 1263 1389 1294 et
1407 1263 1595 1295 consuetu-

203 1309 287 1345 dine
304 1309 459 1357 Sulpicii
468 1306 569 1357 fore.

425 1375 493 1417 M.
519 1375 571 1417 T.
597 1375 648 1418 C.
695 1376 738 1418 S.
764 1375 821 1418 D.
857 1375 987 1418 SER.
1020 1375 1327 1419 SULPICIO.

154 1428 298 1485 EGO
321 1457 437 1495 vero,
470 1444 608 1495 Servi,
640 1444 806 1495 vellem,
846 1453 895 1485 ut
933 1444 1099 1496 scribis,
1137 1445 1182 1486 in
1213 1460 1310 1488 meo
1342 1444 1598 1502 gravissimo

153 1515 256 1544 casu
279 1500 487 1542 affuisses.
549 1501 773 1548 Quantum
815 1502 930 1542 enim
965 1516 1154 1557 praesens
1187 1517 1256 1543 me
1292 1503 1497 1558 adjuvare
1518 1517 1598 1558 po-

153 1558 285 1600 tueris
307 1566 351 1599 et
370 1557 648 1609 consolando,
682 1569 726 1599 et
761 1573 895 1614 prope
928 1573 1051 1614 aeque
1087 1559 1287 1611 dolendo,
1320 1559 1446 1601 facile
1468 1574 1524 1600 ex
1546 1573 1599 1600 eo

153 1615 366 1671 intellige,
401 1616 533 1670 quod,
566 1615 719 1657 litteris
752 1615 888 1666 lectis,
919 1615 1186 1671 aliquantum
1208 1617 1422 1672 acquievi.
1482 1616 1598 1658 Nam

153 1682 200 1714 et
219 1686 270 1713 ea
291 1671 515 1728 scripsisti,
537 1687 634 1728 quae
657 1672 797 1714 levare
818 1672 983 1714 luctum
1009 1683 1197 1728 possent,
1221 1683 1265 1714 et
1286 1675 1331 1714 in
1354 1688 1423 1715 me
1443 1688 1600 1715 conso-

152 1729 281 1776 lando
303 1744 392 1770 non
413 1729 673 1771 mediocrem
705 1729 795 1786 ipse
816 1730 949 1771 animi
973 1730 1163 1771 dolorem
1186 1731 1438 1772 adhibuisti.
1500 1730 1599 1771 Ser-

154 1788 251 1828 vius
273 1794 416 1827 tamen
449 1796 546 1831 tuus
579 1787 780 1828 omnibus
811 1787 982 1837 officiis,
1013 1803 1110 1842 quae
1149 1787 1209 1828 illi
1241 1788 1426 1844 tempori
1465 1787 1598 1828 tribui

153 1853 404 1901 potuerunt,
432 1843 679 1895 declaravit,
711 1854 754 1885 et
784 1844 933 1899 quanti
966 1845 1057 1900 ipse
1089 1859 1157 1886 me
1187 1844 1362 1896 faceret,
1394 1853 1438 1886 et
1467 1859 1599 1900 quam

155 1916 281 1942 suum
300 1901 426 1945 talem
447 1916 550 1957 erga
571 1915 640 1942 me
661 1902 853 1943 animum
875 1902 955 1942 tibi
979 1912 1150 1958 gratum
1180 1912 1354 1958 putaret
1372 1902 1488 1944 fore:
1520 1917 1598 1943 cu·

147 1958 224 2014 jus
245 1958 404 2009 officia,
426 1958 733 2014 24jucundi0ra
766 1959 929 2000 scilicet
953 1974 1068 2016 saepe
1099 1959 1207 2000 mihi
1240 1960 1439 2011 fuerunt3
1470 1974 1595 2000 num-

152 2029 285 2072 quam
308 2024 454 2057 tamen
474 2016 679 2072 gratiora.
740 2015 821 2057 Me
837 2026 982 2057 autem
1015 2031 1098 2058 non
1122 2017 1261 2058 oratio
1284 2027 1358 2058 tua
1380 2017 1532 2067 solum,
1554 2025 1599 2058 et

155 2074 339 2114 societas
361 2087 484 2129 paeue
507 2073 792 2130 aegritudinis,
815 2073 888 2115 sed
912 2074 1041 2114 etiam
1074 2074 1306 2115 auctoritas
1337 2074 1599 2116 consolatur.

155 2127 299 2186 Turpe
318 2130 434 2171 enim
454 2144 546 2171 esse
567 2131 786 2181 existimo,
808 2145 878 2171 me
902 2145 989 2172 non
1022 2131 1084 2172 ita
1119 2131 1228 2172 ferre
1260 2146 1406 2173 casum
1439 2145 1600 2182 meum,

154 2195 206 2227 ut
227 2195 289 2238 tu,
312 2187 386 2227 tali
409 2187 619 2243 sapientia
649 2188 869 2243 praeditUS,
891 2187 1114 2229 ferendum
1136 2198 1276 2244 putas·
1339 2188 1422 2230 Sed
1452 2188 1601 2244 oppri-

155 2257 251 2284 mor
283 2243 515 2296 interdum,
546 2254 591 2285 et
625 2245 700 2286 vix
738 2244 890 2285 resisto
923 2244 1075 2298 dolori,
1107 2245 1224 2301 quod
1257 2260 1308 2287 ea
1344 2260 1413 2287 me
1448 2245 1602 2288 solatia

199 2399 240 2429 23
262 2397 338 2429 adv.
364 2408 486 2439 quoque
511 2403 542 2430 te
569 2409 657 2440 oeque
672 2398 709 2438 f.
720 2398 773 2439 p.]
799 2399 856 2431 Al·
897 2401 981 2442 rint]
1020 2402 1167 2433 Graevius
1210 2402 1333 2434 seilicet
1373 2402 1474 2434 deleri
1511 2403 1600 2442 vult,

155 2444 336 2477 temti-um,
352 2451 473 2481 quoque
487 2446 546 2472 aut
559 2451 646 2482 oeque
660 2442 852 2473 delendum:
899 2444 1076 2484 aberatque
1098 2445 1165 2476 ΜΒ.
1180 2447 1290 2476 Amst.
1334 2444 1413 2475 Non
1435 2445 1528 2476 valde
1549 2456 1602 2476 re·

158 2490 235 2512 nam
250 2482 336 2513 inest
347 2483 542 2523 tautologia.
557 2493 644 2524 (eque
658 2485 758 2525 possis
771 2485 855 2515 acci·
899 2495 1056 2527 pugnem.
1080 2487 1180 2527 possis
1208 2492 1324 2518 tamen
1355 2488 1525 2518 commode
1547 2498 1601 2518 ac-

160 2532 259 2563 pere‚-
279 2534 374 2564 aequo
395 2525 525 2556 animo:
549 2526 605 2557 sed
629 2526 662 2557 id
684 2537 750 2557 non
773 2528 858 2566 pati·
901 2529 1008 2569 cipere
1033 2529 1291 2560 utGraeeorum
1313 2527 1359 2565 δὲ,
1381 2531 1501 2569 utique,
1522 2538 1601 2569 pro-

159 2571 265 2613 untur
279 2567 461 2606 sequentia,
483 2568 599 2607 quibus
610 2567 711 2607 ferre
734 2570 859 2608 simpli·
889 2569 993 2609 secto.
1038 2570 1102 2602 Sed
1135 2582 1195 2612 pro
1211 2571 1361 2612 suerint,
1389 2571 1474 2610 quod
1503 2578 1553 2602 est
1579 2582 1600 2603 a

161 2613 245 2638 citer
268 2609 385 2640 melius
409 2611 574 2641 convenit.
624 2610 664 2640 In
691 2611 740 2641 ed.
770 2611 858 2643 Med.
902 2613 1062 2651 Victoria,
1086 2614 1216 2644 restitui
1230 2620 1323 2644 vetus
1335 2611 1495 2652 ficerunt,
1512 2613 1600 2653 quod

162 2657 230 2680 non
244 2656 294 2681 est
310 2656 353 2687 te,
368 2651 455 2692 quod
475 2652 529 2682 hic
556 2661 623 2683 non
646 2658 755 2693 potest
769 2663 858 2684 com-
900 2654 1049 2686 latinitas
1064 2655 1222 2696 postulat,
1238 2666 1312 2686 eum
1335 2656 1378 2685 sit
1393 2656 1494 2686 etiam
1509 2665 1601 2686 com-

159 2691 256 2722 mode
270 2693 391 2725 abesse.
420 2693 482 2724 Sed
495 2699 573 2725 ante
586 2704 628 2724 eat
640 2705 679 2726 ea
694 2705 730 2725 re
743 2700 773 2726 te
788 2697 811 2726 1.
825 2706 858 2727 α.
901 2706 1000 2728 mune
1013 2698 1176 2737 sequenti,
1189 2707 1372 2737 numquam
1395 2702 1505 2728 tamen
1515 2707 1601 2737 gra—

159 2731 335 2766 delendum
356 2739 449 2776 puto.
464 2736 538 2767 edd.
561 2736 710 2776 quaedam
729 2747 780 2779 pr.
797 2738 855 2769 ha·
899 2741 997 2776 tiara,
1023 2740 1059 2770 in
1083 2749 1148 2779 quo
1177 2740 1358 2771 necessario
1375 2738 1524 2778 suerunt
1548 2741 1601 2770 in-

160 2771 240 2805 beat
253 2785 294 2806 ex
307 2786 346 2807 ea
360 2788 397 2808 re
410 2778 541 2809 laudem
557 2783 589 2810 te
599 2789 633 2809 α.
897 2780 1004 2821 telligi
1019 2781 1127 2812 debet.
1170 2782 1223 2812 Sic
1247 2786 1297 2812 est
1311 2781 1347 2813 in
1374 2781 1455 2814 Mss.
1480 2783 1600 2814 nostris

204 2817 245 2847 24
257 2816 460 2859 jucundiora
485 2820 556 2852 scil.
583 2830 664 2862 saepe
683 2822 765 2853 mihi
773 2819 856 2864 fue·
898 2827 933 2853 et
949 2823 1021 2856 edd.
1036 2833 1087 2866 pr.
1102 2824 1265 2855 omnibus

842 2871 925 2907 <³12

1603 1088 1631 1131 6
1686 1149 1689 1151 .

1606 1975 1641 2006 b.
