1817 3196
527 96 613 138 AD
651 94 1036 135 LENTULUM.
1452 100 1503 139 19

62 218 161 246 eum
189 204 320 246 etiam
349 202 443 259 plus
464 200 828 251 contenderimus,
849 214 979 255 quam
1001 212 1241 256 possumuS‚
1263 199 1404 240 minus
1435 208 1497 241 ta-

59 276 158 303 men
178 262 397 312 faciemus,
418 274 546 316 quam
564 260 784 300 debemus.

579 345 983 385 ARGUMENTUM.
1515 343 1543 385 9

60 412 347 449 -Excusabumlus
372 412 562 460 respondet
592 410 761 451 Lentulo,
781 411 843 457 qui
861 411 1064 457 quoesierat,
1083 421 1146 444 cur
1171 409 1210 444 in
1235 410 1395 455 gratiam
1423 418 1502 442 cum

118 463 268 506 Caesare,
301 464 460 507 Vatinio,
479 469 513 499 et
545 464 671 499 Crasso
698 462 872 497 rediisset.
928 460 1102 497 Rationes
1129 461 1271 497 consilii
1295 462 1352 496 sui
1379 459 1503 494 multis

111 517 226 553 verbis
250 517 409 564 exponit,
430 521 465 551 et
492 516 535 552 de
555 515 692 551 Ca²sare
710 515 879 561 quidem;
910 514 953 549 de
984 513 1154 553 Vati7zio;
1184 514 1227 548 de
1248 512 1373 548 Crasso
1402 511 1501 547 deni-

111 579 189 616 que.
249 568 406 603 Tandem
434 569 477 604 de
502 569 648 615 scriptis
673 567 748 601 suis
775 566 976 613 respondet,
999 571 1034 601 et
1063 566 1105 600 de
1135 564 1177 605 Q.
1187 564 1328 613 fratris
1343 563 1501 611 aegalim

112 620 238 667 quibus
266 621 371 655 addit
398 620 442 655 de
464 620 579 668 Appii
605 630 669 667 spe
694 618 915 660 succedendi,
936 622 970 653 et
999 619 1042 653 de
1064 617 1268 664 publicanis
1293 628 1364 652 non
1392 615 1501 664 offen-

109 673 246 708 dendis.

176 738 244 780 M.
266 738 317 780 T.
342 739 393 781 C.
431 738 483 780 P.
508 736 796 780 LENTULO
828 734 1227 777 IMPERATORI
1260 735 1304 776 S.
1331 734 1389 776 D.

64 791 507 850 PERJUCUNDAE
548 805 656 847 mihi
699 804 872 846 fuerunt
909 803 1062 844 litterae
1100 815 1211 856 tuae3
1242 803 1398 859 quibus
1439 802 1504 844 in·

62 864 224 915 tellexi,
248 873 289 905 te
322 864 562 920 perspicere
594 877 733 903 meam
767 862 809 903 in
845 871 885 902 te
916 861 1145 916 pietatem:
1178 861 1280 916 quid
1303 861 1416 902 enim
1439 860 1506 900 di-

63 936 158 964 cam
202 921 550 971 benivolenfiam,
572 934 668 961 cum
699 919 799 960 illud
836 919 976 974 ipsum
1009 918 1306 974 gravissimum
1343 929 1386 959 et
1409 931 1505 958 san·

57 978 296 1021 ctissimum
329 992 484 1019 nomen
522 977 691 1033 pietatis
724 976 858 1018 levius
889 975 995 1016 mihi
1020 975 1182 1019 meritis
1205 990 1308 1032 erga
1327 990 1397 1016 me
1419 975 1504 1015 tuis

57 1050 148 1077 esse
171 1036 391 1077 videatur?
452 1035 583 1081 Quod
610 1043 752 1075 autem
788 1033 865 1074 tibi
901 1042 1025 1089 grata
1058 1047 1151 1074 mea
1172 1047 1276 1089 erga
1298 1042 1338 1074 te
1362 1032 1504 1074 studia
1516 1047 1547 1077 p.
1565 1039 1613 1068 ¹0·

61 1092 212 1135 scribis
246 1107 351 1143 esse,
388 1091 493 1133 facis
528 1102 572 1132 tu
607 1091 780 1146 quidem
818 1090 1082 1131 abundantia
1113 1091 1297 1145 quadarn
1332 1090 1549 1141 amoris,³·

63 1161 111 1191 ut
131 1151 259 1191 etiam
284 1159 406 1205 grata
427 1149 514 1190 sint
534 1163 599 1198 ea,
621 1163 718 1203 quae
752 1147 1024 1204 praetermitti
1050 1149 1141 1188 sine
1162 1147 1326 1188 nefario
1349 1147 1505 1189 scelere

62 1222 147 1248 non
193 1215 385 1263 possunt.
445 1205 545 1247 Tibi
588 1214 731 1246 autem
772 1204 908 1244 multo
950 1204 1093 1244 notior
1133 1214 1261 1259 atque
1303 1204 1507 1245 illustrior

63 1279 184 1306 meus
216 1265 257 1305 in
292 1272 333 1303 te
364 1263 531 1303 animus
561 1271 686 1313 esset,
710 1261 741 1301 si
776 1260 861 1302 hoc
889 1270 1082 1316 tempore
1103 1262 1236 1311 omni,
1257 1275 1345 1316 quo
1367 1261 1408 1291 36
1421 1261 1506 1301 dis-

54 1321 197 1378 juncti
237 1320 410 1371 fuimus,
445 1328 489 1359 et
524 1333 608 1359 una
647 1327 690 1359 et
729 1317 883 1359 Romae
921 1318 1163 1358 fuissemus.
1225 1317 1340 1358 Nam
1373 1317 1416 1358 in
1453 1331 1508 1358 eo

63 1379 172 1434 ipso,
193 1377 307 1433 quod
340 1386 382 1417 te
409 1376 598 1417 ostendis
628 1389 719 1416 esse
749 1374 978 1426 facturum,
1000 1376 1202 1430 quodque
1224 1385 1266 1416 et
1289 1374 1332 1415 in
1355 1374 1506 1430 primis

62 1444 200 1493 poteS‚
221 1444 264 1475 et
296 1448 383 1490 ego
418 1448 443 1474 a
475 1442 518 1474 te
552 1432 826 1474 vehementer
857 1442 1079 1488 exspecto,
1107 1433 1149 1472 in
1184 1432 1406 1473 sententiis
1441 1446 1507 1472 se-

60 1491 254 1543 natoriis,
285 1501 328 1532 et
362 1492 407 1532 in
440 1490 556 1532 omni
595 1490 766 1531 actione
798 1498 927 1544 atque
959 1489 1330 1531 administratione
1363 1489 1504 1545 reipu-

59 1549 186 1591 blicae
210 1548 513 1589 floruissemus.
563 1546 631 1588 De
651 1561 738 1602 qua
758 1546 981 1588 ostendam
1004 1546 1202 1601 equidem
1227 1546 1368 1603 paullo
1392 1556 1506 1602 post,

60 1607 134 1662 qui
158 1606 213 1646 sit
234 1619 353 1646 meus
376 1619 521 1646 sensus
554 1614 597 1645 et
628 1613 789 1646 status:
822 1613 865 1644 et
888 1604 1117 1644 rescribam
1142 1603 1220 1645 tibi
1243 1604 1296 1644 ad
1319 1617 1382 1654 ea,
1406 1618 1504 1658 quae

61 1663 243 1719 quaeris:
276 1662 347 1703 sed
370 1671 485 1703 certe
506 1670 550 1702 et
583 1676 665 1717 ego
700 1670 741 1701 te
771 1670 945 1702 auctore
972 1661 1233 1702 amicissimo
1263 1671 1307 1702 et
1338 1661 1506 1716 sapien-

63 1720 244 1769 tissimo,
266 1729 309 1760 et
333 1728 378 1760 tu
401 1733 469 1759 me
489 1718 750 1769 consiliario,
772 1717 951 1758 fortasse
978 1733 1064 1758 non
1094 1718 1433 1774 imperitissimo,
1456 1717 1507 1757 fi-

61 1777 143 1819 deli
166 1776 339 1832 quidem
373 1785 416 1817 et
448 1775 650 1817 benivolo
682 1784 812 1826 certe,
834 1790 933 1816 usus
967 1789 1104 1817 esses:
1137 1789 1398 1831 quamquam
1432 1783 1507 1816 tua

63 1834 237 1890 quidem
259 1848 400 1884 eausa,
419 1842 460 1874 te
480 1847 571 1874 esse
592 1833 909 1888 imperatorem,
928 1832 1282 1888 provinciamque
1305 1833 1412 1874 bene
1431 1846 1506 1888 ge-

63 1891 139 1932 stis
173 1893 299 1933 rebus
331 1905 429 1933 cum
462 1890 654 1931 exercitu
679 1890 842 1930 victore
874 1890 1084 1942 obtinere,
1114 1898 1162 1930 ut
1191 1890 1344 1941 debeo,
1366 1890 1505 1931 laetor.

63 1948 147 1990 Sed
169 1957 284 1990 certe
306 1949 377 2004 qui
403 1947 482 1988 tibi
506 1961 560 1987 ex
584 1961 653 1987 me
676 1946 840 1987 fructus
872 1947 1098 1998 debentur,
1119 1962 1192 1987 eos
1215 1947 1431 1988 uberiores
1460 1956 1505 1988 et

63 2007 361 2062 praesentiores
384 2018 570 2061 praesens
589 2018 741 2060 capere
762 2004 990 2061 potuisses.
1023 2003 1074 2044 In
1093 2004 1153 2044 eis
1174 2019 1272 2045 vero
1295 2004 1505 2047 ulciscen-

62 2062 143 2114 dis,
165 2078 272 2118 quos
296 2063 373 2104 tibi
408 2061 564 2119 partim
599 2061 797 2102 inimicos
829 2075 920 2102 esse
953 2060 1156 2116 intelligis
1188 2071 1364 2118 propter
1385 2072 1503 2104 tuam

64 2120 454 2176 propugnationem
485 2118 632 2160 salutis
658 2133 781 2168 meae,
803 2118 958 2174 partim
983 2118 1174 2159 invidere
1195 2128 1371 2174 propter
1393 2119 1508 2161 illius

62 2177 245 2218 actionis
267 2176 594 2233 amplitudinem
617 2184 660 2216 et
682 2175 862 2231 gloriam
882 2192 893 2226 ;
923 2175 1153 2216 mirificum
1168 2190 1245 2230 ‚me
1267 2176 1347 2217 tibi
1370 2177 1506 2218 comi-

64 2241 150 2274 tem
174 2234 477 2289 praebuissem:
508 2247 769 2287 quamquam
792 2231 860 2273 ille
884 2233 1095 2287 peremnis
1120 2233 1319 2274 inimicus
1341 2234 1505 2276 amico-

0 2306 2 2351 Ξ
63 2303 158 2331 rum
182 2305 370 2341 suorum,
391 2290 464 2345 qui
488 2290 572 2329 tuis
600 2289 800 2330 maximis
831 2289 1052 2330 beneficiis
1083 2300 1272 2341 ornatus,
1295 2291 1338 2331 in
1362 2300 1404 2332 te
1428 2307 1505 2347 po-

0 2373 2 2384 .
64 2346 278 2388 tissimum
311 2347 490 2388 fractam
525 2346 637 2387 illam
671 2355 715 2387 et
745 2345 1012 2387 debilitatam
1036 2347 1123 2387 vim
1157 2361 1274 2388 suam
1304 2349 1504 2398 contulit,

0 2386 3 2469 l
63 2413 254 2452 nostram
278 2404 415 2446 vicem
439 2403 552 2444 ultus
575 2411 639 2444 est
663 2403 753 2459 ipse
773 2418 877 2444 sese.
900 2412 965 2444 est
986 2404 1102 2444 enim
1124 2419 1175 2445 ea
1195 2413 1390 2456 conatus,
1407 2405 1504 2460 qui-

0 2472 3 2515 Ι
63 2460 144 2502 bus
167 2461 409 2517 patefactis,
431 2460 589 2501 nullam
611 2461 693 2502 sibi
718 2460 762 2502 in
784 2470 1018 2517 posterum,
1042 2475 1127 2501 non
1153 2461 1284 2503 modo
1316 2462 1507 2517 dignita-

0 2518 5 2597 ᾖ
65 2517 136 2569 tis,
158 2519 230 2560 sed
253 2533 305 2560 ne
326 2519 536 2559 libertatis
558 2518 731 2573 quidem
755 2527 919 2574 partem
943 2517 1129 2573 reliquit.
1177 2517 1238 2559 Te
1260 2528 1403 2560 autem
1424 2519 1507 2572 etsi

63 2575 233 2616 mallem
257 2575 298 2616 in
322 2575 428 2616 meis
448 2576 575 2616 rebus
604 2585 848 2631 expertum,
870 2590 998 2630 quam
1020 2575 1151 2616 etiam
1175 2575 1217 2616 in
1241 2576 1340 2626 tuis,
1363 2585 1505 2617 tamen

0 2601 6 2693 l
63 2630 108 2673 in
129 2633 326 2674 molestia
346 2631 530 2689 gaudeo,
552 2647 645 2673 eam
669 2631 797 2673 fidem
832 2646 1044 2688 cognosse
1074 2632 1313 2684 hominum,
1336 2647 1422 2674 non
1446 2633 1505 2674 ita
1517 2628 1570 2680 b,'

3 2702 7 2775 ἱ

4 2777 8 2826 ἶ

4 2836 9 2855 Ι

6 2868 9 2905 l

6 2922 10 2973 ’ἒ

105 2787 146 2832 Ββ
167 2786 308 2828 diiuncti
317 2786 469 2831 suimus]
494 2786 615 2820 Melius
637 2786 802 2830 disjuncti.
817 2787 890 2819 edd.
904 2799 954 2830 pr.
969 2788 1094 2820 habent
1115 2788 1266 2831 sv’uncst,
1280 2794 1320 2820 ut
1342 2787 1404 2821 Gu.
1420 2788 1504 2821 edidi

61 2827 228 2869 disjuncti,
243 2834 282 2862 ut
296 2839 407 2872 supra.

752 2876 828 2913 εξ
