1860 3228
241 1795 291 1831 14

314 88 386 124 144
687 85 867 124 EPIST.
903 86 1089 125 LIBER
1123 87 1351 127 SEXTUS

310 187 605 230 miliarissimis
626 188 744 245 ejus:
775 191 930 245 quibus
951 205 1033 247 ego
1054 205 1108 232 ex
1131 196 1182 234 eo
1204 201 1410 248 tempore,
1440 205 1525 246 quo
1547 188 1733 245 primum

310 259 366 286 ex
387 244 536 287 Africa
557 248 730 287 nuntius
753 248 883 297 venit,
913 248 1153 303 supplicare
1185 265 1270 290 una
1297 263 1395 290 cum
1425 247 1628 289 fratribus
1651 245 1734 286 tuis

309 316 397 343 non
419 302 578 344 destiti.
610 318 790 358 quorum
813 304 985 359 quidem
1007 313 1050 345 et
1074 306 1220 357 virtus,
1243 316 1286 347 et
1308 307 1457 362 piet-AS,
1485 314 1528 345 et
1550 316 1668 343 amor
1690 301 1733 341 in

311 367 355 400 te
370 359 611 415 singularis,
632 370 675 400 et
696 361 864 401 assidua
884 370 926 400 et
949 371 1153 416 perpetua
1170 378 1272 404 cura
1293 362 1438 404 salutis
1460 370 1546 402 tuae
1565 368 1734 399 tantum

312 415 499 471 proficit,
531 425 577 456 ut
607 416 714 457 nihil
744 417 813 466 sit,
842 418 957 470 quod
987 432 1074 458 non
1095 418 1289 474 67ipsum
1312 419 1525 460 Caesarem
1548 416 1735 456 tributu-

311 486 406 514 rum
427 473 685 514 existimem.
745 473 829 513 Sed
858 474 890 512 si
922 474 1080 513 tardius
1102 474 1165 524 fit,
1197 490 1324 529 quam
1349 475 1568 524 volumus;
1591 473 1631 503 68
1644 486 1735 512 ma-

312 529 409 585 gnis
431 529 788 583 occupationibus
809 528 915 583 ejus,
945 544 969 569 a
990 544 1075 584 quo
1100 532 1246 571 omnia
1269 541 1484 587 petuntur,
1511 530 1651 571 aditus
1680 527 1733 568 ad

311 600 410 627 eum
431 585 692 627 difficiliores
718 584 906 626 fuerunt:
939 595 982 626 et
1011 586 1135 626 simul
1164 586 1382 629 Africanae
1411 602 1550 629 causae
1574 585 1735 634 iratior,

311 642 472 683 diutius
492 641 596 682 velle
619 642 785 682 videtur
807 657 878 683 eos
900 642 1056 684 habere
1079 643 1297 694 sollicitos,
1318 645 1359 678 69
1375 660 1399 685 a
1419 645 1574 699 quibus
1594 657 1636 683 se
1659 655 1736 697 pu-

312 707 375 739 tat
388 698 725 739 diuturnioribus
744 713 834 739 esse
852 698 1056 740 molestiis
1072 701 1384 742 conflictatum.
1407 702 1478 742 sed
1495 700 1577 741 hoc
1595 700 1737 754 ipsum

310 755 590 812 intelligimus
607 770 702 796 eum
723 755 916 810 quotidie
933 757 1145 797 remissius
1159 767 1201 797 et
1216 757 1422 813 placatius
1437 756 1558 798 ferre.
1591 756 1736 802 Quare

309 813 417 853 mihi
439 813 578 861 crede,
600 820 643 851 et
663 813 882 853 memoriae
903 813 1073 864 manda,
1102 828 1171 854 me
1193 815 1272 855 tibi
1295 814 1338 854 id
1360 813 1605 864 affirmasse,
1630 823 1671 853 te
1693 811 1738 851 in

291 868 403 913 ‚istis
432 868 639 908 molestiis
668 869 829 909 diutius
860 883 945 910 non
977 870 1182 912 futurum.
1242 873 1282 904 70
1297 870 1497 920 Quando,
1519 869 1622 924 quid
1644 882 1739 909 sen-

311 924 450 975 tirem,
481 924 689 980 exposui:
722 925 876 981 7¹quid
911 926 1037 967 velim
1071 936 1145 968 tua
1174 942 1315 978 causa,
1346 941 1391 968 re
1421 927 1579 983 potius,
1609 939 1738 980 quam

310 982 518 1032 oratione,
542 982 782 1023 declarabo.
813 985 854 1016 72
866 990 923 1033 et,
947 983 979 1023 si
1004 993 1170 1024 tantum
1187 999 1371 1040 possem,
1393 992 1601 1039 quantum
1623 982 1667 1022 in
1689 995 1740 1022 ea

309 1038 544 1094 republica,
567 1039 628 1079 rde
658 1053 742 1093 qua
773 1039 833 1080 ita
863 1054 955 1079 sum
987 1041 1176 1091 meritus,
1207 1050 1255 1081 ut
1278 1051 1323 1081 tu
1346 1041 1582 1090 existimas,
1613 1051 1738 1087 posse

309 1095 546 1147 debebam3
577 1110 630 1136 ne
663 1105 708 1136 tu
737 1096 909 1151 quidem
941 1096 983 1136 in
1015 1097 1106 1137 istis
1128 1098 1412 1138 incommodis
1432 1111 1558 1137 esses.
1589 1091 1737 1136 eadem

310 1153 423 1194 enim
457 1167 585 1193 causa
615 1167 719 1209 opes
747 1167 862 1193 meas
885 1151 1028 1209 fregit,
1062 1169 1159 1208 quae
1185 1163 1300 1195 tuam
1323 1154 1501 1194 salutem
1525 1153 1569 1193 in
1590 1152 1739 1192 discri-

309 1223 408 1250 men
430 1209 624 1250 adduxit.
686 1210 768 1250 Sed
793 1219 949 1260 tamen,
971 1210 1178 1265 quidquid
1204 1212 1346 1267 imago
1371 1211 1524 1251 veteris
1546 1207 1652 1249 meae
1674 1208 1740 1248 di-

308 1267 502 1321 gnitatiS,
530 1266 737 1321 quidquid
761 1266 949 1321 reliquiae
973 1268 1123 1322 gratiae
1148 1267 1369 1319 valebunt;
1401 1267 1604 1316 studium,
1637 1278 1739 1306 con-

309 1323 466 1373 silium,
496 1337 640 1378 opera,
665 1324 816 1379 gratia,
841 1323 943 1364 fides
965 1338 1074 1374 mea,
1096 1324 1211 1365 nullo
1234 1324 1328 1365 loco
1351 1325 1485 1365 deerit
1507 1323 1591 1364 tuis
1623 1321 1737 1377 opti-

309 1379 390 1420 mis
413 1380 630 1420 fratribus.
690 1380 754 1420 Tu
778 1381 845 1421 fac
867 1380 1024 1421 habeas
1054 1381 1209 1422 fortem
1239 1382 1444 1431 animum,
1474 1393 1600 1435 quem
1629 1392 1738 1418 sem-

308 1450 385 1492 per
405 1436 620 1478 habuisti:
652 1437 838 1492 primum
861 1438 917 1477 ob
939 1451 1009 1478 eas
1037 1453 1200 1488 causas,
1229 1453 1334 1492 quas
1364 1438 1537 1493 scripsi:
1569 1435 1736 1485 deinde,

307 1493 421 1547 quod
439 1508 489 1534 ea
507 1493 558 1534 de
571 1493 791 1548 republica
805 1507 972 1549 semper
988 1494 1161 1535 voluisti
1179 1503 1307 1549 atque
1325 1494 1507 1544 sensisti,
1528 1496 1568 1526 73
1585 1501 1630 1532 ut
1650 1505 1737 1531 non

306 1549 438 1591 modo
460 1550 645 1591 secunda
667 1565 834 1606 sperare
855 1550 1025 1602 debeas,
1056 1551 1128 1592 sed
1152 1551 1297 1602 etiam,
1327 1551 1359 1592 si
1391 1551 1536 1591 omnia
1562 1548 1738 1589 adversa

305 1615 461 1658 essent,
492 1616 633 1647 tamen
665 1607 930 1648 conscientia
955 1616 999 1648 et
1024 1607 1235 1649 factorum
1269 1617 1311 1648 et
1338 1607 1614 1649 consiliorum
1642 1614 1738 1645 tuo-

305 1677 416 1715 rum,
437 1678 720 1720 quaecumque
741 1664 998 1715 acciderent,
1029 1664 1264 1706 fortissimo
1295 1674 1338 1706 et
1368 1665 1558 1705 maximo
1589 1662 1734 1702 animo

306 1720 416 1762 ferre
436 1721 625 1762 deberes.

818 1778 1220 1816 ARGUMENTUM.

304 1842 392 1885 Quae
415 1855 494 1879 cum
514 1842 652 1879 Caesare
669 1843 780 1890 egerit
806 1842 849 1877 de
871 1842 1018 1889 Ligarii
1043 1843 1280 1883 restitutione,
1310 1846 1344 1877 et
1368 1854 1477 1890 quam
1493 1853 1591 1890 spem
1607 1840 1738 1876 salutis

561 1894 703 1936 habeat,
723 1893 908 1930 declarat:
937 1898 972 1929 et
997 1895 1046 1929 ad
1065 1894 1231 1929 loetitiam
1250 1894 1475 1930 exhortatur.

746 1960 979 2002 CICERO
1013 1960 1291 2003 LIGARIO.

303 2013 412 2070 ME
433 2029 541 2071 scito
569 2031 611 2063 74
623 2042 794 2070 omnem
816 2028 1021 2079 laborem,
1050 2043 1221 2070 omnem
1244 2043 1433 2085 operam,
1462 2042 1623 2078 curam,
1646 2035 1737 2067 stu—

301 2085 419 2128 dium
442 2087 486 2127 in
510 2096 584 2128 tua
604 2085 739 2128 salute
760 2100 1025 2127 consumere.
1056 2100 1156 2127 nam
1178 2101 1275 2127 cum
1300 2096 1340 2127 te
1363 2100 1529 2142 semper
1547 2085 1735 2126 maxime

300 2142 449 2195 dilexi,
481 2153 572 2185 tum
604 2142 783 2184 fratrum
815 2152 1001 2194 tuorum,
1031 2157 1138 2198 quos
1171 2157 1293 2198 aeque
1322 2152 1452 2199 atque
1490 2152 1531 2183 te
1570 2155 1736 2183 summa

339 2273 380 2308 67
402 2276 508 2313 ipsum
535 2273 706 2313 Caesarem]
730 2274 836 2313 ipsum
853 2271 993 2310 additur,
1035 2282 1119 2309 rem,
1134 2277 1168 2302 et
1182 2274 1329 2312 sequitur
1338 2282 1472 2312 possem.
1506 2271 1546 2302 In
1559 2270 1622 2301 Gu.
1636 2274 1667 2301 2.
1683 2279 1735 2299 or·

299 2318 337 2346 ut
352 2315 545 2356 respondeat
560 2316 672 2346 amicis
687 2317 769 2354 ejus.
1037 2315 1079 2344 do
1094 2320 1155 2351 est,
1171 2325 1208 2344 re
1223 2315 1344 2354 potius,
1359 2324 1457 2354 quam
1473 2315 1615 2344 oratione
1628 2313 1735 2342 decla-

338 2358 378 2389 68
395 2359 526 2397 magnis
538 2358 660 2398 occup]
687 2357 850 2388 Excidisse
864 2362 945 2398 puto
960 2357 995 2387 in
1036 2358 1126 2387 raho.
1149 2366 1244 2396 quem
1258 2365 1388 2387 secutus
1403 2366 1488 2386 sum.

295 2409 354 2440 per
368 2399 496 2430 literam
513 2409 557 2430 m.
1079 2401 1120 2432 72
1133 2404 1175 2436 et,
1190 2400 1217 2429 εἰ
1232 2402 1362 2428 tantum
1372 2397 1422 2438 p.]
1437 2396 1539 2427 Valde
1551 2395 1630 2426 mihi
1645 2406 1736 2425 vero—

337 2441 379 2477 69
392 2442 534 2481 aquibus
545 2440 854 2482 set-conflictatum]
872 2441 995 2471 Durior
1036 2441 1141 2471 simile
1156 2445 1218 2478 est,
1235 2441 1426 2471 Ciceronem
1440 2439 1619 2478 scripsisse:
1636 2438 1734 2478 quod-

295 2483 411 2514 modus
439 2483 593 2523 loquendi
621 2484 655 2513 in
679 2484 774 2514 verbo
800 2482 993 2524 conflictari,
1036 2483 1078 2512 si:
1101 2487 1134 2512 et
1149 2492 1215 2513 esse
1231 2482 1363 2512 initium
1378 2490 1470 2510 novae
1485 2479 1617 2521 periodi.

295 2526 390 2566 cujus
402 2525 586 2566 exemplum
600 2525 729 2555 nullum
740 2524 828 2555 aliud
839 2526 993 2555 occurrit.
1078 2527 1119 2558 73
1134 2529 1173 2554 ut
1186 2534 1249 2554 non
1263 2524 1353 2554 modo
1367 2533 1441 2553 cum
1455 2522 1530 2562 sea]
1556 2522 1608 2552 Sic
1627 2520 1730 2561 (eum)

294 2577 317 2598 a
331 2568 445 2608 quihus
458 2568 519 2598 int.
535 2577 675 2606 quorum
689 2566 796 2605 culpa.
1037 2565 1086 2596 ed.
1102 2566 1198 2596 Grut.
1221 2566 1366 2596 Graevius
1381 2564 1469 2595 dedit
1485 2574 1583 2600 nunc,
1598 2563 1682 2603 quod
1699 2565 1733 2594 in

337 2613 378 2644 70
399 2609 554 2651 Quando,
575 2609 656 2649 quid
667 2609 709 2648 s.]
735 2608 787 2639 Sic
802 2607 855 2639 hic
867 2617 994 2647 quoque
1037 2608 1227 2646 quibusdam
1242 2607 1332 2638 libris
1346 2613 1407 2637 est.
1433 2607 1496 2636 Ms.
1520 2615 1609 2636 meus
1629 2610 1662 2636 et
1679 2605 1731 2636 ed.

294 2650 370 2682 libri
386 2651 469 2682 mei:
494 2661 560 2682 non
575 2661 687 2691 quum.
1035 2649 1124 2680 Med.
1147 2650 1269 2680 habent
1284 2653 1321 2679 ut
1336 2658 1398 2678 non
1413 2649 1502 2679 modo
1516 2648 1658 2678 secunda
1673 2648 1731 2678 διο.

337 2697 375 2727 71
403 2693 483 2734 quid
502 2691 843 2731 vellem—declarabo]
869 2692 992 2727 Scribe,
1035 2691 1068 2722 id
1083 2701 1195 2722 verum
1210 2697 1280 2722 est:
1304 2692 1414 2729 itaque
1429 2691 1525 2721 edidi.

295 2735 375 2775 quid
393 2735 507 2766 velim.-
530 2745 607 2766 nam
630 2734 749 2775 pendet
772 2745 791 2764 a
811 2734 924 2764 futuro
942 2735 994 2764 de·
1077 2736 1119 2767 74
1139 2743 1265 2763 omnem
1281 2732 1435 2772 laborem]
1462 2742 1581 2769 meum,
1597 2730 1681 2771 quod
1695 2731 1730 2761 in

296 2778 426 2808 clar-abo
436 2790 445 2807 .·
468 2777 594 2818 decepit
608 2776 757 2808 librarios
769 2776 818 2806 vel
833 2777 994 2815 scriptura
1036 2775 1175 2815 vulgatis
1190 2775 1336 2805 additum
1350 2781 1412 2811 est,
1429 2780 1514 2806 recte
1525 2784 1542 2804 e
1555 2773 1680 2804 duobus
1692 2772 1732 2803 li-

297 2824 388 2850 vetus
410 2821 523 2857 velem,
539 2819 591 2851 vel
612 2818 700 2859 quod
721 2818 877 2859 praecedit
897 2820 993 2848 senti·
1037 2817 1102 2848 bris
1117 2826 1179 2848 scr.
1195 2817 1313 2847 delevit
1330 2817 1487 2847 Graevius.
