1903 3218
407 98 485 136 AD
514 97 603 136 cN.
637 95 929 136 PLANCUM
960 94 1032 132 ET
1069 94 1349 132 CETEROS.
1456 68 1461 74 ’
1491 100 1570 139 247

146 199 285 252 ribus3
310 196 579 257 posteriores,
601 201 654 242 ad
676 210 843 254 tempus
864 197 1174 252 arbitriumque
1196 198 1431 239 amicorum
1453 213 1569 239 meo-

142 271 237 298 rum
260 259 538 314 compositae3
568 256 757 298 ³401·ati0
787 257 841 298 de
871 269 940 297 me
968 255 1151 304 assidua,
1173 263 1216 294 et
1247 264 1453 310 perpetua
1475 255 1569 308 jur-

145 315 218 368 gia
245 329 343 356 cum
366 314 726 357 obtrectatoribus
755 322 929 369 propter
961 325 1044 362 me,
1067 311 1292 360 notissima
1320 311 1424 351 mihi
1457 321 1568 352 sunt.

144 385 229 411 non
263 372 489 414 mediocris
520 370 763 412 adhibenda
794 369 900 411 mihi
933 378 998 409 est
1029 383 1144 418 cura,
1167 379 1214 408 ut
1235 367 1482 423 reipublicae
1502 381 1571 408 me

143 428 280 469 civem
304 429 481 485 dignum
515 428 598 468 tuis
625 427 820 469 laudibus
854 435 1079 482 praestem3
1110 425 1154 466 iu
1177 425 1368 466 amicitia
1389 434 1463 464 tua
1483 438 1571 464 me-

143 498 305 527 morem
338 495 465 540 atque
497 494 682 540 gratum.
744 485 873 531 Quod
909 484 1120 538 reliquum
1155 492 1234 533 est,
1261 491 1382 529 tuum
1417 495 1571 522 munus

145 550 286 584 tuere:
317 551 360 582 et
395 556 476 592 me,
501 542 550 594 si,
573 557 699 597 quem
731 555 822 583 esse
855 540 1043 590 voluisti,
1075 553 1172 581 eum
1205 540 1326 583 exitu
1361 539 1573 592 rebusque

142 599 383 654 cognoscis,
416 598 597 640 defende
636 614 685 640 ac
727 599 909 654 suscipe.
970 596 1082 639 Cum
1125 596 1385 643 Rhodanum
1425 595 1572 651 copias

145 656 420 710 traiecissem,
444 655 702 711 fratremque
723 670 821 697 cum
854 654 989 696 tribus
1020 653 1208 695 millibus
1238 653 1432 709 equitum
1463 666 1572 708 prae-

141 711 365 763 misissem,
388 713 479 768 ipsc
511 714 591 754 iter
620 714 672 760 ad
706 711 925 754 Mutinam
957 711 1216 767 dirigerem:
1249 711 1293 751 in
1325 710 1490 760 itinere,
1521 709 1574 750 de

142 767 299 824 proelio
331 769 461 821 facto,
487 770 708 826 Brutoque
734 778 778 810 et
812 768 988 810 Mutina
1020 768 1244 810 obsidione
1273 767 1478 818 liberam,
1501 780 1576 808 au-

141 825 245 866 divi.
305 825 619 879 Animadverti,
662 827 823 868 nullum
876 826 1006 869 alium
1056 835 1276 881 receptum
1318 823 1575 874 Antonium,

138 882 441 939 reliquiasque,
471 899 568 940 quae
601 899 700 927 cum
732 898 783 925 eo
816 892 971 933 essent,
993 881 1164 933 habere,
1188 882 1267 923 nisi
1303 881 1344 922 in
1378 881 1445 922 his
1479 895 1574 937 par-

144 939 284 982 tibus:
308 941 498 996 duasque
520 942 558 982 ei
582 956 677 998 spes
698 955 789 982 esse
813 940 1079 997 propositas3
1103 954 1228 982 unam
1254 938 1404 994 Lepidi
1428 938 1576 994 ipsius,

142 996 318 1039 alteram
349 998 579 1041 exercitus.
641 998 771 1045 Quod
793 998 991 1053 quaedam
1024 1011 1120 1053 pars
1150 996 1365 1038 exercitus
1387 1009 1473 1037 non
1497 995 1578 1036 mi-

143 1068 222 1095 nus
255 1053 416 1096 furiosa
452 1066 530 1107 est,
562 1070 692 1111 quam
724 1055 797 1111 qui
833 1070 931 1098 cum
961 1054 1154 1098 Antonio
1191 1054 1378 1104 fuerunt,
1411 1052 1578 1108 equita-

144 1118 235 1153 tum
267 1113 480 1153 revocavi.
541 1111 640 1169 Ipse
673 1113 718 1154 in
748 1111 1059 1167 Allobrogibus
1093 1111 1285 1160 constiti,
1317 1119 1366 1150 ut
1397 1108 1578 1166 proinde

142 1168 194 1209 ad
218 1168 363 1210 omnia
385 1181 556 1225 paratus
585 1184 736 1221 essem,
757 1184 810 1211 ac
837 1183 901 1210 res
930 1177 1138 1210 moneret.
1198 1167 1244 1212 Si
1267 1167 1405 1208 nudus
1427 1166 1512 1208 huc
1534 1180 1579 1207 se

143 1224 360 1267 Antonius
382 1226 600 1269 conferet:
623 1226 749 1268 facile
770 1224 831 1266 mi
854 1225 1001 1266 videor
1024 1239 1097 1280 per
1117 1238 1186 1265 me
1207 1224 1416 1265 sustinere
1438 1236 1578 1279 posse,

143 1284 368 1337 ³⁵remque
389 1283 606 1338 publicam
628 1297 684 1325 ex
706 1291 847 1324 vestra
867 1282 1081 1323 sententia
1101 1280 1415 1331 administrare,
1428 1293 1579 1335 quam-

145 1340 209 1381 vis
230 1339 286 1380 ab
307 1340 502 1381 exercitu
526 1339 678 1396 Lepidi
702 1338 949 1396 recipiatur.
971 1338 1005 1379 si
1030 1353 1130 1379 vero
1159 1337 1380 1394 copiarum
1417 1336 1581 1392 aliquid

144 1410 289 1438 secum
315 1396 530 1439 adducet:
562 1407 620 1447 et,
656 1396 690 1438 si
725 1396 894 1438 decima
924 1395 1038 1451 legio
1065 1405 1280 1446 yetetana,
1301 1409 1398 1450 quae
1435 1402 1582 1435 nostra

141 1467 273 1519 opera
293 1463 495 1496 revocata
514 1468 612 1496 cum
635 1453 808 1509 reliquis
830 1462 908 1504 est,
931 1453 984 1494 ad
1013 1453 1195 1494 eundem
1227 1451 1415 1493 furorem
1444 1450 1582 1492 redie-

140 1521 222 1552 rit:
254 1520 414 1561 tamen,
445 1525 499 1552 ne
519 1511 623 1565 quid
658 1510 903 1552 detrimenti
940 1510 1028 1560 fiat,
1060 1510 1234 1551 dabitur
1265 1523 1397 1565 opera
1430 1523 1455 1549 a
1487 1522 1582 1559 me;

142 1568 271 1623 idque
292 1581 361 1608 me
391 1576 691 1623 praestaturum
722 1581 861 1624 spere,
891 1567 993 1608 dum
1028 1567 1156 1608 istinc
1185 1566 1325 1622 copiae
1360 1565 1582 1620 trajician-

142 1633 226 1676 tur,
246 1624 289 1655 36
300 1626 634 1681 conjunctaeque
656 1625 881 1666 nobiscum
906 1623 1073 1665 facilius
1096 1623 1286 1680 perditos
1315 1623 1580 1679 opprimant.

143 1681 246 1724 Hoc
268 1680 347 1725 tibi
371 1682 577 1738 spondeo,
599 1682 658 1723 mi
692 1681 862 1732 Cicero,
885 1695 1022 1737 neque
1054 1681 1262 1731 animum,
1283 1694 1364 1721 nec
1396 1679 1580 1735 diligen-

141 1739 246 1781 tiam
283 1737 392 1779 mihi
429 1738 740 1782 3⁷defuturam.
802 1737 946 1794 Cupio
978 1737 1241 1780 mehercules
1277 1737 1439 1779 nullam
1477 1737 1579 1778 resi·
1615 1768 1622 1775 .

140 1796 270 1842 duam
303 1794 636 1837 sollicitudinem
668 1809 774 1837 esse.
836 1795 920 1837 Sed
953 1796 987 1836 si
1020 1794 1166 1846 fuerit,
1195 1809 1275 1836 nec
1308 1794 1469 1844 animo,
1500 1808 1581 1834 nec

140 1852 462 1904 benivolentiae,
487 1867 565 1894 nec
599 1852 819 1908 patientiae
852 1852 1124 1908 cujusquam,
1158 1866 1236 1908 pro
1259 1851 1382 1893 vobis
1415 1850 1580 1892 cedam.

144 1909 215 1952 Do
236 1909 409 1965 quidem
431 1924 515 1966 ego
538 1924 727 1966 operam,
750 1919 798 1955 ut
817 1910 948 1955 etiam
974 1909 1185 1966 Lepidum
1208 1908 1262 1950 ad
1284 1908 1413 1964 hujus
1432 1908 1491 1950 rei
1513 1922 1582 1949 so-

141 1968 342 2011 cietatem
376 1967 569 2017 incitem,
593 1968 824 2022 omniaque
856 1967 895 2008 ei
929 1967 1137 2021 obsequia
1165 1965 1385 2022 polliceor,
1421 1965 1455 2006 si
1489 1979 1582 2006 mo-

141 2024 197 2065 do
230 2024 542 2080 rempublicam
574 2024 786 2080 respicere
807 2023 938 2065 volet.
996 2024 1109 2065 Utor
1141 2023 1185 2064 in
1221 2022 1300 2064 hac
1337 2037 1380 2064 re
1412 2021 1585 2077 adjuto-

140 2082 259 2123 ribus
297 2081 706 2138 interpretibusque,
739 2080 871 2122 fratre
902 2094 1015 2132 meo,
1047 2090 1091 2122 et
1121 2080 1366 2130 Laterense,
1400 2089 1444 2121 et
1479 2079 1585 2123 Fur-

141 2139 215 2180 nio
247 2146 410 2180 nostro.
473 2138 575 2179 Non
608 2153 677 2179 me
712 2138 951 2194 impedient
983 2138 1162 2194 privatae
1197 2136 1471 2188 offensiones,
1497 2150 1584 2192 quo

141 2195 284 2237 minus
317 2210 394 2250 pro
425 2195 674 2252 reipublicae
705 2195 856 2247 salute,
874 2195 1007 2236 etiam
1029 2209 1128 2236 cum
1158 2194 1458 2236 inimicissimo
1480 2207 1585 2235 cou-

141 2252 339 2294 sentiam.
400 2252 530 2299 Quod
571 2253 604 2294 si
643 2252 752 2297 nihil
789 2251 1028 2308 profecero,
1066 2251 1348 2294 nihilominus
1391 2251 1585 2293 maximo

143 2324 238 2352 sum
259 2309 429 2352 animo:
462 2318 506 2350 et
528 2309 693 2365 majore
714 2309 895 2351 fortasse
917 2324 1016 2354 cum
1039 2323 1135 2355 mea
1156 2309 1439 2365 gloria‘vobis
1461 2308 1585 2350 satis-

141 2366 316 2408 faciam.
378 2366 464 2408 Fac
484 2365 638 2418 valeas,
661 2381 814 2423 meque
834 2375 987 2408 mutuo
1010 2366 1179 2423 diligas.

184 2481 226 2510 34
253 2479 358 2510 oratio
386 2489 450 2510 ass.
480 2484 510 2510 et
533 2485 696 2522 perpetua
723 2481 762 2511 de
791 2490 843 2511 me
925 2480 967 2511 36
988 2478 1228 2522 conjunctaeque
1240 2478 1372 2519 n.sac.]
1398 2478 1461 2508 Ms.
1474 2480 1586 2508 noster

126 2521 272 2562 jurgia]
315 2521 516 2563 Transposui
546 2523 586 2553 de
614 2532 665 2554 me
700 2527 734 2553 et
770 2522 842 2553 dedi
884 2522 1114 2563 conjuncteque
1128 2523 1200 2553 nob.
1215 2521 1304 2561 quod
1317 2521 1473 2561 placeret,
1490 2518 1584 2557 sisa-

143 2563 247 2594 0mtio
265 2564 307 2594 de
327 2573 379 2599 me
399 2565 544 2600 assidua,
569 2569 610 2596 ut
637 2569 687 2596 est
713 2565 747 2595 in
776 2565 841 2596 Ms.
883 2566 979 2596 cilius
992 2566 1131 2596 abesset.
1176 2564 1238 2595 Sed
1254 2569 1303 2594 est
1317 2563 1433 2593 vitium
1450 2561 1586 2591 solenne

145 2614 234 2642 meo,
245 2607 301 2645 qui
320 2610 436 2641 tamen
458 2612 494 2638 et
512 2606 617 2639 altero
640 2607 714 2638 loco
729 2608 841 2645 habet,
885 2607 920 2638 in
935 2606 1026 2638 libris
1041 2617 1104 2639 ser.

145 2645 203 2677 ubi
215 2646 327 2679 locum
344 2648 463 2680 habere
489 2658 556 2680 non
577 2653 699 2690 potest,
715 2650 793 2689 quia
808 2650 842 2680 in
927 2652 967 2683 37
989 2647 1198 2690 defuturam]
1223 2646 1371 2678 Graevius
1391 2656 1408 2675 e
1431 2644 1495 2675 Ms.
1511 2645 1585 2675 Ste-

143 2688 210 2719 fine
225 2692 277 2719 est
288 2695 423 2731 propter
438 2701 500 2723 me.
547 2692 663 2723 Oratio
675 2692 714 2722 de
729 2702 780 2723 me
793 2695 844 2723 est
884 2691 987 2723 wech.
1009 2691 1215 2732 defuturum,
1230 2688 1314 2729 quod
1339 2688 1403 2718 fuit
1426 2687 1527 2717 etiam
1552 2688 1586 2718 in

146 2730 186 2761 de
215 2730 377 2771 laudibus,
404 2733 547 2765 alterum
581 2733 622 2765 de
655 2734 843 2767 defensione
885 2742 958 2764 meo
981 2744 1001 2765 a
1022 2744 1067 2765 m.
1090 2743 1140 2774 pr.
1162 2732 1218 2761 sed
1240 2735 1424 2762 correctum
1447 2735 1519 2760 est:
1548 2734 1587 2761 ut

146 2772 270 2814 Pianci.
886 2775 1050 2807 referatur
1071 2774 1112 2807 ad
1135 2775 1277 2814 primum
1300 2773 1464 2808 animum,
1494 2772 1587 2811 cujus

189 2815 229 2845 35
243 2817 843 2857 remquepublicam—-administrm-e]
888 2819 1016 2856 generis
1036 2822 1070 2848 et
1091 2816 1157 2847 alia
1177 2814 1328 2855 exempla
1349 2818 1438 2844 sunt.
1455 2822 1522 2844 non
1538 2819 1587 2845 est

148 2856 170 2887 i.
186 2866 216 2889 e.
231 2857 359 2889 vincere
374 2859 559 2890 Antonium
573 2863 608 2890 et
621 2862 814 2901 opprimere.
888 2861 987 2891 tanti.
1003 2867 1204 2900 neque—nec
1218 2864 1251 2888 et
1267 2856 1342 2888 alibi
1361 2855 1531 2898 reperitur.

829 2907 910 2943 1³4
