1817 3196
334 106 361 144 Ω
767 113 770 116 ’
854 102 1249 148 PRAEFATIO.

334 214 461 256 fidem
491 216 694 257 librorum
716 216 985 272 antiquorum
1010 228 1051 259 et
1080 219 1289 259 bonorum
1311 215 1580 273 corrigendo.
1639 213 1753 257 Nam

334 280 404 323 hic
436 283 622 338 quidem,
655 298 750 324 cum
786 284 826 324 in
860 286 1010 326 ceteris
1046 286 1236 340 partibus
1271 285 1491 326 Ciceronis
1525 282 1755 323 admodum

333 362 470 404 pauca
497 350 660 391 dederit
693 366 745 391 ex
773 361 950 406 utroque
971 367 1139 408 genere,
1171 353 1212 392 in
1236 351 1436 407 epistolas
1459 350 1533 391 has
1563 350 1623 390 ita
1654 348 1756 389 scri-

333 417 433 471 psit,
454 425 499 456 ut
520 416 752 472 perfectum
772 427 814 458 et
833 418 1072 474 interpretis
1089 428 1132 459 et
1151 418 1302 459 Critici
1323 416 1592 459 Ciceroniani
1610 429 1756 456 exem-

333 482 449 538 plum
471 494 514 524 et
537 484 716 525 voluisse
750 500 1014 541 proponere,
1033 494 1076 526 et
1106 500 1148 526 re
1171 500 1268 526 vera
1297 484 1568 540 proposuisse
1592 482 1755 523 videre-

332 558 413 590 tur.
475 549 625 605 Itaque
660 551 751 606 ejus
785 552 825 592 in
867 552 940 593 has
971 552 1172 608 epistolas
1205 561 1319 592 notae
1353 566 1429 606 pro
1461 550 1606 591 schola
1638 563 1749 590 verae

333 616 508 658 Criticae
547 619 759 660 discendae
799 635 823 660 a
859 620 1116 661 doctissimis
1151 620 1249 661 viris
1287 629 1386 660 sunt
1417 618 1594 660 habitae.
1652 617 1754 658 Vidi

330 685 572 740 exemplum
597 686 723 741 hujus
749 686 1055 727 Commentarii
1078 702 1100 728 e
1123 687 1417 743 Gryphiorum
1448 687 1635 737 officina,
1666 684 1755 728 filio

330 752 651 808 peregrinaturo
682 754 828 794 datum
852 769 876 794 a
897 753 993 795 Jac.
1027 753 1294 810 Gothffredo,
1326 755 1369 795 in
1400 768 1486 809 quo
1518 768 1593 794 sua
1623 767 1753 794 manu

329 819 412 860 hoc
436 820 731 861 munusculum
755 821 814 861 ita
835 822 1166 873 commendaret,
1189 830 1236 862 ut
1257 821 1420 862 nullum
1443 821 1557 861 diem
1579 828 1756 876 praeter-

328 887 442 926 mitti
464 902 488 927 a
512 888 597 928 filio
622 888 759 939 vellet,
782 888 904 943 cujus
927 903 1011 929 non
1034 898 1198 945 partem
1227 888 1412 943 aliquam
1438 888 1481 929 in
1503 902 1553 928 eo
1575 886 1757 943 legendo

326 955 645 996 consumsisset.
707 955 812 996 Post
834 955 910 996 hos
933 965 1075 996 autem
1097 956 1176 997 etsi
1200 956 1354 1012 plures,
1377 955 1442 996 vel
1462 970 1517 996 ex
1539 954 1757 1005 alterutra,

328 1022 391 1062 vel
417 1032 593 1077 utraque
617 1032 749 1078 parte,
772 1023 971 1078 prodesse
993 1024 1246 1064 studuerunt
1265 1023 1468 1079 Epistolis
1490 1023 1581 1066 his:
1614 1031 1758 1065 tamen

327 1089 484 1143 primas
514 1091 657 1130 deberi
680 1091 973 1131 existimatum
1002 1099 1067 1131 est
1097 1090 1208 1132 ιῙαιιο
1240 1090 1475 1141 Gebhardo,
1501 1091 1574 1145 qui
1603 1091 1648 1132 in
1680 1105 1758 1132 ex-

326 1155 537 1196 cutiendis
559 1156 676 1197 libris
699 1157 868 1213 scriptis
886 1167 930 1198 et
949 1158 1090 1208 editis,
1112 1166 1155 1198 et
1172 1157 1270 1199 inde
1292 1157 1594 1198 constituendo
1613 1165 1754 1209 textu,

326 1223 654 1280 diligentissime
679 1234 744 1266 est
768 1233 984 1277 versatus3
1016 1234 1114 1281 post
1143 1224 1259 1266 hunc
1289 1234 1432 1266 autem
1464 1224 1536 1267 Jo.
1569 1223 1752 1282 Georgia

330 1289 510 1332 Graevio.

385 1356 492 1398 Post
532 1358 683 1399 horum
727 1368 792 1400 tot
831 1375 880 1401 ac
921 1368 1138 1400 tantorum
1178 1359 1364 1401 virorum
1409 1357 1757 1400 doctissimorum

325 1440 515 1481 operam,
552 1426 615 1467 his
641 1427 832 1482 epistolis
854 1427 1116 1482 corrigendis
1138 1436 1181 1468 et
1202 1428 1513 1468 constituendis
1535 1436 1753 1478 navatam,

323 1495 434 1536 nihil
466 1495 673 1550 reliquum
698 1495 827 1536 videri
863 1490 1045 1551 poterat,
1076 1495 1120 1535 in
1150 1509 1235 1549 quo
1268 1494 1465 1549 prodesse
1495 1494 1751 1550 cujusquam

325 1564 390 1605 vel
423 1564 642 1620 ingenium
676 1563 740 1604 vel
779 1562 1002 1618 diligentia
1034 1569 1192 1617 posset.
1253 1560 1498 1612 Enimvero,
1531 1577 1630 1604 eum
1667 1577 1751 1618 ego

324 1645 439 1686 saepe
460 1641 502 1671 et
531 1631 719 1687 legendis
743 1630 806 1671 his
828 1630 1034 1686 epistolis,
1058 1638 1101 1670 et
1123 1643 1221 1670 vero
1243 1628 1370 1669 etiam
1405 1629 1754 1685 interpretandis,

324 1698 439 1753 quod
461 1712 486 1738 a
508 1713 574 1738 me
595 1698 735 1739 decies
757 1697 938 1753 amplius
963 1697 1125 1738 factum
1149 1704 1230 1747 est,
1255 1695 1400 1737 omnia
1427 1705 1571 1737 textus
1597 1696 1757 1738 Grute-

325 1768 432 1809 riani
457 1777 499 1808 et
522 1766 739 1807 Graeviani
761 1774 1006 1807 excuterem
1025 1764 1364 1820 diligentissime,
1386 1772 1429 1804 et
1446 1764 1498 1805 ad
1515 1764 1758 1815 latinitatis,

329 1836 624 1878 Ciceronianae
649 1834 856 1890 inprimis,
875 1832 1131 1889 elegantiam
1155 1832 1414 1887 exquisitam
1435 1833 1653 1888 exigerem
1677 1848 1757 1875 sae·

327 1905 438 1961 pius,
459 1903 579 1959 plura
598 1902 892 1952 animadverti,
912 1901 955 1943 in
974 1901 1128 1957 quibus
1146 1901 1355 1942 correctio
1372 1910 1482 1942 esset
1498 1900 1730 1955 quaerenda
1743 1916 1756 1942 ε

326 1986 454 2027 quam
478 1972 606 2011 etiam
630 1969 841 2010 interdum
864 1969 969 2009 mihi
994 1969 1105 2010 visus
1127 1982 1220 2008 sum
1243 1968 1461 2024 reperisse.
1520 1967 1589 2009 Ad
1611 1977 1756 2009 extre·

327 2054 461 2091 mum,
491 2039 541 2080 ad
565 2038 853 2079 recensionem
875 2037 1007 2078 totius
1030 2045 1174 2077 textus
1195 2051 1294 2078 cum
1318 2036 1604 2087 accessissem,
1634 2051 1755 2078 com·

328 2108 526 2164 parandis
560 2107 677 2148 libris
710 2105 894 2161 scriptiS,
926 2113 968 2145 et
999 2104 1237 2145 editionum
1268 2105 1501 2161 primarum
1531 2106 1757 2162 exemplis,

328 2185 420 2217 tum
447 2175 641 2216 meliores
665 2172 848 2228 vulgatis
877 2172 1079 2213 lectiones
1108 2172 1258 2228 reperi,
1288 2181 1379 2213 tum
1408 2173 1538 2214 etiam
1560 2187 1751 2215 mearum

328 2243 644 2286 correctionum
668 2241 805 2297 plures
834 2240 991 2281 firmari
1019 2254 1166 2281 eorum
1195 2254 1405 2281 consensu
1437 2241 1538 2292 vidi,
1568 2249 1617 2281 ut
1647 2240 1755 2283 mihi

324 2309 417 2366 jam
441 2310 583 2350 videar
605 2318 773 2350 textum
795 2308 944 2349 harum
966 2307 1242 2363 epistolarum
1264 2307 1410 2350 multis
1431 2307 1535 2349 locis
1556 2307 1756 2349 emenda-

330 2380 482 2421 tiorem
505 2377 705 2419 studiosis
729 2376 949 2418 Ciceronis
974 2376 1212 2417 tradidisse.

386 2446 500 2488 Usus
533 2460 626 2486 sum
659 2445 702 2486 in
735 2445 815 2486 hac
848 2444 1093 2485 recensione
1125 2458 1220 2484 mea
1250 2441 1436 2500 primum
1468 2441 1604 2482 tribus
1637 2440 1757 2491 libris

329 2514 514 2571 scriptis,
553 2528 638 2553 uno
674 2527 784 2563 meo,
817 2512 983 2552 duobus
1020 2509 1384 2565 Guelferbytanis,
1420 2509 1756 2550 membranaceis

330 2582 545 2631 omnibus,
568 2580 750 2636 denique
770 2579 986 2634 excerptis
1007 2592 1030 2619 e
1052 2577 1278 2619 chartaceo
1298 2576 1553 2626 Gorlicensi,
1574 2575 1759 2630 diligen·

330 2655 492 2695 tissime
511 2668 607 2695 cum
625 2652 822 2708 exemplo
843 2651 1075 2693 Graeviano
1094 2650 1250 2692 collato
1266 2665 1291 2690 a
1306 2649 1377 2691 J0.
1394 2647 1537 2704 Goffr.
1559 2646 1756 2689 Geislem.

329 2736 426 2764 cum
451 2722 493 2762 in
516 2721 608 2776 ejus
633 2720 819 2762 civitatis
842 2719 1081 2775 Gymnasio
1103 2717 1244 2758 literas
1267 2717 1452 2767 doceret,
1483 2729 1596 2756 nunc
1620 2714 1759 2770 Gym-

326 2790 436 2832 nasii
461 2789 654 2831 Gothani
679 2787 880 2840 Rectore,
909 2795 953 2828 et
980 2802 1005 2828 a
1030 2786 1166 2828 Ducis
1189 2784 1384 2827 Gothani
1410 2782 1599 2827 consiliis
1622 2782 1758 2824 eccle-
