1865 3223
310 85 385 119 ³38
553 81 727 119 EPIST.
758 80 938 118 LIBER
964 79 1498 123 TERTIUsDEfflMUS

311 184 758 235 honorificentissime,
794 199 868 240 pro
908 192 981 224 tua
1013 194 1178 233 natura,
1211 193 1252 225 et
1285 199 1412 239 quam
1448 186 1740 227 liberalissime

316 251 484 283 tractes.
547 242 692 282 Bonos
719 244 830 282 viros
861 241 913 281 ad
946 250 1063 282 tuam
1094 243 1447 283 necessitudinem
1480 243 1742 297 adjunxeris,

317 299 686 354 municipiumque
709 297 995 354 gratissimum
1024 298 1231 339 beneficio
1263 309 1337 338 tuo
1365 300 1631 341 devinxeris:
1664 299 1744 340 mi-

317 355 360 399 hi
389 370 486 396 vero
508 356 636 396 etiam
663 355 824 410 gratius
857 353 1021 399 feceri5‚
1042 355 1155 409 quod
1188 370 1284 395 eum
1318 371 1481 411 semper
1515 357 1620 397 tueri
1651 370 1746 396 mu-

319 413 481 468 nicipes
516 427 629 454 meos
661 410 880 458 consuevi,
905 419 994 449 tum
1027 412 1096 450 hie
1127 425 1262 451 aniius
1295 414 1509 469 praeeipue
1531 414 1581 453 ad
1607 426 1745 453 meam

319 483 463 510 curam
507 470 782 522 officiumque
826 466 1025 521 pertinet.
1087 467 1198 508 Nam
1237 471 1526 511 constituendi
1565 469 1747 510 munici-

323 526 384 582 pii
418 541 558 573 eausa,
595 524 676 564 hoc
710 537 823 563 anno
860 521 1028 562 aedilem
1066 523 1200 563 filium
1237 539 1378 567 meum
1416 527 1504 568 fieri
1540 526 1669 578 volui,
1705 535 1751 566 et

323 582 464 623 fratris
497 581 646 631 filium,
676 590 720 620 et
750 579 817 619 M.
842 578 1047 630 Caesiuui,
1077 580 1292 621 hominem
1323 583 1427 624 mihi
1460 584 1647 624 maxime
1678 596 1752 622 ne-

198 638 578 698 ¹,.⁶209,cessarium2
611 638 645 677 is
667 636 788 679 ,enim
823 637 1096 690 magistratus
1129 638 1172 677 in
1209 647 1354 679 nostro
1391 640 1641 696 municipio,
1674 653 1752 680 nec

284 696 430 736 a-alius
453 695 560 736 ullus
579 694 712 735 creari
734 693 863 735 solet:
896 706 1002 746 quos
1022 692 1329 744 cohonestaris,
1352 696 1392 735 in
1420 698 1648 752 primisque
1670 710 1753 745 me,

327 753 358 793 si
392 756 504 793 2ures
538 750 709 806 publiea
740 749 979 803 municipii,
1005 759 1078 791 tuo
1110 750 1266 801 studio,
1289 752 1513 807 diligentia
1543 755 1649 794 bene
1680 752 1755 794 ad-

328 810 567 851 ministrata
597 808 691 847 erit.
753 805 883 853 Quod
917 819 962 846 ut
995 807 1140 858 facias,
1165 816 1205 848 te
1237 808 1508 851 vehementer
1537 809 1665 851 etiam
1691 819 1755 851 at-

328 880 410 921 que
431 865 560 906 etiam
584 879 705 921 rogo,

272 962 317 998 μ]
843 927 1245 994 ΑΗ(;ὐΜΕΝΤῐ]Μ.

332 1019 374 1060 Q.
403 1018 592 1068 Fufidium,
620 1015 812 1066 Arpinatis
846 1021 1034 1068 πιαηὶεὶρὶὶ
1062 1021 1234 1066 legatum,
1262 1022 1324 1068 qui
1352 1019 1513 1057 tribunus
1540 1020 1696 1057 militum
1722 1020 1761 1055 in

673 1073 802 1108 Cilicia
811 1070 956 1121 fuerat,
975 1071 1168 1119 diligenter
1186 1074 1420 1109 conmmendat.

700 1137 767 1180 M.
789 1138 840 1190 T,
865 1138 916 1180 C.
950 1138 1158 1180 BRUTO
1191 1138 1236 1180 S.
1261 1139 1312 1180 P.
1335 1139 1393 1181 D.

331 1198 491 1251 ALIA
521 1205 704 1262 epistola
733 1206 1019 1247 communiter
1049 1207 1345 1248 commendavi
1380 1204 1457 1248 tibi
1489 1206 1653 1262 legatos
1683 1204 1764 1246 Ar-

333 1265 560 1321 pinatium,
594 1273 639 1304 ut
676 1263 795 1319 potui
831 1263 1185 1319 diligentissime:
1218 1263 1299 1304 bae
1331 1264 1558 1319 separatim
1591 1264 1647 1310 Q.
1682 1263 1765 1303 Fu-

335 1322 505 1371 fidium,
532 1335 718 1375 quocum
752 1320 857 1360 mihi
889 1334 1035 1361 omnes
1069 1320 1401 1362 necessitudines
1438 1331 1552 1371 sunt,
1584 1320 1767 1375 diligen-

336 1379 419 1420 tius
461 1378 733 1427 commendo,
775 1391 861 1417 non
905 1387 949 1417 ut
988 1376 1148 1431 aliquid
1191 1377 1244 1418 de
1283 1376 1353 1418 illa
1392 1377 1767 1418 commendatione

336 1434 642 1483 comminuam,
686 1434 756 1474 sed
806 1443 852 1473 ut
904 1433 1014 1474 lianc
1064 1433 1231 1474 addam.
1294 1434 1405 1474 Nam
1451 1446 1493 1474 et
1547 1434 1767 1489 privignus

338 1502 402 1533 est
443 1491 508 1531 M.
533 1490 679 1541 (lensii,
714 1490 795 1530 mei
834 1490 1022 1530 maxime
1055 1499 1097 1529 et
1129 1489 1347 1530 familiaris
1378 1499 1421 1530 et
1453 1490 1694 1540 necessarii,
1727 1501 1769 1530 et

339 1549 424 1590 fuit
457 1548 500 1588 in
531 1547 686 1588 Cilicia
721 1561 888 1588 meeum
927 1547 1121 1587 tribunus
1157 1546 1366 1588 militum:
1399 1561 1484 1602 quo
1520 1546 1563 1587 in
1598 1560 1771 1587 munere

340 1607 399 1647 ita
437 1620 481 1645 se
520 1604 733 1653 tractavit,
770 1615 818 1644 ut
856 1602 1071 1659 accepisse
1106 1604 1160 1644 ab
1201 1618 1252 1643 eo
1297 1605 1552 1645 beneficium
1591 1603 1770 1652 viderer,

340 1678 425 1705 non
448 1662 627 1702 dedisse.
692 1661 766 1701 Est
789 1671 996 1716 praeterea
1015 1661 1148 1715 (quod
1172 1660 1283 1716 apud
1317 1671 1358 1701 te
1382 1661 1492 1701 valet
1524 1660 1772 1716 plurimum)

343 1736 368 1761 a
399 1719 554 1759 nostris
586 1718 737 1759 studiis
769 1732 853 1758 non
888 1717 1135 1758 abhorrens.
1198 1718 1342 1764 Quare
1367 1718 1490 1758 velim
1523 1732 1616 1758 euin
1644 1732 1773 1773 quam

342 1773 637 1819 liberalissime
671 1775 984 1829 complectare:
1034 1789 1293 1828 operamque
1331 1775 1419 1824 des,
1459 1784 1505 1814 ut
1543 1775 1584 1815 in
1627 1790 1677 1816 ea
1721 1775 1776 1815 le-

345 1834 533 1889 gatione,
571 1845 698 1886 quam
741 1831 929 1887 suscepit
969 1841 1118 1871 contra
1160 1847 1282 1871 sunm
1325 1830 1616 1882 commodum,
1658 1846 1777 1872 seeu-

346 1893 414 1932 tns
449 1889 747 1930 auctoritatem
782 1903 934 1939 meam,
956 1902 1083 1943 quam
1121 1889 1306 1928 maxime
1337 1889 1429 1942 ejus
1450 1888 1633 1929 excellat
1654 1889 1777 1929 indu-

347 1947 464 1988 stria.
526 1944 627 1987 Vult
657 1946 787 1996 enim,
812 1945 852 1986 id
874 1946 987 2000 quod
1019 1945 1186 2000 optimo
1217 1946 1375 2000 cuique
1396 1956 1546 1986 natura
1569 1946 1778 1987 tributum

340 2016 572 2058 ‘cst‚qumn
613 2003 849 2043 maximam
884 2001 1068 2052 laudem,
1097 2016 1193 2042 cuin
1234 2018 1258 2042 a
1297 2003 1435 2052 nobis,
1463 2001 1535 2057 qui
1569 2016 1664 2042 eum
1701 2003 1780 2043 im-

348 2060 550 2118 pulimnS,
585 2069 675 2100 tum
711 2074 734 2099 a
773 2058 1010 2114 municipio
1051 2059 1282 2113 consequi3
1312 2059 1426 2114 quod
1465 2059 1503 2099 ei
1541 2060 1782 2115 continget,

352 2119 384 2159 si
417 2117 495 2158 liae
519 2130 614 2158 mea
634 2116 1009 2158 commendatione
1033 2125 1151 2156 tuum
1174 2130 1276 2172 erga
1298 2131 1341 2157 se
1364 2116 1554 2159 studium
1574 2119 1656 2157 erit
1678 2131 1780 2157 con·

352 2184 536 2217 secutus.

296 2282 308 2317 1
316 2281 342 2318 3
868 2261 1269 2302 ARGUMENTUM.

561 2326 605 2362 L.
627 2325 865 2366 Casti-onium,
889 2327 1082 2363 Lucensem
1099 2329 1326 2375 ’nunicipenn
1345 2328 1580 2365 commendat.

725 2391 793 2434 M.
816 2392 867 2435 T.
891 2394 944 2435 C.
978 2392 1186 2435 BRUTO
1217 2393 1262 2434 S.
1287 2393 1337 2435 P.
1359 2393 1415 2434 D.

356 2447 422 2502 L.
450 2457 838 2502 CASTRONIUS
874 2461 1184 2517 1>aetus‚10nge
1216 2461 1412 2517 princeps
1443 2459 1666 2515 municipii
1702 2459 1784 2501 Lu-

356 2516 509 2567 censis·‚
530 2519 595 2557 est
627 2516 845 2568 honestus,
868 2519 1024 2573 gram,
1050 2519 1198 2573 plenus
1219 2516 1367 2567 officii,
1392 2520 1527 2559 bonus
1560 2518 1684 2573 plane
1708 2518 1785 2567 vir,

356 2582 400 2614 et
431 2587 527 2613 cum
553 2573 797 2624 virtutibus,
821 2586 911 2615 tuin
942 2575 1070 2616 etiam
1106 2575 1291 2624 fortuna,
1314 2574 1471 2628 siquid
1504 2573 1585 2615 hoc
1616 2573 1667 2614 ad
1699 2589 1786 2616 rem

358 2629 558 2685 pertinet,
577 2641 750 2671 ornatus
770 2647 778 2671 :
815 2643 931 2674 meus
955 2642 1095 2672 autem
1117 2644 1182 2672 est
1196 2630 1568 2681 familiarissimus,
1589 2630 1649 2672 sic
1669 2645 1787 2686 pror-

358 2701 441 2737 sus,
466 2697 511 2728 ut
533 2687 668 2728 nostri
692 2687 852 2728 ordinis
875 2688 1072 2729 observet
1104 2689 1317 2729 nemiuem
1348 2687 1612 2744 diligentius.
1644 2688 1789 2734 Quare

541 2802 580 2833 29
603 2800 796 2840 respublica
811 2800 991 2841 municipii]
1012 2801 1162 2832 Pecuniae
1177 2800 1316 2840 publicae
1332 2801 1591 2842 vectigaliorum.
