1865 3223
460 72 538 110 AD
564 70 926 110 TERENTIAM
953 72 1222 110 UXOREM.
1486 66 1560 110 31'35

130 189 225 215 cum
247 175 520 230 oppidorum,
545 184 633 216 tum
656 174 784 215 etiam
810 174 1066 229 praecliorum
1086 190 1094 214 :
1130 184 1235 215 utet
1258 175 1436 217 multum
1468 191 1559 217 esse

129 245 311 282 mecum,
345 241 401 282 et,
435 247 530 275 cum
566 231 771 281 abieritis,
795 230 1020 271 commode
1040 240 1081 270 et
1106 230 1146 270 in
1172 233 1325 272 nostris
1348 246 1438 273 esse
1461 248 1558 288 pos·

126 288 232 328 sitis.
293 287 407 329 Mihi
442 289 562 345 plane
594 302 677 327 nou
712 288 813 328 satis
850 296 1021 328 constat
1049 286 1203 335 adbuc,
1228 299 1365 328 utrum
1391 290 1445 329 sit
1470 304 1555 330 me-

124 343 220 384 lius.
281 344 368 386 Vos
403 346 555 395 videte,
589 344 691 399 quid
726 344 820 385 aliae
854 343 1011 385 faciant
1046 345 1127 384 isto
1150 343 1245 384 loco
1268 345 1479 387 faerninae:
1511 358 1554 387 et

123 414 192 451 ne,
213 416 310 442 cum
338 402 489 450 velitis,
518 401 636 442 exire
666 416 750 442 non
786 401 925 442 liceat.
950 402 990 442 id
1016 401 1141 441 velim
1174 400 1401 456 diligenter
1423 403 1550 444 etiam

121 468 249 512 atque
282 459 411 500 etiam
447 459 666 499 vobiscum
690 467 850 500 etcum
886 459 1036 500 amicis
1059 457 1352 498 consideretis.
1403 460 1443 489 43
1461 458 1551 500 Do-

119 527 214 555 mus
243 524 289 556 ut
327 515 647 570 propugnacula
683 526 725 556 et
764 515 1008 570 praesidium
1032 514 1202 563 habeat,
1228 513 1464 555 Philotimo
1487 516 1551 556 di-

117 573 239 613 cetis.
301 570 355 612 Et
394 572 517 612 velim
550 572 792 613 tabellarios
827 572 1060 612 instituatis
1097 581 1251 621 certos,
1275 581 1320 612 ut
1356 572 1549 626 quotidie

114 627 276 683 aliquas
294 644 319 668 a
339 629 459 669 vobis
483 629 643 670 litteras
666 629 892 684 accipiam.
944 627 1142 668 Maxime
1164 639 1305 668 autem
1325 628 1423 668 date
1445 643 1548 684 ope-

113 697 217 736 ram,
241 695 287 726 ut
308 685 499 736 valeatis,
523 687 556 727 si
580 701 656 727 nos
681 686 808 727 vultis
834 686 984 726 valere.
1011 699 1101 726 vul
1131 684 1227 726 Kal.
1252 685 1450 725 Formiis.

621 791 815 828 ARGUM
822 790 1021 828 ENTUM.
1566 799 1611 839 19

107 852 283 888 Dolorem
304 865 345 889 ex
363 854 683 903 valethuefiIiae,
709 866 787 901 quse
806 865 881 888 cum
909 858 1017 901 patre
1036 853 1227 889 Brundisii
1245 857 1325 899 post
1351 853 1540 890 Pharsali-

157 917 236 940 cam
263 906 401 942 cladem
428 911 520 948 erat,
555 907 764 955 significat:
793 906 896 941 addit
925 907 968 940 de
995 907 1177 953 propioris
1204 917 1362 941 accessus·
1392 907 1540 953 impedi-

157 959 298 994 mentis.

453 1008 520 1049 M.
543 1008 593 1050 Τ.
619 1008 671 1050 C.
701 1006 1031 1049 TERENTIAE
1065 1007 1109 1049 S.
1133 1006 1191 1049 D.

102 1062 178 1114 IN
199 1075 401 1122 maximis
433 1078 538 1118 meis
572 1076 792 1118 doloribus
824 1077 1045 1117 excruciat
1078 1090 1145 1117 me
1170 1075 1360 1116 valitudo
1382 1075 1534 1118 Tullia:

102 1141 276 1173 nostrae.
339 1131 406 1173 De
439 1149 523 1189 qua
552 1134 657 1174 nihil
691 1145 768 1184 est,
802 1133 916 1188 quod
939 1133 990 1174 ad
1014 1143 1055 1173 te
1089 1132 1209 1188 plura
1231 1134 1430 1174 scribam.
1455 1135 1535 1174 tibi

100 1189 212 1229 enim
238 1204 359 1244 aeque
384 1204 549 1247 magnae
573 1206 687 1232 curae
711 1205 801 1231 esse
826 1200 943 1230 certo
966 1190 1069 1230 scio.
1117 1189 1245 1236 Quod
1270 1204 1336 1230 me
1361 1193 1535 1246 propius

102 1245 227 1286 vultis
251 1247 466 1296 accedere,
490 1248 614 1288 video
648 1248 709 1288 ita
730 1262 820 1287 esse
849 1247 1108 1287 faciendum.
1132 1247 1261 1287 etiam
1286 1258 1385 1287 aute
1408 1248 1534 1288 fecis-

97 1317 209 1344 sem:
243 1304 312 1344 sed
337 1318 405 1345 me
428 1304 560 1344 multa
594 1304 895 1359 impedierunt,
917 1318 1013 1358 quae
1045 1317 1098 1343 ne
1125 1318 1238 1343 nuuc
1261 1303 1432 1357 quidem
1457 1319 1533 1345 ex-

95 1360 240 1413 pedita
259 1371 372 1401 sunt.
432 1361 515 1401 Sed
538 1377 562 1401 a
580 1360 823 1417 Pomponio
845 1369 1053 1415 exspecto
1072 1360 1248 1410 litteras,
1267 1375 1370 1415 quas
1390 1363 1441 1402 ad
1465 1377 1532 1402 me
1547 1371 1574 1400 b.

91 1430 217 1512 {luam
244 1418 428 1473 primum
452 1417 723 1474 perferendas
747 1432 867 1458 cures
891 1417 1033 1458 velim.
1095 1416 1164 1457 Da
1187 1432 1360 1473 operam
1391 1430 1436 1459 ut
1463 1435 1531 1459 va-

109 1488 193 1514 eas.

606 1548 1012 1585 ARGUMENTUM.
1323 1577 1326 1580 .
1540 1547 1595 1581 ΩΟ

107 1609 303 1646 Recreatus
322 1611 454 1647 litteris
475 1612 635 1650 Caesaris,
656 1624 726 1647 non
742 1612 884 1647 dubitat
900 1613 1050 1659 propius
1070 1612 1247 1647 accedere,
1268 1612 1405 1647 Parasi
1425 1625 1509 1658 ergo

541 1665 661 1699 omnia
682 1665 718 1699 in
743 1663 1067 1710 Tusculanojubet.

314 1751 381 1792 M.
403 1751 453 1792 T.
478 1751 529 1792 C.
561 1750 892 1792 TERENTIAE
924 1750 1056 1792 SUAE
1089 1751 1131 1791 S.
1160 1751 1207 1791 P.
1231 1750 1287 1791 D.

82 1809 159 1865 IN
177 1823 467 1867 Tusculanum
485 1841 561 1867 nos
581 1836 781 1867 venturos
797 1836 995 1881 putamus
1010 1837 1083 1867 aut
1104 1826 1257 1875 Nonis,
1275 1836 1348 1867 aut
1366 1828 1519 1883 postri-

80 1879 164 1922 die.
187 1883 301 1923 4¹ibi
332 1893 380 1923 ut
401 1884 487 1924 siut
509 1884 654 1924 omnia
678 1894 838 1939 parata.
902 1883 1049 1924 Plures
1083 1884 1196 1924 euim
1232 1884 1411 1925 fortasse
1443 1900 1517 1925 no-

81 1937 247 1979 biscum
286 1950 424 1989 erunt,
461 1949 518 1990 et,
549 1951 596 1981 ut
625 1941 823 1990 arbitror,
857 1940 1018 1980 (liutius
1055 1941 1113 1981 ibi
1135 1942 1514 1982 commorabimur.

81 1993 268 2036 Labrum
292 1996 325 2036 si
349 1994 390 2037 iu
417 1997 582 2038 balineo
607 2012 690 2038 non
712 2007 800 2047 est3
834 2008 880 2037 ut
903 1998 970 2038 sit.
993 1998 1093 2038 item
1117 2008 1272 2048 cetera,
1294 2014 1391 2054 quae
1415 2011 1514 2039 suut

77 2053 129 2093 ad
153 2053 313 2094 victum
334 2065 377 2095 et
399 2055 450 2096 ad
473 2055 751 2096 valitudinem
776 2055 1023 2096 necessaria.
1059 2054 1177 2095 Vale.
1216 2055 1310 2096 Kal.
1327 2056 1509 2098 Octobr.

76 2108 128 2150 de
149 2110 386 2152 Venusino.
1523 2164 1545 2186 ω

1558 2167 1570 2197 l

587 2185 989 2222 ARGUMENTUM.
1524 2191 1545 2197 ”

262 2248 433 2296 Ejusdem
452 2251 635 2296 temporis,
655 2253 719 2283 aut
734 2249 861 2296 paullo
880 2250 1088 2296 superioris,
1108 2250 1324 2297 epistolium.
1454 2244 1466 2249 ’

298 2325 365 2369 M.
389 2326 439 2368 T.
464 2326 515 2368 C.
547 2323 879 2366 TERENTLE
912 2325 1044 2367 SUAE
1079 2326 1122 2366 S.
1147 2326 1198 2367 P.
1224 2327 1280 2368 D.

67 2387 130 2439 SI
155 2396 281 2447 vales,
304 2397 412 2436 bene
431 2405 518 2435 est:
544 2393 678 2434 valeo.
725 2393 789 2433 Da
806 2407 995 2448 operam,
1016 2403 1063 2434 ut
1077 2394 1362 2436 convalescas.
1384 2397 1498 2451 quod

65 2468 173 2509 opus
191 2454 287 2503 erit,
307 2463 353 2494 ut
375 2467 435 2492 res
457 2462 710 2507 tempusque
737 2450 937 2505 postulat,
963 2451 1185 2506 provideas
1213 2464 1340 2506 atque
1362 2454 1498 2493 admi-

61 2511 238 2553 nistres:
269 2520 311 2550 et
334 2510 384 2550 ad
405 2524 473 2550 me
493 2509 544 2550 de
563 2507 764 2549 omnibus
784 2507 909 2548 rebus
931 2522 1056 2563 quam
1081 2509 1316 2565 saepissime
1335 2510 1496 2552 litteras

59 2567 221 2610 mittas.
281 2567 400 2608 Vale.

97 2711 138 2739 43
161 2707 289 2739 Domus
303 2708 602 2747 utpro,.·:ugnacula
624 2710 654 2736 et
666 2714 753 2744 prae-
840 2707 881 2736 44
902 2705 946 2735 ihi
968 2710 1004 2734 ut
1026 2705 1104 2744 sint]
1131 2705 1210 2736 Mss.
1228 2705 1319 2736 (ἴοι-1.
1335 2707 1396 2737 Gu.
1421 2713 1444 2737 Ξ.
1462 2713 1489 2739 2.

55 2751 174 2781 eidium
199 2749 246 2789 Ιι.]
274 2749 413 2789 Nempe,
438 2760 479 2780 ne
504 2747 675 2789 repentino
691 2748 753 2778 im·
797 2746 850 2777 hic
877 2754 911 2778 et
942 2747 1057 2777 deiude
1083 2755 1158 2788 post,
1179 2753 1216 2779 ut
1236 2750 1279 2779 sic
1300 2748 1389 2780 addit
1401 2751 1467 2788 [ιιι-
1482 2767 1489 2779 ,-

56 2799 134 2832 petu
151 2792 222 2831 capi
238 2791 349 2831 possit.
795 2794 867 2829 q'uae
878 2796 928 2821 cst
943 2789 1059 2829 glossa.

114 2847 428 2876 vol..111.P.1.
730 2845 754 2872 C
779 2847 803 2874 C
