1865 3223
473 99 546 137 AD
573 101 615 137 C.
636 98 944 138 MEMMIUM
970 98 1043 136 ET
1070 100 1250 139 ALIOS.
1490 103 1568 141 357

136 199 179 241 in
214 202 437 257 provincia
470 204 722 244 reddantur:
755 202 824 243 sed
862 203 922 243 ita
954 203 1213 253 conscribam,
1247 212 1294 244 ut
1329 213 1433 253 tum,
1466 219 1564 245 cum

133 272 203 298 cas
226 259 354 315 leges,
380 260 502 301 facile
535 259 743 301 recordari
779 263 914 314 possis
944 258 1072 314 hujus
1097 272 1203 299 meae
1226 261 1565 300 commendatio-

133 315 198 355 nis
234 315 516 372 diligentiam.
578 315 678 356 Hoc
716 324 756 356 te
792 315 1066 356 vehementer
1103 316 1232 356 etiam
1270 326 1396 371 utque
1432 318 1560 357 etiarn

131 386 251 427 'ogo'
638 429 1039 466 ARGUMENTUM.
1570 428 1623 464 44

142 491 306 527 Eundem
326 493 479 539 Oppium
497 493 610 527 eidem
636 492 743 528 Gallo
762 494 1000 534 commendat,
1019 504 1092 528 una
1110 504 1188 528 cum
1208 493 1361 540 Egnatii
1378 494 1543 538 negotiis.

567 558 800 600 CICERO
833 558 1040 600 GALLO
1073 559 1116 600 S.

123 613 269 666 ETSI
302 639 354 665 ex
391 625 489 676 tuis,
523 635 566 666 et
597 640 651 667 ex
690 626 739 667 L.
772 625 922 681 oppii,
957 624 1275 666 familiarissimi
1310 626 1408 676 mei,
1440 625 1555 667 litte-

117 680 173 721 ris
202 682 404 737 cognovi,
434 690 474 722 te
504 696 736 723 memorem
766 682 1151 723 commendationis
1182 696 1288 723 meae
1323 682 1467 734 fuisse,
1490 684 1554 725 id-

116 751 213 791 que,
237 752 313 794 pro
349 749 421 779 tua
455 753 622 780 summa
653 753 755 795 erga
787 753 854 779 me
889 739 1190 790 benivolentia,
1215 754 1376 795 proque
1405 750 1553 780 nostra

112 795 442 846 necessitudine,
464 795 642 836 minime
675 811 766 837 sum
801 796 1062 838 admiratus:
1097 806 1239 837 tamen
1269 796 1398 837 etiam
1421 806 1551 851 atque

110 851 240 891 etiam
278 852 356 893 tibi
394 852 442 893 L.
467 851 660 908 Oppium
695 863 964 908 praesentem,
994 862 1037 893 et
1072 852 1119 893 L.
1148 852 1336 907 Egnatii,
1364 853 1448 894 mei
1485 853 1549 894 fa-

107 907 400 958 miliarissimi,
421 910 608 950 absentis
631 909 807 965 negotia
826 909 1097 950 commendo.
1157 909 1296 951 Tanta
1319 910 1422 951 mihi
1447 925 1547 952 cum

107 978 159 1005 eo
183 966 452 1007 necessitudo
482 976 547 1006 est
570 965 935 1021 familiaritasque,
958 975 1019 1016 ut,
1043 967 1073 1006 si
1107 980 1202 1006 mea
1224 981 1287 1007 res
1310 976 1434 1017 esset,
1459 982 1546 1009 non

106 1022 243 1077 magis
276 1022 529 1063 laborarem.
592 1023 869 1079 Quapropter
906 1023 1198 1079 gratissimum
1238 1023 1343 1064 mihi
1378 1023 1545 1076 feceris,

105 1079 137 1118 si
163 1079 337 1130 curaris,
364 1089 409 1120 ut
431 1080 464 1120 is
493 1078 720 1135 intelligat,
741 1094 811 1121 me
839 1094 864 1120 a
894 1090 935 1120 te
967 1089 1132 1120 tantum
1163 1081 1311 1131 amari,
1333 1090 1544 1135 quantum

103 1135 195 1190 ipse
216 1136 436 1177 existimo.
498 1136 598 1177 Hoc
622 1136 727 1177 mihi
763 1136 926 1192 gratius
959 1136 1099 1177 facere
1131 1136 1239 1177 nihil
1272 1146 1408 1193 potes.
1471 1137 1544 1179 Id-

100 1205 184 1247 que
208 1202 252 1233 ut
276 1192 423 1244 facias,
447 1192 721 1234 vehementer
745 1202 785 1234 te
809 1207 929 1249 rogo.

610 1279 1015 1318 ARGUMENTUM.
1547 1271 1603 1308 45

131 1344 287 1391 Egnatii
305 1355 443 1380 servum
463 1348 498 1379 et
518 1344 664 1391 negotia
681 1344 851 1391 Apuleio,
869 1346 1113 1392 proquaestorz'
1131 1345 1241 1388 Asiae,
1261 1348 1499 1385 commendat.

162 1410 229 1452 M.
252 1410 302 1452 T.
327 1410 378 1452 C.
410 1409 726 1452 APPULEIO
759 1410 1222 1457 PROQUAESTORI
1255 1413 1299 1454 S.
1325 1414 1375 1455 P.
1403 1414 1459 1456 D.

91 1465 156 1519 L.
200 1477 480 1520 EGNATIO
522 1493 607 1519 uno
657 1478 802 1534 equite
847 1478 1047 1519 Romano
1093 1479 1160 1520 vel
1202 1480 1533 1524 familiarissime

89 1545 200 1577 utor.
262 1534 368 1590 Ejus
408 1534 669 1576 Anchialum
712 1550 895 1585 servum,
939 1535 1213 1591 negotiaque,
1256 1552 1353 1592 quae
1396 1539 1529 1581 habet

86 1593 131 1633 in
154 1592 274 1643 Asia,
296 1591 374 1632 tibi
408 1591 679 1643 commendo,
701 1607 788 1633 non
822 1592 987 1633 minore
1021 1593 1178 1644 studio,
1206 1608 1333 1649 quam
1369 1596 1403 1636 si
1438 1610 1528 1638 rem

85 1663 226 1691 meam
267 1649 628 1690 commendarem.
700 1649 772 1690 Sic
813 1649 928 1690 enim
968 1649 1190 1690 existimes
1234 1651 1375 1702 velim,
1418 1653 1526 1694 mihi

84 1721 183 1747 cum
222 1720 272 1746 eo
310 1719 396 1746 non
429 1705 559 1746 modo
592 1706 887 1760 quotidianam
923 1706 1279 1748 consuetudinem
1314 1723 1526 1751 summam

82 1762 360 1813 intercedere,
390 1761 463 1802 sed
495 1761 624 1803 etiam
659 1764 699 1795 78
713 1762 856 1804 officia
888 1776 1046 1818 magna
1077 1772 1121 1804 et
1154 1773 1305 1805 mutua
1338 1767 1523 1821 [nostra]

79 1819 192 1861 inter
223 1834 300 1860 nos
333 1832 438 1859 esse.
501 1818 797 1864 Quamobrem
831 1818 963 1861 etiam*
994 1828 1123 1873 atque
1145 1820 1274 1862 etiam
1298 1836 1323 1862 a
1342 1832 1384 1863 te
1406 1834 1522 1878 pet0,

78 1886 128 1917 ut
160 1890 296 1926 cures,
317 1885 365 1916 ut
398 1875 625 1931 intelligat,
647 1890 716 1917 me
737 1875 789 1917 ad
818 1885 860 1916 te
887 1876 988 1916 satis
1023 1875 1254 1932 diligenter
1286 1879 1522 1935 scripsisse.

76 1947 174 1974 nam
198 1933 250 1973 de
272 1943 347 1973 tua
368 1946 470 1988 erga
493 1947 561 1973 me
585 1932 805 1974 voluntate
828 1947 913 1973 non
935 1933 1178 1975 dubitabat.
1225 1933 1274 1975 Id
1298 1944 1346 1976 ut
1370 1936 1518 1989 faciam,

77 2000 120 2031 te
140 1989 271 2031 etiam
290 1999 419 2044 atque
441 1988 571 2030 etiam
594 2003 716 2046 rogo.

72 2065 74 2068 ’
587 2078 986 2116 ARGUMENTUM.
1524 2077 1583 2121 46

468 2142 638 2178 Nostiam
654 2142 859 2178 coheredem
878 2142 1115 2178 commendat.

143 2210 211 2252 M.
231 2209 283 2252 T.
307 2209 360 2251 C.
391 2207 706 2250 APPULEIO
739 2208 1202 2256 PROQUAESTORI
1236 2210 1279 2252 S.
1305 2211 1356 2253 P.
1381 2212 1438 2254 D.

69 2267 136 2321 L.
161 2276 422 2320 NOSTIUS
459 2275 605 2317 Zoilus
642 2286 707 2317 est
742 2276 918 2317 coheres
945 2291 1088 2318 meus:
1123 2277 1242 2319 heres
1264 2289 1407 2321 autem
1432 2296 1505 2336 pa-

65 2336 178 2378 troni
200 2335 281 2376 sui.
314 2348 362 2375 ea
393 2347 437 2374 re
468 2343 697 2388 utrumque
733 2333 898 2388 scripsi,
921 2341 969 2374 ut
990 2343 1033 2374 et
1053 2333 1159 2375 mihi
1183 2350 1280 2376 cum
1307 2336 1378 2378 illo
1401 2353 1502 2379 cau-

64 2407 153 2434 sam
176 2391 380 2433 amicitiae
403 2389 530 2431 scires
552 2404 656 2441 esse,
679 2398 722 2431 et
754 2390 972 2431 hominem
1007 2391 1191 2446 probum
1213 2393 1543 2447 existimareS,p.
1558 2408 1634 2441 222.

63 2450 137 2504 qui
159 2448 328 2505 patroni
343 2446 513 2502 judicio
534 2456 709 2488 ornatus
730 2455 855 2488 esset.
904 2446 1015 2489 Eum
1039 2448 1117 2489 tibi
1141 2449 1275 2505 igitur
1296 2451 1356 2491 sic
1378 2466 1496 2493 com-
1508 2458 1538 2480 a.

62 2506 232 2557 mendo,
256 2514 303 2546 ut
323 2518 458 2545 unum
478 2518 533 2544 ex
556 2513 702 2545 nostra
722 2505 866 2546 domo.
925 2504 1058 2545 Valde
1079 2505 1184 2546 mihi
1208 2517 1377 2562 gratum
1400 2510 1495 2560 erit,

60 2563 95 2603 si
118 2562 290 2613 curaris,
314 2569 362 2602 ut
383 2560 610 2616 intelligat,
631 2560 744 2603 hanc
769 2561 1186 2603 commendationem
1211 2563 1292 2604 sibi
1317 2566 1430 2619 apud
1454 2575 1496 2607 te

61 2633 220 2676 magno
241 2618 491 2673 adjumento
514 2617 662 2659 fuisse.

1568 551 1597 580 Ι).

99 2734 140 2765 78
159 2730 215 2772 off.
231 2741 276 2762 m.
289 2735 320 2761 ee
334 2735 450 2762 mutua
464 2735 575 2761 nostra
590 2732 678 2761 incer
693 2740 748 2761 nos
794 2730 923 2767 Cicero,
945 2741 1022 2762 cum
1047 2741 1086 2763 ea
1110 2740 1195 2771 saepe
1218 2741 1294 2762 usus
1317 2733 1360 2763 sit
1383 2735 1416 2764 in
1440 2735 1489 2766 his

56 2774 134 2813 esse]
161 2778 273 2804 nostra
286 2772 460 2804 delendum
483 2778 576 2814 puto,
593 2773 673 2804 adeo
689 2773 746 2802 fri-
794 2773 954 2813 epistolis.

56 2820 125 2856 get,
141 2825 200 2848 nec
213 2816 340 2857 uspiam
356 2815 390 2846 in
413 2815 602 2846 hacfforma
624 2814 747 2846 addidit

716 2869 743 2896 A
767 2869 791 2895 a
810 2861 836 2897 3
