<?xml version="1.0" encoding="UTF-8"?>
<!DOCTYPE html PUBLIC "-//W3C//DTD XHTML 1.0 Transitional//EN"
    "http://www.w3.org/TR/xhtml1/DTD/xhtml1-transitional.dtd">
<html xmlns="http://www.w3.org/1999/xhtml" xml:lang="en" lang="en">
 <head>
  <title>
</title>
<meta http-equiv="Content-Type" content="text/html;charset=utf-8" />
  <meta name='ocr-system' content='tesseract 3.04.00' />
  <meta name='ocr-capabilities' content='ocr_page ocr_carea ocr_par ocr_line ocrx_word'/>
</head>
<body>
  <div class='ocr_page' id='page_1' title='image "./p1operaomnia03ciceuoft_0155.png"; bbox 0 0 1860 3228; ppageno 0'>
   <div class='ocr_carea' id='block_1_1' title="bbox 403 81 1573 126">
    <p class='ocr_par' dir='ltr' id='par_1_1' title="bbox 403 81 1573 126">
     <span class='ocr_line' id='line_1_1' title="bbox 403 81 1573 126; baseline 0.002 -2"><span class='ocrx_word' id='word_1_1' title='bbox 403 86 486 124; x_wconf 94' lang='lat' dir='ltr'><strong>AD</strong></span> <span class='ocrx_word' id='word_1_2' title='bbox 511 81 894 124; x_wconf 87' lang='lat' dir='ltr'><strong>TORQUATUM</strong></span> <span class='ocrx_word' id='word_1_3' title='bbox 919 82 995 120; x_wconf 90' lang='lat' dir='ltr'><strong>ET</strong></span> <span class='ocrx_word' id='word_1_4' title='bbox 1021 82 1303 122; x_wconf 85' lang='lat' dir='ltr'>CETEROS.</span> <span class='ocrx_word' id='word_1_5' title='bbox 1501 91 1573 126; x_wconf 89' lang='lat'><strong>145</strong></span> 
     </span>
    </p>
   </div>
   <div class='ocr_carea' id='block_1_2' title="bbox 111 185 1672 1554">
    <p class='ocr_par' dir='ltr' id='par_1_2' title="bbox 111 185 1672 1554">
     <span class='ocr_line' id='line_1_2' title="bbox 132 185 1573 243; baseline -0.002 -10"><span class='ocrx_word' id='word_1_6' title='bbox 132 188 423 233; x_wconf 83' lang='lat' dir='ltr'><strong>benivolentia</strong></span> <span class='ocrx_word' id='word_1_7' title='bbox 464 202 554 229; x_wconf 90' lang='lat' dir='ltr'><strong>sum</strong></span> <span class='ocrx_word' id='word_1_8' title='bbox 599 185 866 242; x_wconf 81' lang='lat' dir='ltr'><strong>complexus,</strong></span> <span class='ocrx_word' id='word_1_9' title='bbox 907 185 1134 242; x_wconf 84' lang='lat' dir='ltr'><strong>singularis</strong></span> <span class='ocrx_word' id='word_1_10' title='bbox 1173 187 1325 242; x_wconf 87' lang='lat' dir='ltr'><strong>pietas,</strong></span> <span class='ocrx_word' id='word_1_11' title='bbox 1368 202 1573 243; x_wconf 86' lang='lat' dir='ltr'><strong>amorque</strong></span> 
     </span>
     <span class='ocr_line' id='line_1_3' title="bbox 131 242 1570 299; baseline -0.003 -8"><span class='ocrx_word' id='word_1_12' title='bbox 131 248 356 298; x_wconf 79' lang='lat' dir='ltr'><strong>fraternus,</strong></span> <span class='ocrx_word' id='word_1_13' title='bbox 379 244 543 286; x_wconf 85' lang='lat' dir='ltr'><strong>nullum</strong></span> <span class='ocrx_word' id='word_1_14' title='bbox 567 256 634 284; x_wconf 89' lang='lat' dir='ltr'><strong>me</strong></span> <span class='ocrx_word' id='word_1_15' title='bbox 660 243 821 298; x_wconf 82' lang='lat' dir='ltr'><strong>patitur</strong></span> <span class='ocrx_word' id='word_1_16' title='bbox 839 242 971 284; x_wconf 83' lang='lat' dir='ltr'><strong>officii</strong></span> <span class='ocrx_word' id='word_1_17' title='bbox 991 257 1094 299; x_wconf 87' lang='lat' dir='ltr'><strong>erga</strong></span> <span class='ocrx_word' id='word_1_18' title='bbox 1115 252 1157 284; x_wconf 87' lang='lat' dir='ltr'><strong>te</strong></span> <span class='ocrx_word' id='word_1_19' title='bbox 1177 243 1393 298; x_wconf 86' lang='lat' dir='ltr'><strong>studiique</strong></span> <span class='ocrx_word' id='word_1_20' title='bbox 1415 258 1570 287; x_wconf 86' lang='lat' dir='ltr'><strong>munus</strong></span> 
     </span>
     <span class='ocr_line' id='line_1_4' title="bbox 129 299 1569 360; baseline -0.003 -13"><span class='ocrx_word' id='word_1_21' title='bbox 129 315 205 347; x_wconf 86' lang='lat' dir='ltr'><strong>aut</strong></span> <span class='ocrx_word' id='word_1_22' title='bbox 242 314 409 360; x_wconf 88' lang='lat' dir='ltr'><strong>tempus</strong></span> <span class='ocrx_word' id='word_1_23' title='bbox 447 300 791 356; x_wconf 74' lang='lat' dir='ltr'><strong>praetermittere.</strong></span> <span class='ocrx_word' id='word_1_24' title='bbox 853 299 936 341; x_wconf 91' lang='lat' dir='ltr'><strong>Sed</strong></span> <span class='ocrx_word' id='word_1_25' title='bbox 969 314 1066 355; x_wconf 85' lang='lat' dir='ltr'><strong>quae</strong></span> <span class='ocrx_word' id='word_1_26' title='bbox 1101 300 1272 352; x_wconf 80' lang='lat' dir='ltr'><strong>faciam,</strong></span> <span class='ocrx_word' id='word_1_27' title='bbox 1309 300 1569 356; x_wconf 82' lang='lat' dir='ltr'><strong>fecerimque</strong></span> 
     </span>
     <span class='ocr_line' id='line_1_5' title="bbox 129 357 1568 418; baseline -0.003 -15"><span class='ocrx_word' id='word_1_28' title='bbox 129 377 208 418; x_wconf 91' lang='lat' dir='ltr'><strong>pro</strong></span> <span class='ocrx_word' id='word_1_29' title='bbox 241 370 297 413; x_wconf 84' lang='lat' dir='ltr'><strong>te,</strong></span> <span class='ocrx_word' id='word_1_30' title='bbox 331 375 384 401; x_wconf 84' lang='lat' dir='ltr'><strong>ex</strong></span> <span class='ocrx_word' id='word_1_31' title='bbox 414 358 583 398; x_wconf 91' lang='lat' dir='ltr'><strong>illorum</strong></span> <span class='ocrx_word' id='word_1_32' title='bbox 612 366 653 397; x_wconf 90' lang='lat' dir='ltr'><strong>te</strong></span> <span class='ocrx_word' id='word_1_33' title='bbox 681 357 848 408; x_wconf 83' lang='lat' dir='ltr'><strong>litteriS‚</strong></span> <span class='ocrx_word' id='word_1_34' title='bbox 877 371 1004 412; x_wconf 87' lang='lat' dir='ltr'><strong>quam</strong></span> <span class='ocrx_word' id='word_1_35' title='bbox 1037 371 1091 398; x_wconf 82' lang='lat' dir='ltr'><strong>ex</strong></span> <span class='ocrx_word' id='word_1_36' title='bbox 1115 357 1236 409; x_wconf 88' lang='lat' dir='ltr'><strong>meis,</strong></span> <span class='ocrx_word' id='word_1_37' title='bbox 1266 357 1379 398; x_wconf 88' lang='lat' dir='ltr'><strong>malo</strong></span> <span class='ocrx_word' id='word_1_38' title='bbox 1404 372 1568 413; x_wconf 89' lang='lat' dir='ltr'><strong>cogno-</strong></span> 
     </span>
     <span class='ocr_line' id='line_1_6' title="bbox 129 414 1567 470; baseline -0.003 -10"><span class='ocrx_word' id='word_1_39' title='bbox 129 433 260 460; x_wconf 86' lang='lat' dir='ltr'><strong>scere.</strong></span> <span class='ocrx_word' id='word_1_40' title='bbox 321 415 437 463; x_wconf 81' lang='lat' dir='ltr'><strong>Quid</strong></span> <span class='ocrx_word' id='word_1_41' title='bbox 470 423 612 455; x_wconf 83' lang='lat' dir='ltr'><strong>autem</strong></span> <span class='ocrx_word' id='word_1_42' title='bbox 647 428 827 469; x_wconf 83' lang='lat' dir='ltr'><strong>sperem,</strong></span> <span class='ocrx_word' id='word_1_43' title='bbox 859 423 934 454; x_wconf 85' lang='lat' dir='ltr'><strong>aut</strong></span> <span class='ocrx_word' id='word_1_44' title='bbox 963 414 1196 465; x_wconf 87' lang='lat' dir='ltr'><strong>confidam,</strong></span> <span class='ocrx_word' id='word_1_45' title='bbox 1229 422 1272 455; x_wconf 89' lang='lat' dir='ltr'><strong>et</strong></span> <span class='ocrx_word' id='word_1_46' title='bbox 1292 414 1567 470; x_wconf 85' lang='lat' dir='ltr'><strong>exploratum</strong></span> 
     </span>
     <span class='ocr_line' id='line_1_7' title="bbox 127 470 1565 521; baseline -0.003 -3"><span class='ocrx_word' id='word_1_47' title='bbox 127 477 309 517; x_wconf 87' lang='lat' dir='ltr'><strong>habeam</strong></span> <span class='ocrx_word' id='word_1_48' title='bbox 339 473 391 513; x_wconf 92' lang='lat' dir='ltr'><strong>de</strong></span> <span class='ocrx_word' id='word_1_49' title='bbox 422 470 556 511; x_wconf 83' lang='lat' dir='ltr'><strong>salute</strong></span> <span class='ocrx_word' id='word_1_50' title='bbox 588 479 676 521; x_wconf 84' lang='lat' dir='ltr'><strong>tua,</strong></span> <span class='ocrx_word' id='word_1_51' title='bbox 709 471 751 512; x_wconf 87' lang='lat' dir='ltr'><strong>id</strong></span> <span class='ocrx_word' id='word_1_52' title='bbox 783 471 862 512; x_wconf 86' lang='lat' dir='ltr'><strong>tibi</strong></span> <span class='ocrx_word' id='word_1_53' title='bbox 896 486 921 512; x_wconf 85' lang='lat' dir='ltr'><strong>a</strong></span> <span class='ocrx_word' id='word_1_54' title='bbox 950 486 1019 513; x_wconf 87' lang='lat' dir='ltr'><strong>me</strong></span> <span class='ocrx_word' id='word_1_55' title='bbox 1048 471 1252 513; x_wconf 88' lang='lat' dir='ltr'><strong>declarari</strong></span> <span class='ocrx_word' id='word_1_56' title='bbox 1277 471 1388 512; x_wconf 92' lang='lat' dir='ltr'><strong>volo.</strong></span> <span class='ocrx_word' id='word_1_57' title='bbox 1450 470 1565 513; x_wconf 87' lang='lat' dir='ltr'><strong>Nam</strong></span> 
     </span>
     <span class='ocr_line' id='line_1_8' title="bbox 124 528 1566 586; baseline -0.003 -13"><span class='ocrx_word' id='word_1_58' title='bbox 124 535 166 566; x_wconf 83' lang='lat'><strong>75</strong></span> <span class='ocrx_word' id='word_1_59' title='bbox 180 534 212 573; x_wconf 92' lang='lat' dir='ltr'><strong>si</strong></span> <span class='ocrx_word' id='word_1_60' title='bbox 236 531 330 586; x_wconf 92' lang='lat' dir='ltr'><strong>quis</strong></span> <span class='ocrx_word' id='word_1_61' title='bbox 352 537 416 570; x_wconf 89' lang='lat' dir='ltr'><strong>est</strong></span> <span class='ocrx_word' id='word_1_62' title='bbox 438 528 614 568; x_wconf 82' lang='lat' dir='ltr'><strong>timidus</strong></span> <span class='ocrx_word' id='word_1_63' title='bbox 644 528 688 568; x_wconf 89' lang='lat' dir='ltr'><strong>in</strong></span> <span class='ocrx_word' id='word_1_64' title='bbox 716 528 884 584; x_wconf 86' lang='lat' dir='ltr'><strong>magnis</strong></span> <span class='ocrx_word' id='word_1_65' title='bbox 916 528 1252 584; x_wconf 84' lang='lat' dir='ltr'><strong>periculosisque</strong></span> <span class='ocrx_word' id='word_1_66' title='bbox 1282 529 1424 579; x_wconf 87' lang='lat' dir='ltr'><strong>rebus,</strong></span> <span class='ocrx_word' id='word_1_67' title='bbox 1455 542 1566 569; x_wconf 88' lang='lat' dir='ltr'><strong>sem-</strong></span> 
     </span>
     <span class='ocr_line' id='line_1_9' title="bbox 124 585 1563 644; baseline -0.002 -15"><span class='ocrx_word' id='word_1_68' title='bbox 124 602 283 644; x_wconf 87' lang='lat' dir='ltr'><strong>perque</strong></span> <span class='ocrx_word' id='word_1_69' title='bbox 305 586 441 641; x_wconf 83' lang='lat' dir='ltr'><strong>magis</strong></span> <span class='ocrx_word' id='word_1_70' title='bbox 464 585 663 626; x_wconf 87' lang='lat' dir='ltr'><strong>adversos</strong></span> <span class='ocrx_word' id='word_1_71' title='bbox 680 599 818 626; x_wconf 89' lang='lat' dir='ltr'><strong>rerum</strong></span> <span class='ocrx_word' id='word_1_72' title='bbox 843 585 986 626; x_wconf 87' lang='lat' dir='ltr'><strong>exitus</strong></span> <span class='ocrx_word' id='word_1_73' title='bbox 1008 596 1218 637; x_wconf 88' lang='lat' dir='ltr'><strong>metuens,</strong></span> <span class='ocrx_word' id='word_1_74' title='bbox 1240 600 1367 641; x_wconf 86' lang='lat' dir='ltr'><strong>quam</strong></span> <span class='ocrx_word' id='word_1_75' title='bbox 1389 599 1563 641; x_wconf 89' lang='lat' dir='ltr'><strong>sperans</strong></span> 
     </span>
     <span class='ocr_line' id='line_1_10' title="bbox 125 641 1562 698; baseline -0.001 -12"><span class='ocrx_word' id='word_1_76' title='bbox 125 645 347 693; x_wconf 87' lang='lat' dir='ltr'><strong>secundos,</strong></span> <span class='ocrx_word' id='word_1_77' title='bbox 370 644 404 684; x_wconf 89' lang='lat' dir='ltr'><strong>is</strong></span> <span class='ocrx_word' id='word_1_78' title='bbox 427 656 508 698; x_wconf 84' lang='lat' dir='ltr'><strong>ego</strong></span> <span class='ocrx_word' id='word_1_79' title='bbox 533 657 651 684; x_wconf 89' lang='lat' dir='ltr'><strong>sum:</strong></span> <span class='ocrx_word' id='word_1_80' title='bbox 684 651 742 692; x_wconf 90' lang='lat' dir='ltr'><strong>et,</strong></span> <span class='ocrx_word' id='word_1_81' title='bbox 772 642 806 682; x_wconf 91' lang='lat' dir='ltr'><strong>si</strong></span> <span class='ocrx_word' id='word_1_82' title='bbox 828 641 911 683; x_wconf 89' lang='lat' dir='ltr'><strong>hoc</strong></span> <span class='ocrx_word' id='word_1_83' title='bbox 933 642 1087 684; x_wconf 87' lang='lat' dir='ltr'><strong>vitium</strong></span> <span class='ocrx_word' id='word_1_84' title='bbox 1109 653 1188 695; x_wconf 84' lang='lat' dir='ltr'><strong>est,</strong></span> <span class='ocrx_word' id='word_1_85' title='bbox 1218 657 1269 683; x_wconf 85' lang='lat' dir='ltr'><strong>eo</strong></span> <span class='ocrx_word' id='word_1_86' title='bbox 1292 657 1360 683; x_wconf 91' lang='lat' dir='ltr'><strong>me</strong></span> <span class='ocrx_word' id='word_1_87' title='bbox 1383 657 1468 684; x_wconf 91' lang='lat' dir='ltr'><strong>non</strong></span> <span class='ocrx_word' id='word_1_88' title='bbox 1491 658 1562 684; x_wconf 85' lang='lat' dir='ltr'><strong>ca-</strong></span> 
     </span>
     <span class='ocr_line' id='line_1_11' title="bbox 121 698 1672 756; baseline -0.002 -13"><span class='ocrx_word' id='word_1_89' title='bbox 121 716 226 752; x_wconf 82' lang='lat' dir='ltr'><strong>rere,</strong></span> <span class='ocrx_word' id='word_1_90' title='bbox 248 701 473 742; x_wconf 84' lang='lat' dir='ltr'><strong>confiteor.</strong></span> <span class='ocrx_word' id='word_1_91' title='bbox 536 698 630 756; x_wconf 85' lang='lat' dir='ltr'><strong>Ego</strong></span> <span class='ocrx_word' id='word_1_92' title='bbox 650 699 762 740; x_wconf 90' lang='lat' dir='ltr'><strong>idem</strong></span> <span class='ocrx_word' id='word_1_93' title='bbox 782 708 926 740; x_wconf 84' lang='lat' dir='ltr'><strong>tamen</strong></span> <span class='ocrx_word' id='word_1_94' title='bbox 943 714 1039 740; x_wconf 90' lang='lat' dir='ltr'><strong>cum</strong></span> <span class='ocrx_word' id='word_1_95' title='bbox 1064 715 1102 741; x_wconf 86' lang='lat' dir='ltr'><strong>a.</strong></span> <span class='ocrx_word' id='word_1_96' title='bbox 1125 700 1167 741; x_wconf 86' lang='lat' dir='ltr'><strong>d.</strong></span> <span class='ocrx_word' id='word_1_97' title='bbox 1191 715 1231 740; x_wconf 91' lang='lat' dir='ltr'><strong>v.</strong></span> <span class='ocrx_word' id='word_1_98' title='bbox 1256 699 1354 741; x_wconf 85' lang='lat' dir='ltr'><strong>Kal.</strong></span> <span class='ocrx_word' id='word_1_99' title='bbox 1377 700 1672 755; x_wconf 75' lang='lat' dir='ltr'><strong>interca-p‚91‚</strong></span> 
     </span>
     <span class='ocr_line' id='line_1_12' title="bbox 118 755 1602 814; baseline -0.001 -15"><span class='ocrx_word' id='word_1_100' title='bbox 118 758 224 800; x_wconf 86' lang='lat' dir='ltr'><strong>lares</strong></span> <span class='ocrx_word' id='word_1_101' title='bbox 257 757 434 814; x_wconf 83' lang='lat' dir='ltr'><strong>priores,</strong></span> <span class='ocrx_word' id='word_1_102' title='bbox 466 767 621 812; x_wconf 85' lang='lat' dir='ltr'><strong>rogatu</strong></span> <span class='ocrx_word' id='word_1_103' title='bbox 657 755 837 797; x_wconf 85' lang='lat' dir='ltr'><strong>fratrum</strong></span> <span class='ocrx_word' id='word_1_104' title='bbox 877 764 1065 808; x_wconf 86' lang='lat' dir='ltr'><strong>tuorum,</strong></span> <span class='ocrx_word' id='word_1_105' title='bbox 1098 757 1310 798; x_wconf 85' lang='lat' dir='ltr'><strong>venissem</strong></span> <span class='ocrx_word' id='word_1_106' title='bbox 1346 771 1470 797; x_wconf 86' lang='lat' dir='ltr'><strong>mane</strong></span> <span class='ocrx_word' id='word_1_107' title='bbox 1507 757 1558 798; x_wconf 86' lang='lat' dir='ltr'><strong>ad</strong></span> <span class='ocrx_word' id='word_1_108' title='bbox 1572 768 1602 790; x_wconf 88' lang='lat' dir='ltr'><strong>a.</strong></span> 
     </span>
     <span class='ocr_line' id='line_1_13' title="bbox 120 813 1561 869; baseline -0.001 -13"><span class='ocrx_word' id='word_1_109' title='bbox 120 814 352 866; x_wconf 84' lang='lat' dir='ltr'><strong>Caesarem,</strong></span> <span class='ocrx_word' id='word_1_110' title='bbox 375 823 503 869; x_wconf 88' lang='lat' dir='ltr'><strong>atque</strong></span> <span class='ocrx_word' id='word_1_111' title='bbox 525 827 696 855; x_wconf 89' lang='lat' dir='ltr'><strong>ornnem</strong></span> <span class='ocrx_word' id='word_1_112' title='bbox 719 813 902 854; x_wconf 89' lang='lat' dir='ltr'><strong>adeundi</strong></span> <span class='ocrx_word' id='word_1_113' title='bbox 927 823 970 854; x_wconf 88' lang='lat' dir='ltr'><strong>et</strong></span> <span class='ocrx_word' id='word_1_114' title='bbox 991 814 1277 855; x_wconf 89' lang='lat' dir='ltr'><strong>conveniendi</strong></span> <span class='ocrx_word' id='word_1_115' title='bbox 1307 813 1418 856; x_wconf 86' lang='lat' dir='ltr'><strong>illius</strong></span> <span class='ocrx_word' id='word_1_116' title='bbox 1449 814 1561 855; x_wconf 89' lang='lat' dir='ltr'><strong>indi-</strong></span> 
     </span>
     <span class='ocr_line' id='line_1_14' title="bbox 119 870 1561 929; baseline -0.001 -15"><span class='ocrx_word' id='word_1_117' title='bbox 119 873 331 929; x_wconf 87' lang='lat' dir='ltr'><strong>gnitatem</strong></span> <span class='ocrx_word' id='word_1_118' title='bbox 353 880 397 912; x_wconf 91' lang='lat' dir='ltr'><strong>et</strong></span> <span class='ocrx_word' id='word_1_119' title='bbox 418 870 658 912; x_wconf 89' lang='lat' dir='ltr'><strong>molestiam</strong></span> <span class='ocrx_word' id='word_1_120' title='bbox 673 871 972 927; x_wconf 85' lang='lat' dir='ltr'><strong>pertulissem:</strong></span> <span class='ocrx_word' id='word_1_121' title='bbox 1006 886 1104 912; x_wconf 84' lang='lat' dir='ltr'><strong>cum</strong></span> <span class='ocrx_word' id='word_1_122' title='bbox 1133 871 1284 912; x_wconf 87' lang='lat' dir='ltr'><strong>fratres</strong></span> <span class='ocrx_word' id='word_1_123' title='bbox 1310 880 1353 912; x_wconf 90' lang='lat' dir='ltr'><strong>et</strong></span> <span class='ocrx_word' id='word_1_124' title='bbox 1385 871 1561 927; x_wconf 88' lang='lat' dir='ltr'><strong>propin-</strong></span> 
     </span>
     <span class='ocr_line' id='line_1_15' title="bbox 117 928 1561 986; baseline -0.001 -16"><span class='ocrx_word' id='word_1_125' title='bbox 117 930 191 986; x_wconf 93' lang='lat' dir='ltr'><strong>qui</strong></span> <span class='ocrx_word' id='word_1_126' title='bbox 216 929 277 970; x_wconf 92' lang='lat' dir='ltr'><strong>tui</strong></span> <span class='ocrx_word' id='word_1_127' title='bbox 294 929 497 984; x_wconf 79' lang='lat' dir='ltr'><strong>jacerent·</strong></span> <span class='ocrx_word' id='word_1_128' title='bbox 512 928 564 969; x_wconf 84' lang='lat' dir='ltr'><strong>ad</strong></span> <span class='ocrx_word' id='word_1_129' title='bbox 588 928 731 984; x_wconf 84' lang='lat' dir='ltr'><strong>pedeS,</strong></span> <span class='ocrx_word' id='word_1_130' title='bbox 755 937 798 969; x_wconf 90' lang='lat' dir='ltr'><strong>et</strong></span> <span class='ocrx_word' id='word_1_131' title='bbox 820 942 901 984; x_wconf 88' lang='lat' dir='ltr'><strong>ego</strong></span> <span class='ocrx_word' id='word_1_132' title='bbox 924 942 1061 970; x_wconf 87' lang='lat' dir='ltr'><strong>essem</strong></span> <span class='ocrx_word' id='word_1_133' title='bbox 1084 928 1267 980; x_wconf 86' lang='lat' dir='ltr'><strong>locutus,</strong></span> <span class='ocrx_word' id='word_1_134' title='bbox 1290 943 1386 984; x_wconf 86' lang='lat' dir='ltr'><strong>quae</strong></span> <span class='ocrx_word' id='word_1_135' title='bbox 1417 943 1561 980; x_wconf 90' lang='lat' dir='ltr'><strong>causa,</strong></span> 
     </span>
     <span class='ocr_line' id='line_1_16' title="bbox 119 985 1560 1042; baseline -0.002 -13"><span class='ocrx_word' id='word_1_136' title='bbox 119 1002 217 1042; x_wconf 85' lang='lat' dir='ltr'><strong>quae</strong></span> <span class='ocrx_word' id='word_1_137' title='bbox 239 996 360 1028; x_wconf 89' lang='lat' dir='ltr'><strong>tuum</strong></span> <span class='ocrx_word' id='word_1_138' title='bbox 385 994 554 1041; x_wconf 90' lang='lat' dir='ltr'><strong>tempus</strong></span> <span class='ocrx_word' id='word_1_139' title='bbox 577 985 848 1040; x_wconf 84' lang='lat' dir='ltr'><strong>postulabat:</strong></span> <span class='ocrx_word' id='word_1_140' title='bbox 882 1000 968 1027; x_wconf 91' lang='lat' dir='ltr'><strong>non</strong></span> <span class='ocrx_word' id='word_1_141' title='bbox 998 985 1136 1027; x_wconf 89' lang='lat' dir='ltr'><strong>solum</strong></span> <span class='ocrx_word' id='word_1_142' title='bbox 1164 1001 1218 1027; x_wconf 79' lang='lat' dir='ltr'><strong>ex</strong></span> <span class='ocrx_word' id='word_1_143' title='bbox 1243 986 1438 1026; x_wconf 86' lang='lat' dir='ltr'><strong>oratione</strong></span> <span class='ocrx_word' id='word_1_144' title='bbox 1462 985 1560 1027; x_wconf 85' lang='lat' dir='ltr'><strong>Cae-</strong></span> 
     </span>
     <span class='ocr_line' id='line_1_17' title="bbox 118 1042 1559 1098; baseline -0.001 -14"><span class='ocrx_word' id='word_1_145' title='bbox 118 1044 236 1095; x_wconf 84' lang='lat' dir='ltr'><strong>saris,</strong></span> <span class='ocrx_word' id='word_1_146' title='bbox 266 1058 364 1098; x_wconf 85' lang='lat' dir='ltr'><strong>quae</strong></span> <span class='ocrx_word' id='word_1_147' title='bbox 388 1056 489 1084; x_wconf 84' lang='lat' dir='ltr'><strong>sane</strong></span> <span class='ocrx_word' id='word_1_148' title='bbox 512 1042 651 1083; x_wconf 89' lang='lat' dir='ltr'><strong>mollis</strong></span> <span class='ocrx_word' id='word_1_149' title='bbox 681 1052 724 1082; x_wconf 91' lang='lat' dir='ltr'><strong>et</strong></span> <span class='ocrx_word' id='word_1_150' title='bbox 751 1042 939 1083; x_wconf 83' lang='lat' dir='ltr'><strong>liberalis</strong></span> <span class='ocrx_word' id='word_1_151' title='bbox 965 1042 1063 1094; x_wconf 90' lang='lat' dir='ltr'><strong>fuit,</strong></span> <span class='ocrx_word' id='word_1_152' title='bbox 1091 1043 1163 1084; x_wconf 90' lang='lat' dir='ltr'><strong>sed</strong></span> <span class='ocrx_word' id='word_1_153' title='bbox 1193 1043 1324 1084; x_wconf 85' lang='lat' dir='ltr'><strong>etiam</strong></span> <span class='ocrx_word' id='word_1_154' title='bbox 1345 1058 1400 1084; x_wconf 82' lang='lat' dir='ltr'><strong>ex</strong></span> <span class='ocrx_word' id='word_1_155' title='bbox 1423 1043 1559 1084; x_wconf 89' lang='lat' dir='ltr'><strong>oculis</strong></span> 
     </span>
     <span class='ocr_line' id='line_1_18' title="bbox 116 1098 1559 1156; baseline -0.001 -14"><span class='ocrx_word' id='word_1_156' title='bbox 116 1109 161 1142; x_wconf 88' lang='lat' dir='ltr'><strong>et</strong></span> <span class='ocrx_word' id='word_1_157' title='bbox 183 1100 318 1152; x_wconf 88' lang='lat' dir='ltr'><strong>vultu,</strong></span> <span class='ocrx_word' id='word_1_158' title='bbox 348 1114 403 1141; x_wconf 85' lang='lat' dir='ltr'><strong>ex</strong></span> <span class='ocrx_word' id='word_1_159' title='bbox 425 1098 570 1140; x_wconf 90' lang='lat' dir='ltr'><strong>multis</strong></span> <span class='ocrx_word' id='word_1_160' title='bbox 594 1107 802 1155; x_wconf 87' lang='lat' dir='ltr'><strong>praeterea</strong></span> <span class='ocrx_word' id='word_1_161' title='bbox 823 1100 973 1155; x_wconf 79' lang='lat' dir='ltr'><strong>signiS,</strong></span> <span class='ocrx_word' id='word_1_162' title='bbox 1004 1114 1100 1155; x_wconf 87' lang='lat' dir='ltr'><strong>quae</strong></span> <span class='ocrx_word' id='word_1_163' title='bbox 1128 1099 1294 1141; x_wconf 85' lang='lat' dir='ltr'><strong>facilius</strong></span> <span class='ocrx_word' id='word_1_164' title='bbox 1319 1100 1559 1156; x_wconf 88' lang='lat' dir='ltr'><strong>perspicere</strong></span> 
     </span>
     <span class='ocr_line' id='line_1_19' title="bbox 115 1156 1557 1214; baseline -0.001 -15"><span class='ocrx_word' id='word_1_165' title='bbox 115 1157 255 1214; x_wconf 87' lang='lat' dir='ltr'><strong>potui,</strong></span> <span class='ocrx_word' id='word_1_166' title='bbox 285 1172 413 1213; x_wconf 85' lang='lat' dir='ltr'><strong>quam</strong></span> <span class='ocrx_word' id='word_1_167' title='bbox 445 1156 644 1207; x_wconf 85' lang='lat' dir='ltr'><strong>scribere,</strong></span> <span class='ocrx_word' id='word_1_168' title='bbox 674 1156 785 1198; x_wconf 86' lang='lat' dir='ltr'><strong>hane</strong></span> <span class='ocrx_word' id='word_1_169' title='bbox 807 1157 852 1197; x_wconf 90' lang='lat' dir='ltr'><strong>in</strong></span> <span class='ocrx_word' id='word_1_170' title='bbox 874 1156 1126 1212; x_wconf 88' lang='lat' dir='ltr'><strong>opinionem</strong></span> <span class='ocrx_word' id='word_1_171' title='bbox 1148 1157 1338 1208; x_wconf 85' lang='lat' dir='ltr'><strong>discessi,</strong></span> <span class='ocrx_word' id='word_1_172' title='bbox 1372 1166 1420 1198; x_wconf 92' lang='lat' dir='ltr'><strong>ut</strong></span> <span class='ocrx_word' id='word_1_173' title='bbox 1449 1156 1557 1198; x_wconf 86' lang='lat' dir='ltr'><strong>mihi</strong></span> 
     </span>
     <span class='ocr_line' id='line_1_20' title="bbox 116 1210 1556 1269; baseline -0.001 -13"><span class='ocrx_word' id='word_1_174' title='bbox 116 1224 190 1256; x_wconf 86' lang='lat' dir='ltr'><strong>tua</strong></span> <span class='ocrx_word' id='word_1_175' title='bbox 212 1214 323 1256; x_wconf 87' lang='lat' dir='ltr'><strong>salus</strong></span> <span class='ocrx_word' id='word_1_176' title='bbox 346 1213 478 1256; x_wconf 82' lang='lat' dir='ltr'><strong>dubia</strong></span> <span class='ocrx_word' id='word_1_177' title='bbox 499 1227 583 1253; x_wconf 92' lang='lat' dir='ltr'><strong>non</strong></span> <span class='ocrx_word' id='word_1_178' title='bbox 607 1222 732 1254; x_wconf 88' lang='lat' dir='ltr'><strong>esset.</strong></span> <span class='ocrx_word' id='word_1_179' title='bbox 794 1213 1091 1259; x_wconf 83' lang='lat' dir='ltr'><strong>Quamobrem</strong></span> <span class='ocrx_word' id='word_1_180' title='bbox 1123 1210 1192 1254; x_wconf 87' lang='lat' dir='ltr'><strong>fac</strong></span> <span class='ocrx_word' id='word_1_181' title='bbox 1221 1215 1366 1254; x_wconf 90' lang='lat' dir='ltr'><strong>animo</strong></span> <span class='ocrx_word' id='word_1_182' title='bbox 1397 1228 1556 1269; x_wconf 88' lang='lat' dir='ltr'><strong>magno</strong></span> 
     </span>
     <span class='ocr_line' id='line_1_21' title="bbox 114 1269 1557 1326; baseline -0.001 -14"><span class='ocrx_word' id='word_1_183' title='bbox 114 1271 303 1326; x_wconf 86' lang='lat' dir='ltr'><strong>fortique</strong></span> <span class='ocrx_word' id='word_1_184' title='bbox 325 1271 406 1312; x_wconf 86' lang='lat' dir='ltr'><strong>sis:</strong></span> <span class='ocrx_word' id='word_1_185' title='bbox 439 1278 496 1320; x_wconf 88' lang='lat' dir='ltr'><strong>et,</strong></span> <span class='ocrx_word' id='word_1_186' title='bbox 525 1269 558 1309; x_wconf 89' lang='lat' dir='ltr'><strong>si</strong></span> <span class='ocrx_word' id='word_1_187' title='bbox 582 1269 878 1310; x_wconf 82' lang='lat' dir='ltr'><strong>turbidissima</strong></span> <span class='ocrx_word' id='word_1_188' title='bbox 899 1270 1115 1325; x_wconf 83' lang='lat' dir='ltr'><strong>sapienter</strong></span> <span class='ocrx_word' id='word_1_189' title='bbox 1136 1269 1318 1322; x_wconf 84' lang='lat' dir='ltr'><strong>ferebas,</strong></span> <span class='ocrx_word' id='word_1_190' title='bbox 1348 1270 1557 1325; x_wconf 88' lang='lat' dir='ltr'><strong>tranquil-</strong></span> 
     </span>
     <span class='ocr_line' id='line_1_22' title="bbox 113 1325 1559 1381; baseline -0.001 -12"><span class='ocrx_word' id='word_1_191' title='bbox 113 1328 222 1369; x_wconf 87' lang='lat' dir='ltr'><strong>liora</strong></span> <span class='ocrx_word' id='word_1_192' title='bbox 243 1328 342 1369; x_wconf 91' lang='lat' dir='ltr'><strong>laete</strong></span> <span class='ocrx_word' id='word_1_193' title='bbox 364 1327 490 1368; x_wconf 84' lang='lat' dir='ltr'><strong>feras.</strong></span> <span class='ocrx_word' id='word_1_194' title='bbox 535 1325 631 1381; x_wconf 93' lang='lat' dir='ltr'><strong>Ego</strong></span> <span class='ocrx_word' id='word_1_195' title='bbox 654 1334 797 1367; x_wconf 88' lang='lat' dir='ltr'><strong>tamen</strong></span> <span class='ocrx_word' id='word_1_196' title='bbox 823 1327 905 1367; x_wconf 89' lang='lat' dir='ltr'><strong>tuis</strong></span> <span class='ocrx_word' id='word_1_197' title='bbox 929 1327 1056 1367; x_wconf 88' lang='lat' dir='ltr'><strong>rebus</strong></span> <span class='ocrx_word' id='word_1_198' title='bbox 1076 1327 1136 1367; x_wconf 87' lang='lat' dir='ltr'><strong>sic</strong></span> <span class='ocrx_word' id='word_1_199' title='bbox 1154 1327 1296 1378; x_wconf 87' lang='lat' dir='ltr'><strong>adero,</strong></span> <span class='ocrx_word' id='word_1_200' title='bbox 1319 1336 1368 1368; x_wconf 90' lang='lat' dir='ltr'><strong>ut</strong></span> <span class='ocrx_word' id='word_1_201' title='bbox 1386 1327 1559 1368; x_wconf 88' lang='lat' dir='ltr'><strong>difficil-</strong></span> 
     </span>
     <span class='ocr_line' id='line_1_23' title="bbox 111 1382 1559 1440; baseline -0.001 -14"><span class='ocrx_word' id='word_1_202' title='bbox 111 1385 241 1437; x_wconf 87' lang='lat' dir='ltr'><strong>limis,</strong></span> <span class='ocrx_word' id='word_1_203' title='bbox 265 1399 404 1440; x_wconf 92' lang='lat' dir='ltr'><strong>neque</strong></span> <span class='ocrx_word' id='word_1_204' title='bbox 427 1382 590 1424; x_wconf 86' lang='lat' dir='ltr'><strong>Caesari</strong></span> <span class='ocrx_word' id='word_1_205' title='bbox 615 1383 768 1434; x_wconf 88' lang='lat' dir='ltr'><strong>solum,</strong></span> <span class='ocrx_word' id='word_1_206' title='bbox 792 1384 864 1425; x_wconf 86' lang='lat' dir='ltr'><strong>sed</strong></span> <span class='ocrx_word' id='word_1_207' title='bbox 894 1384 1026 1425; x_wconf 88' lang='lat' dir='ltr'><strong>etiam</strong></span> <span class='ocrx_word' id='word_1_208' title='bbox 1048 1384 1198 1425; x_wconf 88' lang='lat' dir='ltr'><strong>amicis</strong></span> <span class='ocrx_word' id='word_1_209' title='bbox 1226 1384 1318 1440; x_wconf 88' lang='lat' dir='ltr'><strong>ejus</strong></span> <span class='ocrx_word' id='word_1_210' title='bbox 1341 1384 1559 1437; x_wconf 88' lang='lat' dir='ltr'><strong>omnibus,</strong></span> 
     </span>
     <span class='ocr_line' id='line_1_24' title="bbox 113 1441 1559 1498; baseline 0.001 -14"><span class='ocrx_word' id='word_1_211' title='bbox 113 1457 222 1497; x_wconf 85' lang='lat' dir='ltr'><strong>quos</strong></span> <span class='ocrx_word' id='word_1_212' title='bbox 257 1442 364 1483; x_wconf 88' lang='lat' dir='ltr'><strong>mihi</strong></span> <span class='ocrx_word' id='word_1_213' title='bbox 399 1441 685 1482; x_wconf 87' lang='lat' dir='ltr'><strong>amicissimos</strong></span> <span class='ocrx_word' id='word_1_214' title='bbox 717 1455 808 1482; x_wconf 90' lang='lat' dir='ltr'><strong>esse</strong></span> <span class='ocrx_word' id='word_1_215' title='bbox 837 1441 1044 1497; x_wconf 86' lang='lat' dir='ltr'><strong>cognovi,</strong></span> <span class='ocrx_word' id='word_1_216' title='bbox 1075 1456 1154 1498; x_wconf 91' lang='lat' dir='ltr'><strong>pro</strong></span> <span class='ocrx_word' id='word_1_217' title='bbox 1183 1450 1240 1494; x_wconf 87' lang='lat' dir='ltr'><strong>te,</strong></span> <span class='ocrx_word' id='word_1_218' title='bbox 1273 1442 1385 1484; x_wconf 90' lang='lat' dir='ltr'><strong>sicut</strong></span> <span class='ocrx_word' id='word_1_219' title='bbox 1417 1441 1559 1485; x_wconf 85' lang='lat' dir='ltr'><strong>adhue</strong></span> 
     </span>
     <span class='ocr_line' id='line_1_25' title="bbox 113 1497 995 1554; baseline -0.001 -14"><span class='ocrx_word' id='word_1_220' title='bbox 113 1499 214 1552; x_wconf 88' lang='lat' dir='ltr'><strong>feci,</strong></span> <span class='ocrx_word' id='word_1_221' title='bbox 237 1498 522 1541; x_wconf 87' lang='lat' dir='ltr'><strong>libentissime</strong></span> <span class='ocrx_word' id='word_1_222' title='bbox 544 1497 813 1554; x_wconf 87' lang='lat' dir='ltr'><strong>supplicabo.</strong></span> <span class='ocrx_word' id='word_1_223' title='bbox 873 1498 995 1539; x_wconf 87' lang='lat' dir='ltr'><strong>Vale.</strong></span> 
     </span>
    </p>
   </div>
   <div class='ocr_carea' id='block_1_3' title="bbox 629 1597 1621 1650">
    <p class='ocr_par' dir='ltr' id='par_1_3' title="bbox 629 1597 1621 1650">
     <span class='ocr_line' id='line_1_26' title="bbox 629 1597 1621 1650; baseline -0.001 -15"><span class='ocrx_word' id='word_1_224' title='bbox 629 1597 1036 1636; x_wconf 85' lang='lat' dir='ltr'>ARGUMENTUM.</span> <span class='ocrx_word' id='word_1_225' title='bbox 1573 1613 1621 1650; x_wconf 83' lang='lat'><strong>15</strong></span> 
     </span>
    </p>
   </div>
   <div class='ocr_carea' id='block_1_4' title="bbox 323 1660 1346 1709">
    <p class='ocr_par' dir='ltr' id='par_1_4' title="bbox 323 1660 1346 1709">
     <span class='ocr_line' id='line_1_27' title="bbox 323 1660 1346 1709; baseline 0.001 -12"><span class='ocrx_word' id='word_1_226' title='bbox 323 1661 628 1702; x_wconf 80' lang='lat' dir='ltr'><strong>Gratulationem‚</strong></span> <span class='ocrx_word' id='word_1_227' title='bbox 649 1662 926 1698; x_wconf 81' lang='lat' dir='ltr'><strong>benivolentiam</strong></span> <span class='ocrx_word' id='word_1_228' title='bbox 944 1666 979 1697; x_wconf 83' lang='lat' dir='ltr'><strong>et</strong></span> <span class='ocrx_word' id='word_1_229' title='bbox 998 1660 1157 1709; x_wconf 68' lang='lat' dir='ltr'><strong>officium</strong></span> <span class='ocrx_word' id='word_1_230' title='bbox 1174 1662 1346 1698; x_wconf 77' lang='lat' dir='ltr'><strong>continet.</strong></span> 
     </span>
    </p>
   </div>
   <div class='ocr_carea' id='block_1_5' title="bbox 548 1737 1123 1790">
    <p class='ocr_par' dir='ltr' id='par_1_5' title="bbox 548 1737 1123 1790">
     <span class='ocr_line' id='line_1_28' title="bbox 548 1737 1123 1790; baseline -0.002 -10"><span class='ocrx_word' id='word_1_231' title='bbox 548 1737 783 1780; x_wconf 88' lang='lat' dir='ltr'>CICERO</span> <span class='ocrx_word' id='word_1_232' title='bbox 807 1737 1045 1790; x_wconf 90' lang='lat' dir='ltr'><strong>BASILO,</strong></span> <span class='ocrx_word' id='word_1_233' title='bbox 1078 1738 1123 1780; x_wconf 87' lang='lat' dir='ltr'><strong>S.</strong></span> 
     </span>
    </p>
   </div>
   <div class='ocr_carea' id='block_1_6' title="bbox 40 1802 1556 1869">
    <p class='ocr_par' dir='ltr' id='par_1_6' title="bbox 40 1802 1556 1869">
     <span class='ocr_line' id='line_1_29' title="bbox 40 1802 1556 1869; baseline -0.001 -13"><span class='ocrx_word' id='word_1_234' title='bbox 40 1840 52 1850; x_wconf 82' lang='lat'><strong>-›</strong></span> <span class='ocrx_word' id='word_1_235' title='bbox 107 1802 247 1857; x_wconf 87' lang='lat' dir='ltr'>TIBI</span> <span class='ocrx_word' id='word_1_236' title='bbox 286 1812 499 1869; x_wconf 88' lang='lat' dir='ltr'><strong>gratulor:</strong></span> <span class='ocrx_word' id='word_1_237' title='bbox 531 1812 639 1854; x_wconf 83' lang='lat' dir='ltr'><strong>mihi</strong></span> <span class='ocrx_word' id='word_1_238' title='bbox 675 1813 870 1869; x_wconf 83' lang='lat' dir='ltr'><strong>gaudeo:</strong></span> <span class='ocrx_word' id='word_1_239' title='bbox 913 1820 956 1853; x_wconf 88' lang='lat' dir='ltr'><strong>te</strong></span> <span class='ocrx_word' id='word_1_240' title='bbox 997 1825 1121 1853; x_wconf 87' lang='lat' dir='ltr'><strong>amo:</strong></span> <span class='ocrx_word' id='word_1_241' title='bbox 1154 1819 1228 1852; x_wconf 90' lang='lat' dir='ltr'><strong>tua</strong></span> <span class='ocrx_word' id='word_1_242' title='bbox 1270 1819 1407 1853; x_wconf 90' lang='lat' dir='ltr'><strong>tueor.</strong></span> <span class='ocrx_word' id='word_1_243' title='bbox 1447 1826 1473 1853; x_wconf 91' lang='lat' dir='ltr'><strong>a</strong></span> <span class='ocrx_word' id='word_1_244' title='bbox 1513 1820 1556 1854; x_wconf 83' lang='lat' dir='ltr'><strong>te</strong></span> 
     </span>
    </p>
   </div>
   <div class='ocr_carea' id='block_1_7' title="bbox 109 1869 1422 1927">
    <p class='ocr_par' dir='ltr' id='par_1_7' title="bbox 109 1869 1422 1927">
     <span class='ocr_line' id='line_1_30' title="bbox 109 1869 1422 1927; baseline -0.002 -15"><span class='ocrx_word' id='word_1_245' title='bbox 109 1871 258 1923; x_wconf 84' lang='lat' dir='ltr'><strong>amari,</strong></span> <span class='ocrx_word' id='word_1_246' title='bbox 281 1879 325 1912; x_wconf 86' lang='lat' dir='ltr'><strong>et</strong></span> <span class='ocrx_word' id='word_1_247' title='bbox 345 1870 449 1927; x_wconf 93' lang='lat' dir='ltr'><strong>quid</strong></span> <span class='ocrx_word' id='word_1_248' title='bbox 473 1884 590 1926; x_wconf 83' lang='lat' dir='ltr'><strong>agas,</strong></span> <span class='ocrx_word' id='word_1_249' title='bbox 613 1870 803 1926; x_wconf 89' lang='lat' dir='ltr'><strong>quidque</strong></span> <span class='ocrx_word' id='word_1_250' title='bbox 825 1878 993 1926; x_wconf 85' lang='lat' dir='ltr'><strong>agatur,</strong></span> <span class='ocrx_word' id='word_1_251' title='bbox 1015 1869 1173 1910; x_wconf 87' lang='lat' dir='ltr'><strong>certior</strong></span> <span class='ocrx_word' id='word_1_252' title='bbox 1194 1869 1286 1909; x_wconf 89' lang='lat' dir='ltr'><strong>fieri</strong></span> <span class='ocrx_word' id='word_1_253' title='bbox 1311 1869 1422 1910; x_wconf 88' lang='lat' dir='ltr'><strong>volo.</strong></span> 
     </span>
    </p>
   </div>
   <div class='ocr_carea' id='block_1_8' title="bbox 626 1979 1622 2034">
    <p class='ocr_par' dir='ltr' id='par_1_8' title="bbox 626 1979 1622 2034">
     <span class='ocr_line' id='line_1_31' title="bbox 626 1979 1622 2034; baseline -0.005 -15"><span class='ocrx_word' id='word_1_254' title='bbox 626 1979 1034 2019; x_wconf 78' lang='lat' dir='ltr'>ARGUMENTUM.</span> <span class='ocrx_word' id='word_1_255' title='bbox 1570 1992 1622 2034; x_wconf 90' lang='lat'><strong>16</strong></span> 
     </span>
    </p>
   </div>
   <div class='ocr_carea' id='block_1_9' title="bbox 134 2042 1525 2094">
    <p class='ocr_par' dir='ltr' id='par_1_9' title="bbox 134 2042 1525 2094">
     <span class='ocr_line' id='line_1_32' title="bbox 134 2042 1525 2094; baseline -0.003 -10"><span class='ocrx_word' id='word_1_256' title='bbox 134 2047 425 2084; x_wconf 83' lang='lat' dir='ltr'><strong>Commemorata</strong></span> <span class='ocrx_word' id='word_1_257' title='bbox 440 2057 508 2082; x_wconf 84' lang='lat' dir='ltr'><strong>sua</strong></span> <span class='ocrx_word' id='word_1_258' title='bbox 526 2050 561 2081; x_wconf 80' lang='lat' dir='ltr'><strong>et</strong></span> <span class='ocrx_word' id='word_1_259' title='bbox 575 2047 697 2094; x_wconf 80' lang='lat' dir='ltr'><strong>patris</strong></span> <span class='ocrx_word' id='word_1_260' title='bbox 716 2045 894 2087; x_wconf 74' lang='lat' dir='ltr'><strong>amicitia,</strong></span> <span class='ocrx_word' id='word_1_261' title='bbox 913 2047 1036 2090; x_wconf 81' lang='lat' dir='ltr'><strong>rogat,</strong></span> <span class='ocrx_word' id='word_1_262' title='bbox 1055 2047 1097 2078; x_wconf 81' lang='lat' dir='ltr'><strong>ut</strong></span> <span class='ocrx_word' id='word_1_263' title='bbox 1113 2054 1151 2078; x_wconf 83' lang='lat' dir='ltr'><strong>se</strong></span> <span class='ocrx_word' id='word_1_264' title='bbox 1168 2042 1350 2078; x_wconf 79' lang='lat' dir='ltr'><strong>absentem</strong></span> <span class='ocrx_word' id='word_1_265' title='bbox 1369 2047 1525 2081; x_wconf 80' lang='lat' dir='ltr'><strong>tueatur.</strong></span> 
     </span>
    </p>
   </div>
   <div class='ocr_carea' id='block_1_10' title="bbox 419 2119 1227 2172">
    <p class='ocr_par' dir='ltr' id='par_1_10' title="bbox 419 2119 1227 2172">
     <span class='ocr_line' id='line_1_33' title="bbox 419 2119 1227 2172; baseline -0.005 -7"><span class='ocrx_word' id='word_1_266' title='bbox 419 2122 809 2166; x_wconf 89' lang='lat' dir='ltr'>BITHYNICUS</span> <span class='ocrx_word' id='word_1_267' title='bbox 833 2119 1159 2172; x_wconf 92' lang='lat' dir='ltr'><strong>CICERONI,</strong></span> <span class='ocrx_word' id='word_1_268' title='bbox 1182 2121 1227 2162; x_wconf 89' lang='lat' dir='ltr'><strong>S.</strong></span> 
     </span>
    </p>
   </div>
   <div class='ocr_carea' id='block_1_11' title="bbox 103 2180 1588 2591">
    <p class='ocr_par' dir='ltr' id='par_1_11' title="bbox 103 2180 1588 2591">
     <span class='ocr_line' id='line_1_34' title="bbox 107 2180 1551 2245; baseline -0.003 -11"><span class='ocrx_word' id='word_1_269' title='bbox 107 2180 170 2234; x_wconf 82' lang='lat' dir='ltr'><strong>SI</strong></span> <span class='ocrx_word' id='word_1_270' title='bbox 193 2192 299 2234; x_wconf 87' lang='lat' dir='ltr'><strong>mihi</strong></span> <span class='ocrx_word' id='word_1_271' title='bbox 323 2200 464 2233; x_wconf 89' lang='lat' dir='ltr'><strong>tecum</strong></span> <span class='ocrx_word' id='word_1_272' title='bbox 487 2205 574 2232; x_wconf 86' lang='lat' dir='ltr'><strong>non</strong></span> <span class='ocrx_word' id='word_1_273' title='bbox 596 2201 640 2233; x_wconf 92' lang='lat' dir='ltr'><strong>et</strong></span> <span class='ocrx_word' id='word_1_274' title='bbox 660 2190 808 2232; x_wconf 86' lang='lat' dir='ltr'><strong>multae</strong></span> <span class='ocrx_word' id='word_1_275' title='bbox 842 2200 886 2230; x_wconf 89' lang='lat' dir='ltr'><strong>et</strong></span> <span class='ocrx_word' id='word_1_276' title='bbox 912 2189 1046 2244; x_wconf 85' lang='lat' dir='ltr'><strong>justae</strong></span> <span class='ocrx_word' id='word_1_277' title='bbox 1067 2203 1209 2229; x_wconf 81' lang='lat' dir='ltr'><strong>causae</strong></span> <span class='ocrx_word' id='word_1_278' title='bbox 1234 2188 1440 2231; x_wconf 84' lang='lat' dir='ltr'><strong>amicitiae</strong></span> <span class='ocrx_word' id='word_1_279' title='bbox 1462 2189 1551 2245; x_wconf 86' lang='lat' dir='ltr'><strong>pri-</strong></span> 
     </span>
     <span class='ocr_line' id='line_1_35' title="bbox 105 2245 1551 2305; baseline -0.002 -14"><span class='ocrx_word' id='word_1_280' title='bbox 105 2250 239 2291; x_wconf 85' lang='lat' dir='ltr'><strong>vatim</strong></span> <span class='ocrx_word' id='word_1_281' title='bbox 269 2257 424 2300; x_wconf 88' lang='lat' dir='ltr'><strong>essent,</strong></span> <span class='ocrx_word' id='word_1_282' title='bbox 450 2257 688 2305; x_wconf 87' lang='lat' dir='ltr'><strong>repeterem</strong></span> <span class='ocrx_word' id='word_1_283' title='bbox 720 2247 846 2288; x_wconf 89' lang='lat' dir='ltr'><strong>initia</strong></span> <span class='ocrx_word' id='word_1_284' title='bbox 874 2245 1080 2288; x_wconf 77' lang='lat' dir='ltr'><strong>amicitiae</strong></span> <span class='ocrx_word' id='word_1_285' title='bbox 1111 2260 1166 2287; x_wconf 87' lang='lat' dir='ltr'><strong>ex</strong></span> <span class='ocrx_word' id='word_1_286' title='bbox 1201 2246 1449 2302; x_wconf 86' lang='lat' dir='ltr'><strong>parentibus</strong></span> <span class='ocrx_word' id='word_1_287' title='bbox 1471 2261 1551 2288; x_wconf 90' lang='lat' dir='ltr'><strong>no-</strong></span> 
     </span>
     <span class='ocr_line' id='line_1_36' title="bbox 105 2302 1549 2362; baseline -0.003 -13"><span class='ocrx_word' id='word_1_288' title='bbox 105 2307 229 2349; x_wconf 89' lang='lat' dir='ltr'><strong>stris:</strong></span> <span class='ocrx_word' id='word_1_289' title='bbox 261 2307 377 2362; x_wconf 86' lang='lat' dir='ltr'><strong>quod</strong></span> <span class='ocrx_word' id='word_1_290' title='bbox 406 2305 653 2347; x_wconf 86' lang='lat' dir='ltr'><strong>faciendum</strong></span> <span class='ocrx_word' id='word_1_291' title='bbox 686 2304 738 2346; x_wconf 87' lang='lat' dir='ltr'><strong>iis</strong></span> <span class='ocrx_word' id='word_1_292' title='bbox 770 2304 989 2355; x_wconf 85' lang='lat' dir='ltr'><strong>existimo,</strong></span> <span class='ocrx_word' id='word_1_293' title='bbox 1023 2302 1097 2358; x_wconf 92' lang='lat' dir='ltr'><strong>qui</strong></span> <span class='ocrx_word' id='word_1_294' title='bbox 1132 2313 1357 2359; x_wconf 86' lang='lat' dir='ltr'><strong>paternam</strong></span> <span class='ocrx_word' id='word_1_295' title='bbox 1398 2304 1549 2345; x_wconf 88' lang='lat' dir='ltr'><strong>amici-</strong></span> 
     </span>
     <span class='ocr_line' id='line_1_37' title="bbox 106 2359 1546 2419; baseline -0.003 -13"><span class='ocrx_word' id='word_1_296' title='bbox 106 2366 212 2406; x_wconf 85' lang='lat' dir='ltr'><strong>tiam</strong></span> <span class='ocrx_word' id='word_1_297' title='bbox 242 2364 370 2405; x_wconf 90' lang='lat' dir='ltr'><strong>nullis</strong></span> <span class='ocrx_word' id='word_1_298' title='bbox 400 2363 483 2419; x_wconf 86' lang='lat' dir='ltr'><strong>ipsi</strong></span> <span class='ocrx_word' id='word_1_299' title='bbox 514 2362 670 2404; x_wconf 83' lang='lat' dir='ltr'><strong>officiis</strong></span> <span class='ocrx_word' id='word_1_300' title='bbox 701 2361 918 2418; x_wconf 84' lang='lat' dir='ltr'><strong>prosecuti</strong></span> <span class='ocrx_word' id='word_1_301' title='bbox 949 2369 1064 2402; x_wconf 85' lang='lat' dir='ltr'><strong>sunt.</strong></span> <span class='ocrx_word' id='word_1_302' title='bbox 1126 2359 1280 2415; x_wconf 89' lang='lat' dir='ltr'><strong>Itaque</strong></span> <span class='ocrx_word' id='word_1_303' title='bbox 1316 2368 1546 2402; x_wconf 87' lang='lat' dir='ltr'><strong>contentus</strong></span> 
     </span>
     <span class='ocr_line' id='line_1_38' title="bbox 103 2416 1547 2477; baseline -0.003 -14"><span class='ocrx_word' id='word_1_304' title='bbox 103 2437 177 2464; x_wconf 85' lang='lat' dir='ltr'><strong>ero</strong></span> <span class='ocrx_word' id='word_1_305' title='bbox 199 2430 346 2463; x_wconf 84' lang='lat' dir='ltr'><strong>nostra</strong></span> <span class='ocrx_word' id='word_1_306' title='bbox 367 2421 560 2477; x_wconf 87' lang='lat' dir='ltr'><strong>ipsorum</strong></span> <span class='ocrx_word' id='word_1_307' title='bbox 581 2419 796 2461; x_wconf 84' lang='lat' dir='ltr'><strong>amicitia:</strong></span> <span class='ocrx_word' id='word_1_308' title='bbox 829 2418 952 2474; x_wconf 89' lang='lat' dir='ltr'><strong>cujus</strong></span> <span class='ocrx_word' id='word_1_309' title='bbox 974 2416 1135 2459; x_wconf 89' lang='lat' dir='ltr'><strong>fiducia</strong></span> <span class='ocrx_word' id='word_1_310' title='bbox 1154 2427 1256 2474; x_wconf 89' lang='lat' dir='ltr'><strong>peto</strong></span> <span class='ocrx_word' id='word_1_311' title='bbox 1278 2433 1304 2459; x_wconf 91' lang='lat' dir='ltr'><strong>a</strong></span> <span class='ocrx_word' id='word_1_312' title='bbox 1325 2426 1382 2470; x_wconf 88' lang='lat' dir='ltr'><strong>te,</strong></span> <span class='ocrx_word' id='word_1_313' title='bbox 1401 2426 1450 2459; x_wconf 91' lang='lat' dir='ltr'><strong>ut</strong></span> <span class='ocrx_word' id='word_1_314' title='bbox 1470 2418 1547 2458; x_wconf 87' lang='lat' dir='ltr'><strong>ab·</strong></span> 
     </span>
     <span class='ocr_line' id='line_1_39' title="bbox 105 2473 1545 2533; baseline -0.004 -12"><span class='ocrx_word' id='word_1_315' title='bbox 105 2487 271 2521; x_wconf 80' lang='lat' dir='ltr'><strong>sentem</strong></span> <span class='ocrx_word' id='word_1_316' title='bbox 301 2492 385 2530; x_wconf 88' lang='lat' dir='ltr'><strong>me,</strong></span> <span class='ocrx_word' id='word_1_317' title='bbox 415 2478 761 2533; x_wconf 87' lang='lat' dir='ltr'><strong>quibuscumque</strong></span> <span class='ocrx_word' id='word_1_318' title='bbox 801 2476 846 2517; x_wconf 89' lang='lat' dir='ltr'><strong>in</strong></span> <span class='ocrx_word' id='word_1_319' title='bbox 887 2476 1016 2517; x_wconf 86' lang='lat' dir='ltr'><strong>rebus</strong></span> <span class='ocrx_word' id='word_1_320' title='bbox 1052 2489 1161 2531; x_wconf 88' lang='lat' dir='ltr'><strong>opus</strong></span> <span class='ocrx_word' id='word_1_321' title='bbox 1202 2473 1347 2527; x_wconf 87' lang='lat' dir='ltr'><strong>fuerit,</strong></span> <span class='ocrx_word' id='word_1_322' title='bbox 1386 2484 1545 2525; x_wconf 87' lang='lat' dir='ltr'><strong>tueare,</strong></span> 
     </span>
     <span class='ocr_line' id='line_1_40' title="bbox 103 2531 1588 2591; baseline -0.004 -13"><span class='ocrx_word' id='word_1_323' title='bbox 103 2537 146 2570; x_wconf 86' lang='lat'><strong>76</strong></span> <span class='ocrx_word' id='word_1_324' title='bbox 156 2537 190 2578; x_wconf 88' lang='lat' dir='ltr'><strong>si</strong></span> <span class='ocrx_word' id='word_1_325' title='bbox 208 2535 373 2578; x_wconf 87' lang='lat' dir='ltr'><strong>nullum</strong></span> <span class='ocrx_word' id='word_1_326' title='bbox 394 2535 588 2578; x_wconf 90' lang='lat' dir='ltr'><strong>officium</strong></span> <span class='ocrx_word' id='word_1_327' title='bbox 620 2544 744 2575; x_wconf 89' lang='lat' dir='ltr'><strong>tuum</strong></span> <span class='ocrx_word' id='word_1_328' title='bbox 775 2532 891 2591; x_wconf 86' lang='lat' dir='ltr'><strong>apud</strong></span> <span class='ocrx_word' id='word_1_329' title='bbox 913 2547 981 2574; x_wconf 84' lang='lat' dir='ltr'><strong>me</strong></span> <span class='ocrx_word' id='word_1_330' title='bbox 1002 2532 1374 2574; x_wconf 85' lang='lat' dir='ltr'><strong>intermoriturum</strong></span> <span class='ocrx_word' id='word_1_331' title='bbox 1394 2531 1546 2573; x_wconf 83' lang='lat' dir='ltr'><strong>existi·</strong></span> <span class='ocrx_word' id='word_1_332' title='bbox 1556 2548 1588 2582; x_wconf 90' lang='lat' dir='ltr'><strong>b.</strong></span> 
     </span>
    </p>
   </div>
   <div class='ocr_carea' id='block_1_12' title="bbox 106 2592 396 2636">
    <p class='ocr_par' dir='ltr' id='par_1_12' title="bbox 106 2592 396 2636">
     <span class='ocr_line' id='line_1_41' title="bbox 106 2592 396 2636; baseline -0.007 0"><span class='ocrx_word' id='word_1_333' title='bbox 106 2608 212 2636; x_wconf 85' lang='lat' dir='ltr'><strong>mas.</strong></span> <span class='ocrx_word' id='word_1_334' title='bbox 272 2592 396 2635; x_wconf 88' lang='lat' dir='ltr'><strong>Vale.</strong></span> 
     </span>
    </p>
   </div>
   <div class='ocr_carea' id='block_1_13' title="bbox 101 2723 1549 2844">
    <p class='ocr_par' dir='ltr' id='par_1_13' title="bbox 101 2723 1549 2844">
     <span class='ocr_line' id='line_1_42' title="bbox 143 2723 1549 2770; baseline -0.004 -9"><span class='ocrx_word' id='word_1_335' title='bbox 143 2732 185 2764; x_wconf 86' lang='lat'><strong>75</strong></span> <span class='ocrx_word' id='word_1_336' title='bbox 210 2730 240 2761; x_wconf 70' lang='lat' dir='ltr'><strong>si</strong></span> <span class='ocrx_word' id='word_1_337' title='bbox 266 2727 352 2770; x_wconf 79' lang='lat' dir='ltr'><strong>quis]</strong></span> <span class='ocrx_word' id='word_1_338' title='bbox 382 2728 529 2759; x_wconf 78' lang='lat' dir='ltr'><strong>Graevius</strong></span> <span class='ocrx_word' id='word_1_339' title='bbox 555 2738 573 2758; x_wconf 87' lang='lat' dir='ltr'><strong>e</strong></span> <span class='ocrx_word' id='word_1_340' title='bbox 602 2726 683 2757; x_wconf 81' lang='lat' dir='ltr'><strong>Mss.</strong></span> <span class='ocrx_word' id='word_1_341' title='bbox 709 2725 804 2757; x_wconf 82' lang='lat' dir='ltr'><strong>bonis</strong></span> <span class='ocrx_word' id='word_1_342' title='bbox 889 2725 930 2760; x_wconf 83' lang='lat'><strong>76</strong></span> <span class='ocrx_word' id='word_1_343' title='bbox 950 2723 1348 2765; x_wconf 58' lang='lat' dir='ltr'><strong>stanuum—existimas]</strong></span> <span class='ocrx_word' id='word_1_344' title='bbox 1368 2723 1434 2756; x_wconf 68' lang='lat' dir='ltr'><strong>Mn.</strong></span> <span class='ocrx_word' id='word_1_345' title='bbox 1452 2733 1549 2756; x_wconf 85' lang='lat' dir='ltr'><strong>meus</strong></span> 
     </span>
     <span class='ocr_line' id='line_1_43' title="bbox 101 2767 1205 2811; baseline -0.004 -9"><span class='ocrx_word' id='word_1_346' title='bbox 101 2772 285 2811; x_wconf 77' lang='lat' dir='ltr'><strong>quisquam,</strong></span> <span class='ocrx_word' id='word_1_347' title='bbox 307 2771 393 2811; x_wconf 84' lang='lat' dir='ltr'><strong>quod</strong></span> <span class='ocrx_word' id='word_1_348' title='bbox 408 2770 493 2802; x_wconf 86' lang='lat' dir='ltr'><strong>etin</strong></span> <span class='ocrx_word' id='word_1_349' title='bbox 507 2779 581 2802; x_wconf 87' lang='lat' dir='ltr'><strong>meo</strong></span> <span class='ocrx_word' id='word_1_350' title='bbox 596 2773 658 2801; x_wconf 87' lang='lat' dir='ltr'><strong>est.</strong></span> <span class='ocrx_word' id='word_1_351' title='bbox 680 2768 737 2800; x_wconf 84' lang='lat' dir='ltr'><strong>sed</strong></span> <span class='ocrx_word' id='word_1_352' title='bbox 756 2767 805 2802; x_wconf 81' lang='lat' dir='ltr'><strong>nil</strong></span> <span class='ocrx_word' id='word_1_353' title='bbox 848 2776 916 2798; x_wconf 90' lang='lat' dir='ltr'><strong>non</strong></span> <span class='ocrx_word' id='word_1_354' title='bbox 933 2767 1018 2799; x_wconf 83' lang='lat' dir='ltr'><strong>male</strong></span> <span class='ocrx_word' id='word_1_355' title='bbox 1031 2767 1205 2799; x_wconf 73' lang='lat' dir='ltr'><strong>existimes.</strong></span> 
     </span>
     <span class='ocr_line' id='line_1_44' title="bbox 106 2816 255 2844; baseline 0.007 -1"><span class='ocrx_word' id='word_1_356' title='bbox 106 2816 255 2844; x_wconf 79' lang='lat' dir='ltr'><strong>interest.</strong></span> 
     </span>
    </p>
   </div>
   <div class='ocr_carea' id='block_1_14' title="bbox 167 2865 842 2899">
    <p class='ocr_par' dir='ltr' id='par_1_14' title="bbox 167 2865 842 2899">
     <span class='ocr_line' id='line_1_45' title="bbox 167 2865 842 2899; baseline -0.004 -3"><span class='ocrx_word' id='word_1_357' title='bbox 167 2868 275 2898; x_wconf 84' lang='lat' dir='ltr'>VOL.</span> <span class='ocrx_word' id='word_1_358' title='bbox 300 2869 378 2898; x_wconf 89' lang='lat'>111.</span> <span class='ocrx_word' id='word_1_359' title='bbox 401 2869 446 2899; x_wconf 84' lang='lat' dir='ltr'><strong>P·</strong></span> <span class='ocrx_word' id='word_1_360' title='bbox 471 2868 504 2896; x_wconf 84' lang='lat'><strong>1.</strong></span> <span class='ocrx_word' id='word_1_361' title='bbox 815 2865 842 2893; x_wconf 76' lang='lat'><strong>1.</strong></span> 
     </span>
    </p>
   </div>
  </div>
 </body>
</html>
