<?xml version="1.0" encoding="UTF-8"?>
<!DOCTYPE html PUBLIC "-//W3C//DTD XHTML 1.0 Transitional//EN"
    "http://www.w3.org/TR/xhtml1/DTD/xhtml1-transitional.dtd">
<html xmlns="http://www.w3.org/1999/xhtml" xml:lang="en" lang="en">
 <head>
  <title>
</title>
<meta http-equiv="Content-Type" content="text/html;charset=utf-8" />
  <meta name='ocr-system' content='tesseract 3.04.00' />
  <meta name='ocr-capabilities' content='ocr_page ocr_carea ocr_par ocr_line ocrx_word'/>
</head>
<body>
  <div class='ocr_page' id='page_1' title='image "./p1operaomnia03ciceuoft_0119.png"; bbox 0 0 1817 3196; ppageno 0'>
   <div class='ocr_carea' id='block_1_1' title="bbox 415 90 1556 134">
    <p class='ocr_par' dir='ltr' id='par_1_1' title="bbox 415 90 1556 134">
     <span class='ocr_line' id='line_1_1' title="bbox 415 90 1556 134; baseline 0 -1"><span class='ocrx_word' id='word_1_1' title='bbox 415 94 492 133; x_wconf 80' lang='lat' dir='ltr'>AD</span> <span class='ocrx_word' id='word_1_2' title='bbox 516 90 857 130; x_wconf 87' lang='lat' dir='ltr'><strong>METELLUM</strong></span> <span class='ocrx_word' id='word_1_3' title='bbox 882 91 956 128; x_wconf 82' lang='lat' dir='ltr'>ET</span> <span class='ocrx_word' id='word_1_4' title='bbox 982 91 1265 129; x_wconf 85' lang='lat' dir='ltr'>CETEROS.</span> <span class='ocrx_word' id='word_1_5' title='bbox 1483 99 1556 134; x_wconf 76' lang='lat'>109</span> 
     </span>
    </p>
   </div>
   <div class='ocr_carea' id='block_1_2' title="bbox 105 194 1596 2466">
    <p class='ocr_par' dir='ltr' id='par_1_2' title="bbox 105 194 1596 2466">
     <span class='ocr_line' id='line_1_2' title="bbox 133 194 1554 254; baseline 0 -16"><span class='ocrx_word' id='word_1_6' title='bbox 133 195 207 238; x_wconf 78' lang='lat' dir='ltr'>bet</span> <span class='ocrx_word' id='word_1_7' title='bbox 227 198 337 239; x_wconf 88' lang='lat' dir='ltr'>enim</span> <span class='ocrx_word' id='word_1_8' title='bbox 363 196 566 254; x_wconf 85' lang='lat' dir='ltr'>praeteriti</span> <span class='ocrx_word' id='word_1_9' title='bbox 589 195 747 235; x_wconf 86' lang='lat' dir='ltr'>doloris</span> <span class='ocrx_word' id='word_1_10' title='bbox 769 209 916 236; x_wconf 87' lang='lat' dir='ltr'>secura</span> <span class='ocrx_word' id='word_1_11' title='bbox 944 194 1181 236; x_wconf 83' lang='lat' dir='ltr'>recordatio</span> <span class='ocrx_word' id='word_1_12' title='bbox 1211 194 1554 238; x_wconf 80' lang='lat' dir='ltr'>delectationem.</span> 
     </span>
     <span class='ocr_line' id='line_1_3' title="bbox 134 251 1555 307; baseline -0.002 -11"><span class='ocrx_word' id='word_1_13' title='bbox 134 254 301 295; x_wconf 80' lang='lat' dir='ltr'>Ceteris</span> <span class='ocrx_word' id='word_1_14' title='bbox 334 268 450 303; x_wconf 81' lang='lat' dir='ltr'>vero,</span> <span class='ocrx_word' id='word_1_15' title='bbox 481 252 593 293; x_wconf 86' lang='lat' dir='ltr'>nulla</span> <span class='ocrx_word' id='word_1_16' title='bbox 625 251 860 307; x_wconf 84' lang='lat' dir='ltr'>perfunctis</span> <span class='ocrx_word' id='word_1_17' title='bbox 893 252 1065 306; x_wconf 86' lang='lat' dir='ltr'>propria</span> <span class='ocrx_word' id='word_1_18' title='bbox 1093 251 1301 302; x_wconf 86' lang='lat' dir='ltr'>molestia,</span> <span class='ocrx_word' id='word_1_19' title='bbox 1331 266 1451 292; x_wconf 83' lang='lat' dir='ltr'>casus</span> <span class='ocrx_word' id='word_1_20' title='bbox 1482 269 1555 293; x_wconf 89' lang='lat' dir='ltr'>au-</span> 
     </span>
     <span class='ocr_line' id='line_1_4' title="bbox 133 307 1555 363; baseline -0.002 -13"><span class='ocrx_word' id='word_1_21' title='bbox 133 319 217 352; x_wconf 91' lang='lat' dir='ltr'>tem</span> <span class='ocrx_word' id='word_1_22' title='bbox 240 312 398 351; x_wconf 88' lang='lat' dir='ltr'>alienos</span> <span class='ocrx_word' id='word_1_23' title='bbox 421 310 510 350; x_wconf 89' lang='lat' dir='ltr'>sine</span> <span class='ocrx_word' id='word_1_24' title='bbox 543 307 626 348; x_wconf 86' lang='lat' dir='ltr'>ullo</span> <span class='ocrx_word' id='word_1_25' title='bbox 656 308 801 348; x_wconf 89' lang='lat' dir='ltr'>dolore</span> <span class='ocrx_word' id='word_1_26' title='bbox 834 308 1114 358; x_wconf 84' lang='lat' dir='ltr'>intuentibus,</span> <span class='ocrx_word' id='word_1_27' title='bbox 1145 307 1275 348; x_wconf 85' lang='lat' dir='ltr'>etiam</span> <span class='ocrx_word' id='word_1_28' title='bbox 1308 308 1400 363; x_wconf 81' lang='lat' dir='ltr'>ipsa</span> <span class='ocrx_word' id='word_1_29' title='bbox 1431 309 1555 348; x_wconf 76' lang='lat' dir='ltr'>mise-</span> 
     </span>
     <span class='ocr_line' id='line_1_5' title="bbox 131 363 1554 420; baseline -0.001 -13"><span class='ocrx_word' id='word_1_30' title='bbox 131 367 315 408; x_wconf 87' lang='lat' dir='ltr'>ricordia</span> <span class='ocrx_word' id='word_1_31' title='bbox 348 376 412 408; x_wconf 86' lang='lat' dir='ltr'>est</span> <span class='ocrx_word' id='word_1_32' title='bbox 438 365 646 420; x_wconf 86' lang='lat' dir='ltr'>jucunda.</span> <span class='ocrx_word' id='word_1_33' title='bbox 709 365 851 410; x_wconf 83' lang='lat' dir='ltr'>Quem</span> <span class='ocrx_word' id='word_1_34' title='bbox 891 365 1002 404; x_wconf 84' lang='lat' dir='ltr'>enirn</span> <span class='ocrx_word' id='word_1_35' title='bbox 1037 365 1231 405; x_wconf 75' lang='lat' dir='ltr'>nostrum</span> <span class='ocrx_word' id='word_1_36' title='bbox 1264 363 1332 405; x_wconf 86' lang='lat' dir='ltr'>ille</span> <span class='ocrx_word' id='word_1_37' title='bbox 1370 366 1554 406; x_wconf 86' lang='lat' dir='ltr'>moriens</span> 
     </span>
     <span class='ocr_line' id='line_1_6' title="bbox 128 421 1555 478; baseline -0.001 -15"><span class='ocrx_word' id='word_1_38' title='bbox 128 423 240 478; x_wconf 87' lang='lat' dir='ltr'>apud</span> <span class='ocrx_word' id='word_1_39' title='bbox 267 423 532 464; x_wconf 82' lang='lat' dir='ltr'>Mantineam</span> <span class='ocrx_word' id='word_1_40' title='bbox 556 421 872 476; x_wconf 77' lang='lat' dir='ltr'>Epaminondas</span> <span class='ocrx_word' id='word_1_41' title='bbox 894 436 977 461; x_wconf 88' lang='lat' dir='ltr'>non</span> <span class='ocrx_word' id='word_1_42' title='bbox 996 435 1092 462; x_wconf 90' lang='lat' dir='ltr'>eum</span> <span class='ocrx_word' id='word_1_43' title='bbox 1112 422 1295 476; x_wconf 85' lang='lat' dir='ltr'>quadam</span> <span class='ocrx_word' id='word_1_44' title='bbox 1316 422 1555 461; x_wconf 76' lang='lat' dir='ltr'>miseratio-</span> 
     </span>
     <span class='ocr_line' id='line_1_7' title="bbox 127 477 1552 534; baseline -0.001 -15"><span class='ocrx_word' id='word_1_45' title='bbox 127 495 180 520; x_wconf 87' lang='lat' dir='ltr'>ne</span> <span class='ocrx_word' id='word_1_46' title='bbox 216 480 424 521; x_wconf 81' lang='lat' dir='ltr'>delectat?</span> <span class='ocrx_word' id='word_1_47' title='bbox 455 480 525 532; x_wconf 89' lang='lat' dir='ltr'>qui</span> <span class='ocrx_word' id='word_1_48' title='bbox 561 488 651 518; x_wconf 88' lang='lat' dir='ltr'>tum</span> <span class='ocrx_word' id='word_1_49' title='bbox 682 478 867 533; x_wconf 85' lang='lat' dir='ltr'>denique</span> <span class='ocrx_word' id='word_1_50' title='bbox 898 477 978 518; x_wconf 82' lang='lat' dir='ltr'>sibi</span> <span class='ocrx_word' id='word_1_51' title='bbox 1011 478 1132 518; x_wconf 84' lang='lat' dir='ltr'>avelli</span> <span class='ocrx_word' id='word_1_52' title='bbox 1159 479 1288 533; x_wconf 79' lang='lat' dir='ltr'>jubet</span> <span class='ocrx_word' id='word_1_53' title='bbox 1325 478 1552 534; x_wconf 87' lang='lat' dir='ltr'>spiculum,</span> 
     </span>
     <span class='ocr_line' id='line_1_8' title="bbox 128 535 1555 591; baseline -0.001 -14"><span class='ocrx_word' id='word_1_54' title='bbox 128 547 402 591; x_wconf 73' lang='lat' dir='ltr'>posteaquam</span> <span class='ocrx_word' id='word_1_55' title='bbox 443 537 480 576; x_wconf 92' lang='lat' dir='ltr'>ei</span> <span class='ocrx_word' id='word_1_56' title='bbox 517 536 785 590; x_wconf 72' lang='lat' dir='ltr'>percontanti</span> <span class='ocrx_word' id='word_1_57' title='bbox 818 536 979 575; x_wconf 88' lang='lat' dir='ltr'>dictum</span> <span class='ocrx_word' id='word_1_58' title='bbox 1013 545 1091 585; x_wconf 89' lang='lat' dir='ltr'>est,</span> <span class='ocrx_word' id='word_1_59' title='bbox 1124 535 1320 590; x_wconf 71' lang='lat' dir='ltr'>clypeum</span> <span class='ocrx_word' id='word_1_60' title='bbox 1355 550 1444 575; x_wconf 85' lang='lat' dir='ltr'>esse</span> <span class='ocrx_word' id='word_1_61' title='bbox 1475 535 1555 575; x_wconf 86' lang='lat' dir='ltr'>sal-</span> 
     </span>
     <span class='ocr_line' id='line_1_9' title="bbox 126 591 1554 646; baseline -0.001 -14"><span class='ocrx_word' id='word_1_62' title='bbox 126 607 251 634; x_wconf 86' lang='lat' dir='ltr'>vum:</span> <span class='ocrx_word' id='word_1_63' title='bbox 286 603 331 633; x_wconf 89' lang='lat' dir='ltr'>ut</span> <span class='ocrx_word' id='word_1_64' title='bbox 357 593 486 633; x_wconf 88' lang='lat' dir='ltr'>etiam</span> <span class='ocrx_word' id='word_1_65' title='bbox 519 595 558 632; x_wconf 90' lang='lat' dir='ltr'>in</span> <span class='ocrx_word' id='word_1_66' title='bbox 588 592 769 632; x_wconf 80' lang='lat' dir='ltr'>vulneris</span> <span class='ocrx_word' id='word_1_67' title='bbox 800 591 944 632; x_wconf 87' lang='lat' dir='ltr'>dolore</span> <span class='ocrx_word' id='word_1_68' title='bbox 972 593 1011 621; x_wconf 74' lang='lat'>48</span> <span class='ocrx_word' id='word_1_69' title='bbox 1027 606 1152 646; x_wconf 70' lang='lat' dir='ltr'>zequo</span> <span class='ocrx_word' id='word_1_70' title='bbox 1174 593 1318 632; x_wconf 88' lang='lat' dir='ltr'>animo</span> <span class='ocrx_word' id='word_1_71' title='bbox 1342 606 1440 633; x_wconf 88' lang='lat' dir='ltr'>eum</span> <span class='ocrx_word' id='word_1_72' title='bbox 1465 591 1554 632; x_wconf 90' lang='lat' dir='ltr'>lau-</span> 
     </span>
     <span class='ocr_line' id='line_1_10' title="bbox 124 648 1552 704; baseline 0 -15"><span class='ocrx_word' id='word_1_73' title='bbox 124 650 177 690; x_wconf 91' lang='lat' dir='ltr'>de</span> <span class='ocrx_word' id='word_1_74' title='bbox 219 659 464 690; x_wconf 87' lang='lat' dir='ltr'>moreretur.</span> <span class='ocrx_word' id='word_1_75' title='bbox 527 648 662 704; x_wconf 88' lang='lat' dir='ltr'>Cujus</span> <span class='ocrx_word' id='word_1_76' title='bbox 703 649 890 689; x_wconf 85' lang='lat' dir='ltr'>studium</span> <span class='ocrx_word' id='word_1_77' title='bbox 936 648 978 688; x_wconf 91' lang='lat' dir='ltr'>in</span> <span class='ocrx_word' id='word_1_78' title='bbox 1018 648 1200 703; x_wconf 81' lang='lat' dir='ltr'>legendo</span> <span class='ocrx_word' id='word_1_79' title='bbox 1239 664 1324 689; x_wconf 89' lang='lat' dir='ltr'>non</span> <span class='ocrx_word' id='word_1_80' title='bbox 1361 659 1552 690; x_wconf 87' lang='lat' dir='ltr'>ereetum</span> 
     </span>
     <span class='ocr_line' id='line_1_11' title="bbox 123 703 1554 761; baseline 0 -15"><span class='ocrx_word' id='word_1_81' title='bbox 123 703 402 747; x_wconf 81' lang='lat' dir='ltr'>Themistocli</span> <span class='ocrx_word' id='word_1_82' title='bbox 438 706 540 761; x_wconf 83' lang='lat' dir='ltr'>fuga</span> <span class='ocrx_word' id='word_1_83' title='bbox 577 706 801 760; x_wconf 83' lang='lat' dir='ltr'>redituque</span> <span class='ocrx_word' id='word_1_84' title='bbox 837 705 1070 747; x_wconf 83' lang='lat' dir='ltr'>retinetur?</span> <span class='ocrx_word' id='word_1_85' title='bbox 1114 704 1285 746; x_wconf 84' lang='lat' dir='ltr'>Etenim</span> <span class='ocrx_word' id='word_1_86' title='bbox 1325 706 1428 746; x_wconf 89' lang='lat' dir='ltr'>ordo</span> <span class='ocrx_word' id='word_1_87' title='bbox 1464 705 1554 760; x_wconf 87' lang='lat' dir='ltr'>ipse</span> 
     </span>
     <span class='ocr_line' id='line_1_12' title="bbox 123 760 1554 817; baseline 0 -15"><span class='ocrx_word' id='word_1_88' title='bbox 123 763 339 803; x_wconf 84' lang='lat' dir='ltr'>annalium</span> <span class='ocrx_word' id='word_1_89' title='bbox 374 762 647 804; x_wconf 85' lang='lat' dir='ltr'>mediocriter</span> <span class='ocrx_word' id='word_1_90' title='bbox 680 777 757 802; x_wconf 85' lang='lat' dir='ltr'>nos</span> <span class='ocrx_word' id='word_1_91' title='bbox 781 762 949 812; x_wconf 88' lang='lat' dir='ltr'>retinet,</span> <span class='ocrx_word' id='word_1_92' title='bbox 982 760 1100 817; x_wconf 81' lang='lat' dir='ltr'>quasi</span> <span class='ocrx_word' id='word_1_93' title='bbox 1132 762 1455 803; x_wconf 80' lang='lat' dir='ltr'>enumeratione</span> <span class='ocrx_word' id='word_1_94' title='bbox 1490 762 1554 803; x_wconf 86' lang='lat' dir='ltr'>fa-</span> 
     </span>
     <span class='ocr_line' id='line_1_13' title="bbox 121 818 1553 874; baseline 0.001 -15"><span class='ocrx_word' id='word_1_95' title='bbox 121 828 297 860; x_wconf 80' lang='lat' dir='ltr'>storum.</span> <span class='ocrx_word' id='word_1_96' title='bbox 357 819 417 860; x_wconf 89' lang='lat' dir='ltr'>At</span> <span class='ocrx_word' id='word_1_97' title='bbox 442 819 517 860; x_wconf 88' lang='lat' dir='ltr'>viri</span> <span class='ocrx_word' id='word_1_98' title='bbox 551 833 664 874; x_wconf 64' lang='lat' dir='ltr'>saepe</span> <span class='ocrx_word' id='word_1_99' title='bbox 694 818 942 860; x_wconf 80' lang='lat' dir='ltr'>excellentis</span> <span class='ocrx_word' id='word_1_100' title='bbox 974 819 1183 874; x_wconf 74' lang='lat' dir='ltr'>ancipites</span> <span class='ocrx_word' id='word_1_101' title='bbox 1217 820 1407 874; x_wconf 84' lang='lat' dir='ltr'>variique</span> <span class='ocrx_word' id='word_1_102' title='bbox 1432 834 1553 861; x_wconf 86' lang='lat' dir='ltr'>casus</span> 
     </span>
     <span class='ocr_line' id='line_1_14' title="bbox 119 871 1553 931; baseline 0.001 -15"><span class='ocrx_word' id='word_1_103' title='bbox 119 871 283 918; x_wconf 84' lang='lat' dir='ltr'>habent</span> <span class='ocrx_word' id='word_1_104' title='bbox 305 877 644 926; x_wconf 80' lang='lat' dir='ltr'>admirationem,</span> <span class='ocrx_word' id='word_1_105' title='bbox 661 876 1046 931; x_wconf 77' lang='lat' dir='ltr'>exspectationem,</span> <span class='ocrx_word' id='word_1_106' title='bbox 1064 877 1274 926; x_wconf 79' lang='lat' dir='ltr'>laetitiam,</span> <span class='ocrx_word' id='word_1_107' title='bbox 1297 876 1553 929; x_wconf 81' lang='lat' dir='ltr'>molestiam,</span> 
     </span>
     <span class='ocr_line' id='line_1_15' title="bbox 121 933 1554 988; baseline 0.001 -16"><span class='ocrx_word' id='word_1_108' title='bbox 121 947 256 988; x_wconf 85' lang='lat' dir='ltr'>spem,</span> <span class='ocrx_word' id='word_1_109' title='bbox 281 934 502 975; x_wconf 85' lang='lat' dir='ltr'>timorem:</span> <span class='ocrx_word' id='word_1_110' title='bbox 535 934 567 973; x_wconf 91' lang='lat' dir='ltr'>si</span> <span class='ocrx_word' id='word_1_111' title='bbox 603 947 700 973; x_wconf 79' lang='lat' dir='ltr'>vero</span> <span class='ocrx_word' id='word_1_112' title='bbox 732 933 852 973; x_wconf 78' lang='lat' dir='ltr'>exitu</span> <span class='ocrx_word' id='word_1_113' title='bbox 886 933 1062 973; x_wconf 77' lang='lat' dir='ltr'>notabili</span> <span class='ocrx_word' id='word_1_114' title='bbox 1095 933 1434 985; x_wconf 77' lang='lat' dir='ltr'>concluduntur3</span> <span class='ocrx_word' id='word_1_115' title='bbox 1477 947 1554 974; x_wconf 88' lang='lat' dir='ltr'>ex-</span> 
     </span>
     <span class='ocr_line' id='line_1_16' title="bbox 119 989 1550 1046; baseline 0 -16"><span class='ocrx_word' id='word_1_116' title='bbox 119 990 260 1044; x_wconf 89' lang='lat' dir='ltr'>pletur</span> <span class='ocrx_word' id='word_1_117' title='bbox 281 989 780 1045; x_wconf 82' lang='lat' dir='ltr'>aniinusjueundissima</span> <span class='ocrx_word' id='word_1_118' title='bbox 803 990 998 1030; x_wconf 82' lang='lat' dir='ltr'>lectionis</span> <span class='ocrx_word' id='word_1_119' title='bbox 1027 990 1260 1046; x_wconf 77' lang='lat' dir='ltr'>voluptate.</span> <span class='ocrx_word' id='word_1_120' title='bbox 1322 990 1422 1036; x_wconf 82' lang='lat' dir='ltr'>Quo</span> <span class='ocrx_word' id='word_1_121' title='bbox 1445 990 1550 1030; x_wconf 87' lang='lat' dir='ltr'>mihi</span> 
     </span>
     <span class='ocr_line' id='line_1_17' title="bbox 120 1047 1552 1102; baseline 0.001 -16"><span class='ocrx_word' id='word_1_122' title='bbox 120 1047 324 1088; x_wconf 85' lang='lat' dir='ltr'>acciderit</span> <span class='ocrx_word' id='word_1_123' title='bbox 345 1048 550 1102; x_wconf 85' lang='lat' dir='ltr'>optatius,</span> <span class='ocrx_word' id='word_1_124' title='bbox 574 1047 606 1087; x_wconf 82' lang='lat' dir='ltr'>si</span> <span class='ocrx_word' id='word_1_125' title='bbox 631 1047 672 1086; x_wconf 91' lang='lat' dir='ltr'>in</span> <span class='ocrx_word' id='word_1_126' title='bbox 693 1047 773 1088; x_wconf 81' lang='lat' dir='ltr'>hae</span> <span class='ocrx_word' id='word_1_127' title='bbox 805 1047 1015 1087; x_wconf 86' lang='lat' dir='ltr'>sententia</span> <span class='ocrx_word' id='word_1_128' title='bbox 1038 1047 1181 1097; x_wconf 80' lang='lat' dir='ltr'>fueris,</span> <span class='ocrx_word' id='word_1_129' title='bbox 1205 1058 1251 1088; x_wconf 86' lang='lat' dir='ltr'>ut</span> <span class='ocrx_word' id='word_1_130' title='bbox 1274 1062 1299 1088; x_wconf 85' lang='lat' dir='ltr'>a</span> <span class='ocrx_word' id='word_1_131' title='bbox 1327 1047 1552 1088; x_wconf 87' lang='lat' dir='ltr'>eontinen—</span> 
     </span>
     <span class='ocr_line' id='line_1_18' title="bbox 120 1103 1552 1160; baseline 0.001 -17"><span class='ocrx_word' id='word_1_132' title='bbox 120 1103 235 1144; x_wconf 87' lang='lat' dir='ltr'>tibus</span> <span class='ocrx_word' id='word_1_133' title='bbox 260 1104 342 1144; x_wconf 83' lang='lat' dir='ltr'>tuis</span> <span class='ocrx_word' id='word_1_134' title='bbox 366 1104 550 1159; x_wconf 83' lang='lat' dir='ltr'>seriptis,</span> <span class='ocrx_word' id='word_1_135' title='bbox 575 1103 615 1143; x_wconf 91' lang='lat' dir='ltr'>in</span> <span class='ocrx_word' id='word_1_136' title='bbox 639 1105 794 1157; x_wconf 87' lang='lat' dir='ltr'>quibus</span> <span class='ocrx_word' id='word_1_137' title='bbox 816 1114 1062 1159; x_wconf 85' lang='lat' dir='ltr'>perpetuam</span> <span class='ocrx_word' id='word_1_138' title='bbox 1084 1119 1221 1144; x_wconf 88' lang='lat' dir='ltr'>rerum</span> <span class='ocrx_word' id='word_1_139' title='bbox 1245 1113 1462 1160; x_wconf 83' lang='lat' dir='ltr'>gestarum</span> <span class='ocrx_word' id='word_1_140' title='bbox 1486 1104 1552 1144; x_wconf 90' lang='lat' dir='ltr'>hi-</span> 
     </span>
     <span class='ocr_line' id='line_1_19' title="bbox 121 1160 1596 1216; baseline 0 -15"><span class='ocrx_word' id='word_1_141' title='bbox 121 1161 296 1201; x_wconf 83' lang='lat' dir='ltr'>storiam</span> <span class='ocrx_word' id='word_1_142' title='bbox 330 1161 640 1216; x_wconf 79' lang='lat' dir='ltr'>eomplccteriS,</span> <span class='ocrx_word' id='word_1_143' title='bbox 673 1175 866 1201; x_wconf 85' lang='lat' dir='ltr'>secernas</span> <span class='ocrx_word' id='word_1_144' title='bbox 899 1160 1010 1200; x_wconf 87' lang='lat' dir='ltr'>hanc</span> <span class='ocrx_word' id='word_1_145' title='bbox 1031 1161 1152 1215; x_wconf 89' lang='lat' dir='ltr'>quasi</span> <span class='ocrx_word' id='word_1_146' title='bbox 1186 1161 1376 1201; x_wconf 84' lang='lat' dir='ltr'>fabulam</span> <span class='ocrx_word' id='word_1_147' title='bbox 1411 1175 1547 1201; x_wconf 90' lang='lat' dir='ltr'>rerum</span> <span class='ocrx_word' id='word_1_148' title='bbox 1564 1171 1596 1201; x_wconf 90' lang='lat' dir='ltr'>b.</span> 
     </span>
     <span class='ocr_line' id='line_1_20' title="bbox 116 1216 1551 1272; baseline 0.001 -16"><span class='ocrx_word' id='word_1_149' title='bbox 116 1222 452 1272; x_wconf 84' lang='lat' dir='ltr'>eventorumque</span> <span class='ocrx_word' id='word_1_150' title='bbox 485 1227 743 1257; x_wconf 88' lang='lat' dir='ltr'>nostrorum.</span> <span class='ocrx_word' id='word_1_151' title='bbox 805 1216 953 1257; x_wconf 83' lang='lat' dir='ltr'>Habet</span> <span class='ocrx_word' id='word_1_152' title='bbox 975 1217 1087 1257; x_wconf 87' lang='lat' dir='ltr'>enim</span> <span class='ocrx_word' id='word_1_153' title='bbox 1113 1218 1251 1258; x_wconf 77' lang='lat' dir='ltr'>varios</span> <span class='ocrx_word' id='word_1_154' title='bbox 1284 1228 1419 1267; x_wconf 81' lang='lat' dir='ltr'>actus,</span> <span class='ocrx_word' id='word_1_155' title='bbox 1444 1217 1551 1257; x_wconf 91' lang='lat' dir='ltr'>mul-</span> 
     </span>
     <span class='ocr_line' id='line_1_21' title="bbox 117 1273 1551 1329; baseline 0 -15"><span class='ocrx_word' id='word_1_156' title='bbox 117 1283 266 1329; x_wconf 84' lang='lat' dir='ltr'>tasque</span> <span class='ocrx_word' id='word_1_157' title='bbox 295 1274 485 1314; x_wconf 84' lang='lat' dir='ltr'>actiones</span> <span class='ocrx_word' id='word_1_158' title='bbox 508 1283 551 1313; x_wconf 88' lang='lat' dir='ltr'>et</span> <span class='ocrx_word' id='word_1_159' title='bbox 581 1273 858 1313; x_wconf 86' lang='lat' dir='ltr'>consiliorum</span> <span class='ocrx_word' id='word_1_160' title='bbox 889 1283 932 1313; x_wconf 83' lang='lat' dir='ltr'>et</span> <span class='ocrx_word' id='word_1_161' title='bbox 955 1283 1212 1329; x_wconf 88' lang='lat' dir='ltr'>temporum.</span> <span class='ocrx_word' id='word_1_162' title='bbox 1273 1273 1339 1314; x_wconf 91' lang='lat' dir='ltr'>Ae</span> <span class='ocrx_word' id='word_1_163' title='bbox 1370 1288 1457 1314; x_wconf 86' lang='lat' dir='ltr'>non</span> <span class='ocrx_word' id='word_1_164' title='bbox 1480 1289 1551 1314; x_wconf 77' lang='lat' dir='ltr'>ve-</span> 
     </span>
     <span class='ocr_line' id='line_1_22' title="bbox 116 1330 1551 1386; baseline 0.001 -16"><span class='ocrx_word' id='word_1_165' title='bbox 116 1344 224 1380; x_wconf 88' lang='lat' dir='ltr'>reor,</span> <span class='ocrx_word' id='word_1_166' title='bbox 247 1345 299 1371; x_wconf 89' lang='lat' dir='ltr'>ne</span> <span class='ocrx_word' id='word_1_167' title='bbox 318 1330 678 1370; x_wconf 84' lang='lat' dir='ltr'>assentatiuncula</span> <span class='ocrx_word' id='word_1_168' title='bbox 704 1330 888 1384; x_wconf 81' lang='lat' dir='ltr'>quadam</span> <span class='ocrx_word' id='word_1_169' title='bbox 911 1331 1115 1386; x_wconf 83' lang='lat' dir='ltr'>aucupari</span> <span class='ocrx_word' id='word_1_170' title='bbox 1140 1342 1257 1371; x_wconf 89' lang='lat' dir='ltr'>tuam</span> <span class='ocrx_word' id='word_1_171' title='bbox 1280 1331 1464 1386; x_wconf 84' lang='lat' dir='ltr'>gratiam</span> <span class='ocrx_word' id='word_1_172' title='bbox 1489 1331 1551 1371; x_wconf 89' lang='lat' dir='ltr'>vi-</span> 
     </span>
     <span class='ocr_line' id='line_1_23' title="bbox 115 1386 1548 1443; baseline 0 -16"><span class='ocrx_word' id='word_1_173' title='bbox 115 1387 229 1436; x_wconf 86' lang='lat' dir='ltr'>dear,</span> <span class='ocrx_word' id='word_1_174' title='bbox 249 1389 400 1428; x_wconf 73' lang='lat' dir='ltr'>49cum</span> <span class='ocrx_word' id='word_1_175' title='bbox 431 1386 514 1427; x_wconf 91' lang='lat' dir='ltr'>hoe</span> <span class='ocrx_word' id='word_1_176' title='bbox 547 1387 852 1437; x_wconf 79' lang='lat' dir='ltr'>demonstrem,</span> <span class='ocrx_word' id='word_1_177' title='bbox 877 1401 945 1427; x_wconf 88' lang='lat' dir='ltr'>me</span> <span class='ocrx_word' id='word_1_178' title='bbox 967 1402 991 1427; x_wconf 85' lang='lat' dir='ltr'>a</span> <span class='ocrx_word' id='word_1_179' title='bbox 1023 1398 1063 1428; x_wconf 89' lang='lat' dir='ltr'>te</span> <span class='ocrx_word' id='word_1_180' title='bbox 1099 1388 1371 1443; x_wconf 89' lang='lat' dir='ltr'>potissimum</span> <span class='ocrx_word' id='word_1_181' title='bbox 1408 1388 1548 1428; x_wconf 86' lang='lat' dir='ltr'>ornari</span> 
     </span>
     <span class='ocr_line' id='line_1_24' title="bbox 113 1443 1551 1500; baseline 0.001 -17"><span class='ocrx_word' id='word_1_182' title='bbox 113 1443 403 1499; x_wconf 87' lang='lat' dir='ltr'>celebrarique</span> <span class='ocrx_word' id='word_1_183' title='bbox 424 1444 540 1485; x_wconf 82' lang='lat' dir='ltr'>velle.</span> <span class='ocrx_word' id='word_1_184' title='bbox 601 1444 754 1498; x_wconf 86' lang='lat' dir='ltr'>Neque</span> <span class='ocrx_word' id='word_1_185' title='bbox 776 1445 888 1484; x_wconf 88' lang='lat' dir='ltr'>enim</span> <span class='ocrx_word' id='word_1_186' title='bbox 919 1453 963 1484; x_wconf 89' lang='lat' dir='ltr'>tu</span> <span class='ocrx_word' id='word_1_187' title='bbox 988 1444 1022 1484; x_wconf 87' lang='lat' dir='ltr'>is</span> <span class='ocrx_word' id='word_1_188' title='bbox 1044 1459 1103 1495; x_wconf 91' lang='lat' dir='ltr'>es,</span> <span class='ocrx_word' id='word_1_189' title='bbox 1128 1448 1167 1476; x_wconf 85' lang='lat'>50</span> <span class='ocrx_word' id='word_1_190' title='bbox 1181 1445 1270 1500; x_wconf 91' lang='lat' dir='ltr'>qui,</span> <span class='ocrx_word' id='word_1_191' title='bbox 1289 1445 1362 1499; x_wconf 89' lang='lat' dir='ltr'>qui</span> <span class='ocrx_word' id='word_1_192' title='bbox 1386 1445 1456 1494; x_wconf 91' lang='lat' dir='ltr'>sis,</span> <span class='ocrx_word' id='word_1_193' title='bbox 1479 1459 1551 1485; x_wconf 89' lang='lat' dir='ltr'>ne-</span> 
     </span>
     <span class='ocr_line' id='line_1_25' title="bbox 115 1500 1550 1556; baseline 0 -16"><span class='ocrx_word' id='word_1_194' title='bbox 115 1500 246 1542; x_wconf 84' lang='lat' dir='ltr'>scias:</span> <span class='ocrx_word' id='word_1_195' title='bbox 285 1510 327 1541; x_wconf 90' lang='lat' dir='ltr'>et</span> <span class='ocrx_word' id='word_1_196' title='bbox 357 1501 429 1555; x_wconf 87' lang='lat' dir='ltr'>qui</span> <span class='ocrx_word' id='word_1_197' title='bbox 462 1515 548 1541; x_wconf 90' lang='lat' dir='ltr'>non</span> <span class='ocrx_word' id='word_1_198' title='bbox 580 1514 651 1540; x_wconf 89' lang='lat' dir='ltr'>eos</span> <span class='ocrx_word' id='word_1_199' title='bbox 684 1501 835 1556; x_wconf 85' lang='lat' dir='ltr'>magis,</span> <span class='ocrx_word' id='word_1_200' title='bbox 859 1501 931 1555; x_wconf 88' lang='lat' dir='ltr'>qui</span> <span class='ocrx_word' id='word_1_201' title='bbox 957 1511 998 1541; x_wconf 91' lang='lat' dir='ltr'>te</span> <span class='ocrx_word' id='word_1_202' title='bbox 1021 1516 1106 1542; x_wconf 89' lang='lat' dir='ltr'>non</span> <span class='ocrx_word' id='word_1_203' title='bbox 1138 1502 1417 1551; x_wconf 86' lang='lat' dir='ltr'>admirentur,</span> <span class='ocrx_word' id='word_1_204' title='bbox 1441 1501 1550 1541; x_wconf 81' lang='lat' dir='ltr'>invi-</span> 
     </span>
     <span class='ocr_line' id='line_1_26' title="bbox 114 1557 1550 1612; baseline 0.001 -16"><span class='ocrx_word' id='word_1_205' title='bbox 114 1557 206 1608; x_wconf 85' lang='lat' dir='ltr'>dos,</span> <span class='ocrx_word' id='word_1_206' title='bbox 229 1571 356 1611; x_wconf 84' lang='lat' dir='ltr'>quam</span> <span class='ocrx_word' id='word_1_207' title='bbox 379 1571 465 1608; x_wconf 90' lang='lat' dir='ltr'>eos,</span> <span class='ocrx_word' id='word_1_208' title='bbox 488 1557 561 1612; x_wconf 85' lang='lat' dir='ltr'>qui</span> <span class='ocrx_word' id='word_1_209' title='bbox 584 1557 771 1608; x_wconf 88' lang='lat' dir='ltr'>laudent,</span> <span class='ocrx_word' id='word_1_210' title='bbox 797 1566 1080 1598; x_wconf 80' lang='lat' dir='ltr'>assentatores</span> <span class='ocrx_word' id='word_1_211' title='bbox 1114 1559 1333 1599; x_wconf 84' lang='lat' dir='ltr'>arbitrere.</span> <span class='ocrx_word' id='word_1_212' title='bbox 1396 1558 1550 1612; x_wconf 59' lang='lat' dir='ltr'>Reque</span> 
     </span>
     <span class='ocr_line' id='line_1_27' title="bbox 115 1614 1550 1670; baseline 0 -16"><span class='ocrx_word' id='word_1_213' title='bbox 115 1623 256 1654; x_wconf 84' lang='lat' dir='ltr'>autem</span> <span class='ocrx_word' id='word_1_214' title='bbox 279 1628 361 1669; x_wconf 89' lang='lat' dir='ltr'>ego</span> <span class='ocrx_word' id='word_1_215' title='bbox 395 1628 488 1654; x_wconf 87' lang='lat' dir='ltr'>sum</span> <span class='ocrx_word' id='word_1_216' title='bbox 522 1615 582 1654; x_wconf 81' lang='lat' dir='ltr'>ita</span> <span class='ocrx_word' id='word_1_217' title='bbox 616 1614 805 1664; x_wconf 87' lang='lat' dir='ltr'>demens,</span> <span class='ocrx_word' id='word_1_218' title='bbox 830 1625 876 1654; x_wconf 87' lang='lat' dir='ltr'>ut</span> <span class='ocrx_word' id='word_1_219' title='bbox 897 1629 965 1654; x_wconf 89' lang='lat' dir='ltr'>me</span> <span class='ocrx_word' id='word_1_220' title='bbox 999 1615 1270 1670; x_wconf 82' lang='lat' dir='ltr'>sempiternae</span> <span class='ocrx_word' id='word_1_221' title='bbox 1301 1615 1449 1670; x_wconf 77' lang='lat' dir='ltr'>gloriae</span> <span class='ocrx_word' id='word_1_222' title='bbox 1475 1628 1550 1670; x_wconf 88' lang='lat' dir='ltr'>per</span> 
     </span>
     <span class='ocr_line' id='line_1_28' title="bbox 113 1671 1547 1727; baseline 0.001 -17"><span class='ocrx_word' id='word_1_223' title='bbox 113 1684 211 1711; x_wconf 88' lang='lat' dir='ltr'>eum</span> <span class='ocrx_word' id='word_1_224' title='bbox 246 1671 538 1711; x_wconf 88' lang='lat' dir='ltr'>commendari</span> <span class='ocrx_word' id='word_1_225' title='bbox 573 1671 714 1721; x_wconf 86' lang='lat' dir='ltr'>velim,</span> <span class='ocrx_word' id='word_1_226' title='bbox 737 1671 810 1726; x_wconf 90' lang='lat' dir='ltr'>qui</span> <span class='ocrx_word' id='word_1_227' title='bbox 846 1686 930 1711; x_wconf 88' lang='lat' dir='ltr'>non</span> <span class='ocrx_word' id='word_1_228' title='bbox 956 1672 1045 1726; x_wconf 88' lang='lat' dir='ltr'>ipse</span> <span class='ocrx_word' id='word_1_229' title='bbox 1067 1686 1239 1727; x_wconf 89' lang='lat' dir='ltr'>quoque</span> <span class='ocrx_word' id='word_1_230' title='bbox 1265 1673 1305 1712; x_wconf 89' lang='lat' dir='ltr'>in</span> <span class='ocrx_word' id='word_1_231' title='bbox 1331 1686 1397 1712; x_wconf 87' lang='lat' dir='ltr'>me</span> <span class='ocrx_word' id='word_1_232' title='bbox 1429 1685 1547 1712; x_wconf 86' lang='lat' dir='ltr'>eom-</span> 
     </span>
     <span class='ocr_line' id='line_1_29' title="bbox 114 1727 1547 1784; baseline 0.001 -17"><span class='ocrx_word' id='word_1_233' title='bbox 114 1727 356 1768; x_wconf 86' lang='lat' dir='ltr'>mendando</span> <span class='ocrx_word' id='word_1_234' title='bbox 377 1728 593 1783; x_wconf 85' lang='lat' dir='ltr'>propriam</span> <span class='ocrx_word' id='word_1_235' title='bbox 628 1728 791 1783; x_wconf 86' lang='lat' dir='ltr'>ingenii</span> <span class='ocrx_word' id='word_1_236' title='bbox 815 1728 998 1783; x_wconf 84' lang='lat' dir='ltr'>gloriam</span> <span class='ocrx_word' id='word_1_237' title='bbox 1028 1738 1331 1784; x_wconf 87' lang='lat' dir='ltr'>consequatur.</span> <span class='ocrx_word' id='word_1_238' title='bbox 1394 1728 1547 1782; x_wconf 87' lang='lat' dir='ltr'>Neque</span> 
     </span>
     <span class='ocr_line' id='line_1_30' title="bbox 111 1783 1546 1841; baseline 0.001 -17"><span class='ocrx_word' id='word_1_239' title='bbox 111 1784 226 1824; x_wconf 82' lang='lat' dir='ltr'>enim</span> <span class='ocrx_word' id='word_1_240' title='bbox 258 1783 505 1825; x_wconf 78' lang='lat' dir='ltr'>Alexander</span> <span class='ocrx_word' id='word_1_241' title='bbox 541 1784 623 1834; x_wconf 89' lang='lat' dir='ltr'>ille,</span> <span class='ocrx_word' id='word_1_242' title='bbox 660 1785 812 1840; x_wconf 72' lang='lat' dir='ltr'>gratiae</span> <span class='ocrx_word' id='word_1_243' title='bbox 846 1799 972 1826; x_wconf 85' lang='lat' dir='ltr'>eausa</span> <span class='ocrx_word' id='word_1_244' title='bbox 1006 1786 1061 1826; x_wconf 88' lang='lat' dir='ltr'>ab</span> <span class='ocrx_word' id='word_1_245' title='bbox 1084 1784 1235 1841; x_wconf 88' lang='lat' dir='ltr'>Apelle</span> <span class='ocrx_word' id='word_1_246' title='bbox 1269 1785 1546 1840; x_wconf 80' lang='lat' dir='ltr'>potissimum</span> 
     </span>
     <span class='ocr_line' id='line_1_31' title="bbox 112 1841 1547 1897; baseline 0.001 -16"><span class='ocrx_word' id='word_1_247' title='bbox 112 1841 247 1897; x_wconf 86' lang='lat' dir='ltr'>pingi,</span> <span class='ocrx_word' id='word_1_248' title='bbox 271 1849 314 1881; x_wconf 91' lang='lat' dir='ltr'>et</span> <span class='ocrx_word' id='word_1_249' title='bbox 335 1856 360 1881; x_wconf 87' lang='lat' dir='ltr'>a</span> <span class='ocrx_word' id='word_1_250' title='bbox 384 1841 575 1897; x_wconf 90' lang='lat' dir='ltr'>Lysippo</span> <span class='ocrx_word' id='word_1_251' title='bbox 606 1841 711 1896; x_wconf 85' lang='lat' dir='ltr'>fingi</span> <span class='ocrx_word' id='word_1_252' title='bbox 736 1842 933 1895; x_wconf 78' lang='lat' dir='ltr'>volebat3</span> <span class='ocrx_word' id='word_1_253' title='bbox 965 1843 1035 1883; x_wconf 89' lang='lat' dir='ltr'>sed</span> <span class='ocrx_word' id='word_1_254' title='bbox 1070 1842 1186 1897; x_wconf 90' lang='lat' dir='ltr'>quod</span> <span class='ocrx_word' id='word_1_255' title='bbox 1210 1841 1377 1883; x_wconf 87' lang='lat' dir='ltr'>illorum</span> <span class='ocrx_word' id='word_1_256' title='bbox 1411 1851 1547 1882; x_wconf 87' lang='lat' dir='ltr'>artem</span> 
     </span>
     <span class='ocr_line' id='line_1_32' title="bbox 109 1897 1545 1954; baseline 0 -16"><span class='ocrx_word' id='word_1_257' title='bbox 109 1911 207 1938; x_wconf 89' lang='lat' dir='ltr'>cum</span> <span class='ocrx_word' id='word_1_258' title='bbox 232 1897 348 1953; x_wconf 85' lang='lat' dir='ltr'>ipsis,</span> <span class='ocrx_word' id='word_1_259' title='bbox 372 1907 461 1938; x_wconf 87' lang='lat' dir='ltr'>tum</span> <span class='ocrx_word' id='word_1_260' title='bbox 493 1899 622 1939; x_wconf 85' lang='lat' dir='ltr'>etiam</span> <span class='ocrx_word' id='word_1_261' title='bbox 654 1898 736 1939; x_wconf 90' lang='lat' dir='ltr'>sibi</span> <span class='ocrx_word' id='word_1_262' title='bbox 768 1898 917 1953; x_wconf 82' lang='lat' dir='ltr'>gloriae</span> <span class='ocrx_word' id='word_1_263' title='bbox 941 1898 1032 1940; x_wconf 89' lang='lat' dir='ltr'>fore</span> <span class='ocrx_word' id='word_1_264' title='bbox 1063 1900 1258 1954; x_wconf 87' lang='lat' dir='ltr'>putabat.</span> <span class='ocrx_word' id='word_1_265' title='bbox 1317 1898 1463 1953; x_wconf 85' lang='lat' dir='ltr'>Atque</span> <span class='ocrx_word' id='word_1_266' title='bbox 1485 1897 1545 1938; x_wconf 91' lang='lat' dir='ltr'>illi</span> 
     </span>
     <span class='ocr_line' id='line_1_33' title="bbox 110 1954 1548 2011; baseline 0.001 -17"><span class='ocrx_word' id='word_1_267' title='bbox 110 1954 294 1995; x_wconf 83' lang='lat' dir='ltr'>artifices</span> <span class='ocrx_word' id='word_1_268' title='bbox 316 1956 507 2011; x_wconf 90' lang='lat' dir='ltr'>eorporis</span> <span class='ocrx_word' id='word_1_269' title='bbox 530 1955 756 1996; x_wconf 85' lang='lat' dir='ltr'>simulacra</span> <span class='ocrx_word' id='word_1_270' title='bbox 777 1955 936 2010; x_wconf 85' lang='lat' dir='ltr'>ignotis</span> <span class='ocrx_word' id='word_1_271' title='bbox 961 1965 1062 1996; x_wconf 81' lang='lat' dir='ltr'>nota</span> <span class='ocrx_word' id='word_1_272' title='bbox 1084 1955 1329 1997; x_wconf 80' lang='lat' dir='ltr'>faciebant:</span> <span class='ocrx_word' id='word_1_273' title='bbox 1363 1970 1460 2011; x_wconf 84' lang='lat' dir='ltr'>quae</span> <span class='ocrx_word' id='word_1_274' title='bbox 1481 1955 1548 1996; x_wconf 89' lang='lat' dir='ltr'>vel</span> 
     </span>
     <span class='ocr_line' id='line_1_34' title="bbox 110 2011 1548 2062; baseline 0.001 -12"><span class='ocrx_word' id='word_1_275' title='bbox 110 2011 144 2050; x_wconf 79' lang='lat' dir='ltr'>si</span> <span class='ocrx_word' id='word_1_276' title='bbox 169 2011 280 2052; x_wconf 87' lang='lat' dir='ltr'>nulla</span> <span class='ocrx_word' id='word_1_277' title='bbox 303 2012 402 2062; x_wconf 87' lang='lat' dir='ltr'>sint,</span> <span class='ocrx_word' id='word_1_278' title='bbox 432 2012 567 2058; x_wconf 85' lang='lat' dir='ltr'>nihilo</span> <span class='ocrx_word' id='word_1_279' title='bbox 590 2013 676 2053; x_wconf 88' lang='lat' dir='ltr'>sint</span> <span class='ocrx_word' id='word_1_280' title='bbox 699 2021 840 2052; x_wconf 82' lang='lat' dir='ltr'>tamen</span> <span class='ocrx_word' id='word_1_281' title='bbox 873 2013 1141 2053; x_wconf 78' lang='lat' dir='ltr'>obscuriores</span> <span class='ocrx_word' id='word_1_282' title='bbox 1164 2013 1266 2053; x_wconf 87' lang='lat' dir='ltr'>clari</span> <span class='ocrx_word' id='word_1_283' title='bbox 1297 2013 1391 2053; x_wconf 85' lang='lat' dir='ltr'>viri.</span> <span class='ocrx_word' id='word_1_284' title='bbox 1452 2011 1548 2052; x_wconf 88' lang='lat' dir='ltr'>Nee</span> 
     </span>
     <span class='ocr_line' id='line_1_35' title="bbox 108 2067 1549 2125; baseline 0.001 -18"><span class='ocrx_word' id='word_1_285' title='bbox 108 2067 249 2109; x_wconf 89' lang='lat' dir='ltr'>minus</span> <span class='ocrx_word' id='word_1_286' title='bbox 281 2078 346 2109; x_wconf 89' lang='lat' dir='ltr'>est</span> <span class='ocrx_word' id='word_1_287' title='bbox 377 2068 613 2124; x_wconf 83' lang='lat' dir='ltr'>Spartiates</span> <span class='ocrx_word' id='word_1_288' title='bbox 643 2068 868 2125; x_wconf 82' lang='lat' dir='ltr'>Agesilaus</span> <span class='ocrx_word' id='word_1_289' title='bbox 892 2069 961 2110; x_wconf 88' lang='lat' dir='ltr'>ille</span> <span class='ocrx_word' id='word_1_290' title='bbox 986 2069 1288 2125; x_wconf 82' lang='lat' dir='ltr'>perhibendus,</span> <span class='ocrx_word' id='word_1_291' title='bbox 1312 2070 1385 2124; x_wconf 89' lang='lat' dir='ltr'>qui</span> <span class='ocrx_word' id='word_1_292' title='bbox 1408 2083 1549 2123; x_wconf 87' lang='lat' dir='ltr'>neque</span> 
     </span>
     <span class='ocr_line' id='line_1_36' title="bbox 110 2124 1546 2183; baseline 0.001 -18"><span class='ocrx_word' id='word_1_293' title='bbox 110 2124 269 2178; x_wconf 88' lang='lat' dir='ltr'>pictam</span> <span class='ocrx_word' id='word_1_294' title='bbox 292 2140 429 2180; x_wconf 88' lang='lat' dir='ltr'>neque</span> <span class='ocrx_word' id='word_1_295' title='bbox 461 2126 604 2167; x_wconf 87' lang='lat' dir='ltr'>fictam</span> <span class='ocrx_word' id='word_1_296' title='bbox 628 2126 859 2183; x_wconf 82' lang='lat' dir='ltr'>imaginem</span> <span class='ocrx_word' id='word_1_297' title='bbox 884 2141 1002 2166; x_wconf 88' lang='lat' dir='ltr'>suam</span> <span class='ocrx_word' id='word_1_298' title='bbox 1026 2141 1173 2181; x_wconf 81' lang='lat' dir='ltr'>passus</span> <span class='ocrx_word' id='word_1_299' title='bbox 1196 2135 1261 2166; x_wconf 90' lang='lat' dir='ltr'>est</span> <span class='ocrx_word' id='word_1_300' title='bbox 1289 2140 1394 2177; x_wconf 88' lang='lat' dir='ltr'>esse,</span> <span class='ocrx_word' id='word_1_301' title='bbox 1417 2140 1546 2181; x_wconf 87' lang='lat' dir='ltr'>quam</span> 
     </span>
     <span class='ocr_line' id='line_1_37' title="bbox 108 2182 1547 2238; baseline 0.001 -17"><span class='ocrx_word' id='word_1_302' title='bbox 108 2182 179 2234; x_wconf 85' lang='lat' dir='ltr'>qui</span> <span class='ocrx_word' id='word_1_303' title='bbox 206 2182 245 2222; x_wconf 91' lang='lat' dir='ltr'>in</span> <span class='ocrx_word' id='word_1_304' title='bbox 269 2196 320 2222; x_wconf 90' lang='lat' dir='ltr'>eo</span> <span class='ocrx_word' id='word_1_305' title='bbox 344 2197 499 2237; x_wconf 86' lang='lat' dir='ltr'>genere</span> <span class='ocrx_word' id='word_1_306' title='bbox 520 2183 781 2223; x_wconf 86' lang='lat' dir='ltr'>laborarunt.</span> <span class='ocrx_word' id='word_1_307' title='bbox 816 2197 923 2223; x_wconf 86' lang='lat' dir='ltr'>unus</span> <span class='ocrx_word' id='word_1_308' title='bbox 945 2183 1061 2223; x_wconf 86' lang='lat' dir='ltr'>enim</span> <span class='ocrx_word' id='word_1_309' title='bbox 1085 2182 1395 2238; x_wconf 85' lang='lat' dir='ltr'>Xenophontis</span> <span class='ocrx_word' id='word_1_310' title='bbox 1425 2182 1547 2223; x_wconf 91' lang='lat' dir='ltr'>libel-</span> 
     </span>
     <span class='ocr_line' id='line_1_38' title="bbox 107 2235 1546 2295; baseline 0.001 -17"><span class='ocrx_word' id='word_1_311' title='bbox 107 2235 170 2278; x_wconf 89' lang='lat' dir='ltr'>lus</span> <span class='ocrx_word' id='word_1_312' title='bbox 195 2238 236 2278; x_wconf 92' lang='lat' dir='ltr'>in</span> <span class='ocrx_word' id='word_1_313' title='bbox 259 2253 310 2278; x_wconf 92' lang='lat' dir='ltr'>eo</span> <span class='ocrx_word' id='word_1_314' title='bbox 333 2253 432 2294; x_wconf 88' lang='lat' dir='ltr'>rege</span> <span class='ocrx_word' id='word_1_315' title='bbox 454 2239 666 2280; x_wconf 87' lang='lat' dir='ltr'>laudando</span> <span class='ocrx_word' id='word_1_316' title='bbox 689 2239 814 2280; x_wconf 89' lang='lat' dir='ltr'>facile</span> <span class='ocrx_word' id='word_1_317' title='bbox 837 2254 985 2280; x_wconf 90' lang='lat' dir='ltr'>omnes</span> <span class='ocrx_word' id='word_1_318' title='bbox 1009 2240 1219 2295; x_wconf 86' lang='lat' dir='ltr'>imagines</span> <span class='ocrx_word' id='word_1_319' title='bbox 1243 2240 1438 2280; x_wconf 89' lang='lat' dir='ltr'>omnium</span> <span class='ocrx_word' id='word_1_320' title='bbox 1460 2250 1546 2280; x_wconf 82' lang='lat' dir='ltr'>sta-</span> 
     </span>
     <span class='ocr_line' id='line_1_39' title="bbox 108 2296 1547 2352; baseline 0.001 -18"><span class='ocrx_word' id='word_1_321' title='bbox 108 2304 286 2350; x_wconf 89' lang='lat' dir='ltr'>tuasque</span> <span class='ocrx_word' id='word_1_322' title='bbox 308 2297 539 2351; x_wconf 88' lang='lat' dir='ltr'>superavit.</span> <span class='ocrx_word' id='word_1_323' title='bbox 582 2296 726 2350; x_wconf 87' lang='lat' dir='ltr'>Atque</span> <span class='ocrx_word' id='word_1_324' title='bbox 748 2296 830 2337; x_wconf 92' lang='lat' dir='ltr'>hoc</span> <span class='ocrx_word' id='word_1_325' title='bbox 854 2297 1127 2352; x_wconf 62' lang='lat' dir='ltr'>praestantius</span> <span class='ocrx_word' id='word_1_326' title='bbox 1150 2297 1256 2337; x_wconf 83' lang='lat' dir='ltr'>mihi</span> <span class='ocrx_word' id='word_1_327' title='bbox 1280 2296 1409 2338; x_wconf 88' lang='lat' dir='ltr'>fuerit</span> <span class='ocrx_word' id='word_1_328' title='bbox 1428 2306 1470 2337; x_wconf 92' lang='lat' dir='ltr'>et</span> <span class='ocrx_word' id='word_1_329' title='bbox 1491 2296 1547 2336; x_wconf 89' lang='lat' dir='ltr'>ad</span> 
     </span>
     <span class='ocr_line' id='line_1_40' title="bbox 105 2351 1547 2410; baseline 0.001 -19"><span class='ocrx_word' id='word_1_330' title='bbox 105 2351 299 2392; x_wconf 79' lang='lat' dir='ltr'>laetitiam</span> <span class='ocrx_word' id='word_1_331' title='bbox 324 2353 472 2402; x_wconf 86' lang='lat' dir='ltr'>animi,</span> <span class='ocrx_word' id='word_1_332' title='bbox 494 2363 536 2393; x_wconf 88' lang='lat' dir='ltr'>et</span> <span class='ocrx_word' id='word_1_333' title='bbox 559 2354 608 2393; x_wconf 87' lang='lat' dir='ltr'>ad</span> <span class='ocrx_word' id='word_1_334' title='bbox 633 2354 849 2394; x_wconf 78' lang='lat' dir='ltr'>memoriae</span> <span class='ocrx_word' id='word_1_335' title='bbox 870 2354 1144 2410; x_wconf 83' lang='lat' dir='ltr'>dignitatem,</span> <span class='ocrx_word' id='word_1_336' title='bbox 1167 2355 1200 2394; x_wconf 89' lang='lat' dir='ltr'>si</span> <span class='ocrx_word' id='word_1_337' title='bbox 1222 2353 1266 2394; x_wconf 85' lang='lat' dir='ltr'>in</span> <span class='ocrx_word' id='word_1_338' title='bbox 1291 2365 1363 2394; x_wconf 84' lang='lat' dir='ltr'>tua</span> <span class='ocrx_word' id='word_1_339' title='bbox 1385 2353 1547 2408; x_wconf 80' lang='lat' dir='ltr'>scripta</span> 
     </span>
     <span class='ocr_line' id='line_1_41' title="bbox 105 2409 1546 2466; baseline 0 -17"><span class='ocrx_word' id='word_1_340' title='bbox 105 2422 352 2464; x_wconf 88' lang='lat' dir='ltr'>pervenero,</span> <span class='ocrx_word' id='word_1_341' title='bbox 377 2424 505 2465; x_wconf 86' lang='lat' dir='ltr'>quam</span> <span class='ocrx_word' id='word_1_342' title='bbox 529 2412 562 2450; x_wconf 90' lang='lat' dir='ltr'>si</span> <span class='ocrx_word' id='word_1_343' title='bbox 588 2411 630 2450; x_wconf 89' lang='lat' dir='ltr'>in</span> <span class='ocrx_word' id='word_1_344' title='bbox 663 2420 919 2462; x_wconf 87' lang='lat' dir='ltr'>ceterorum,</span> <span class='ocrx_word' id='word_1_345' title='bbox 942 2411 1058 2466; x_wconf 87' lang='lat' dir='ltr'>quod</span> <span class='ocrx_word' id='word_1_346' title='bbox 1079 2425 1166 2452; x_wconf 89' lang='lat' dir='ltr'>non</span> <span class='ocrx_word' id='word_1_347' title='bbox 1191 2411 1412 2466; x_wconf 82' lang='lat' dir='ltr'>ingenium</span> <span class='ocrx_word' id='word_1_348' title='bbox 1437 2409 1546 2450; x_wconf 83' lang='lat' dir='ltr'>mihi</span> 
     </span>
    </p>
   </div>
   <div class='ocr_carea' id='block_1_3' title="bbox 103 2533 1546 2867">
    <p class='ocr_par' dir='ltr' id='par_1_3' title="bbox 105 2533 1546 2658">
     <span class='ocr_line' id='line_1_42' title="bbox 145 2533 1546 2574; baseline 0 -12"><span class='ocrx_word' id='word_1_349' title='bbox 145 2534 186 2563; x_wconf 80' lang='lat'>48</span> <span class='ocrx_word' id='word_1_350' title='bbox 208 2540 294 2571; x_wconf 76' lang='lat' dir='ltr'>equo</span> <span class='ocrx_word' id='word_1_351' title='bbox 317 2533 426 2562; x_wconf 82' lang='lat' dir='ltr'>animo</span> <span class='ocrx_word' id='word_1_352' title='bbox 447 2543 521 2563; x_wconf 79' lang='lat' dir='ltr'>cum</span> <span class='ocrx_word' id='word_1_353' title='bbox 545 2534 642 2563; x_wconf 78' lang='lat' dir='ltr'>laude</span> <span class='ocrx_word' id='word_1_354' title='bbox 665 2543 802 2564; x_wconf 82' lang='lat' dir='ltr'>morere·</span> <span class='ocrx_word' id='word_1_355' title='bbox 845 2534 888 2564; x_wconf 79' lang='lat' dir='ltr'>sis</span> <span class='ocrx_word' id='word_1_356' title='bbox 902 2533 963 2563; x_wconf 87' lang='lat' dir='ltr'>dici</span> <span class='ocrx_word' id='word_1_357' title='bbox 982 2538 1070 2564; x_wconf 84' lang='lat' dir='ltr'>recte</span> <span class='ocrx_word' id='word_1_358' title='bbox 1094 2543 1209 2574; x_wconf 73' lang='lat' dir='ltr'>posse:</span> <span class='ocrx_word' id='word_1_359' title='bbox 1232 2534 1287 2563; x_wconf 78' lang='lat' dir='ltr'>sed</span> <span class='ocrx_word' id='word_1_360' title='bbox 1303 2538 1413 2563; x_wconf 69' lang='lat' dir='ltr'>tamen</span> <span class='ocrx_word' id='word_1_361' title='bbox 1430 2533 1546 2563; x_wconf 82' lang='lat' dir='ltr'>Cicero</span> 
     </span>
     <span class='ocr_line' id='line_1_43' title="bbox 105 2573 1543 2616; baseline 0.003 -14"><span class='ocrx_word' id='word_1_362' title='bbox 105 2573 174 2613; x_wconf 76' lang='lat' dir='ltr'>tur]</span> <span class='ocrx_word' id='word_1_363' title='bbox 199 2574 362 2613; x_wconf 68' lang='lat' dir='ltr'>Quorsum</span> <span class='ocrx_word' id='word_1_364' title='bbox 379 2574 510 2605; x_wconf 74' lang='lat' dir='ltr'>additur</span> <span class='ocrx_word' id='word_1_365' title='bbox 524 2585 597 2605; x_wconf 81' lang='lat' dir='ltr'>cum</span> <span class='ocrx_word' id='word_1_366' title='bbox 615 2576 738 2606; x_wconf 78' lang='lat' dir='ltr'>laude?</span> <span class='ocrx_word' id='word_1_367' title='bbox 753 2583 803 2605; x_wconf 83' lang='lat' dir='ltr'>est</span> <span class='ocrx_word' id='word_1_368' title='bbox 844 2576 929 2605; x_wconf 82' lang='lat' dir='ltr'>solet</span> <span class='ocrx_word' id='word_1_369' title='bbox 945 2575 1050 2606; x_wconf 85' lang='lat' dir='ltr'>dicere</span> <span class='ocrx_word' id='word_1_370' title='bbox 1064 2577 1119 2616; x_wconf 82' lang='lat' dir='ltr'>qui</span> <span class='ocrx_word' id='word_1_371' title='bbox 1141 2578 1196 2606; x_wconf 75' lang='lat' dir='ltr'>sis.</span> <span class='ocrx_word' id='word_1_372' title='bbox 1244 2576 1282 2606; x_wconf 92' lang='lat' dir='ltr'>In</span> <span class='ocrx_word' id='word_1_373' title='bbox 1305 2575 1368 2605; x_wconf 62' lang='grc' dir='ltr'>ΜΞ.</span> <span class='ocrx_word' id='word_1_374' title='bbox 1385 2585 1457 2604; x_wconf 87' lang='lat' dir='ltr'>meo</span> <span class='ocrx_word' id='word_1_375' title='bbox 1479 2574 1543 2606; x_wconf 81' lang='lat' dir='ltr'>Gn.</span> 
     </span>
     <span class='ocr_line' id='line_1_44' title="bbox 107 2614 1542 2658; baseline 0.001 -14"><span class='ocrx_word' id='word_1_376' title='bbox 107 2614 192 2645; x_wconf 85' lang='lat' dir='ltr'>haud</span> <span class='ocrx_word' id='word_1_377' title='bbox 206 2615 302 2647; x_wconf 81' lang='lat' dir='ltr'>dubie</span> <span class='ocrx_word' id='word_1_378' title='bbox 317 2627 335 2647; x_wconf 88' lang='lat' dir='ltr'>a</span> <span class='ocrx_word' id='word_1_379' title='bbox 349 2616 537 2656; x_wconf 75' lang='lat' dir='ltr'>glossatoris</span> <span class='ocrx_word' id='word_1_380' title='bbox 555 2622 644 2647; x_wconf 86' lang='lat' dir='ltr'>nota.</span> <span class='ocrx_word' id='word_1_381' title='bbox 850 2620 875 2647; x_wconf 85' lang='grc'>1.</span> <span class='ocrx_word' id='word_1_382' title='bbox 891 2619 922 2647; x_wconf 71' lang='lat'>⁶2.</span> <span class='ocrx_word' id='word_1_383' title='bbox 937 2617 1009 2648; x_wconf 89' lang='lat' dir='ltr'>edd.</span> <span class='ocrx_word' id='word_1_384' title='bbox 1031 2628 1081 2658; x_wconf 80' lang='lat' dir='ltr'>pr.</span> <span class='ocrx_word' id='word_1_385' title='bbox 1105 2623 1155 2648; x_wconf 88' lang='lat' dir='ltr'>est</span> <span class='ocrx_word' id='word_1_386' title='bbox 1179 2623 1215 2648; x_wconf 83' lang='lat' dir='ltr'>tu</span> <span class='ocrx_word' id='word_1_387' title='bbox 1231 2619 1258 2648; x_wconf 79' lang='lat' dir='ltr'>is</span> <span class='ocrx_word' id='word_1_388' title='bbox 1279 2628 1322 2653; x_wconf 68' lang='grc' dir='ltr'>ες,</span> <span class='ocrx_word' id='word_1_389' title='bbox 1343 2617 1397 2656; x_wconf 77' lang='lat' dir='ltr'>qui.</span> <span class='ocrx_word' id='word_1_390' title='bbox 1418 2617 1473 2652; x_wconf 83' lang='lat' dir='ltr'>sis,</span> <span class='ocrx_word' id='word_1_391' title='bbox 1488 2625 1542 2645; x_wconf 82' lang='lat' dir='ltr'>ne-</span> 
     </span>
    </p>

    <p class='ocr_par' dir='ltr' id='par_1_4' title="bbox 103 2657 1545 2824">
     <span class='ocr_line' id='line_1_45' title="bbox 144 2657 1545 2700; baseline 0.001 -14"><span class='ocrx_word' id='word_1_392' title='bbox 144 2659 187 2691; x_wconf 86' lang='lat'>49</span> <span class='ocrx_word' id='word_1_393' title='bbox 207 2667 281 2687; x_wconf 81' lang='lat' dir='ltr'>cum</span> <span class='ocrx_word' id='word_1_394' title='bbox 310 2660 366 2688; x_wconf 81' lang='grc' dir='ltr'><em>Ιιοι·</em></span> <span class='ocrx_word' id='word_1_395' title='bbox 393 2659 621 2698; x_wconf 77' lang='lat' dir='ltr'>demonstrem]</span> <span class='ocrx_word' id='word_1_396' title='bbox 658 2658 800 2689; x_wconf 83' lang='lat' dir='ltr'>Demon-</span> <span class='ocrx_word' id='word_1_397' title='bbox 843 2661 944 2689; x_wconf 75' lang='lat' dir='ltr'>scias.-</span> <span class='ocrx_word' id='word_1_398' title='bbox 967 2659 1055 2690; x_wconf 84' lang='lat' dir='ltr'>unde</span> <span class='ocrx_word' id='word_1_399' title='bbox 1078 2665 1182 2700; x_wconf 76' lang='lat' dir='ltr'>patet,</span> <span class='ocrx_word' id='word_1_400' title='bbox 1199 2661 1268 2699; x_wconf 78' lang='lat' dir='ltr'>qni,</span> <span class='ocrx_word' id='word_1_401' title='bbox 1291 2660 1340 2688; x_wconf 74' lang='lat' dir='ltr'>bis</span> <span class='ocrx_word' id='word_1_402' title='bbox 1356 2657 1545 2697; x_wconf 80' lang='lat' dir='ltr'>legendum,</span> 
     </span>
     <span class='ocr_line' id='line_1_46' title="bbox 103 2699 1545 2742; baseline 0.001 -14"><span class='ocrx_word' id='word_1_403' title='bbox 103 2702 210 2729; x_wconf 60' lang='lat' dir='ltr'>⁴&#39;trare</span> <span class='ocrx_word' id='word_1_404' title='bbox 230 2699 283 2729; x_wconf 83' lang='lat' dir='ltr'>hie</span> <span class='ocrx_word' id='word_1_405' title='bbox 305 2705 355 2730; x_wconf 84' lang='lat' dir='ltr'>est</span> <span class='ocrx_word' id='word_1_406' title='bbox 376 2701 492 2736; x_wconf 82' lang='lat' dir='ltr'>dicere,</span> <span class='ocrx_word' id='word_1_407' title='bbox 515 2709 554 2731; x_wconf 85' lang='lat' dir='ltr'>ut</span> <span class='ocrx_word' id='word_1_408' title='bbox 575 2707 608 2731; x_wconf 86' lang='lat' dir='ltr'>et</span> <span class='ocrx_word' id='word_1_409' title='bbox 632 2701 722 2732; x_wconf 83' lang='lat' dir='ltr'>alibi.</span> <span class='ocrx_word' id='word_1_410' title='bbox 745 2703 802 2732; x_wconf 80' lang='lat' dir='ltr'>hoc</span> <span class='ocrx_word' id='word_1_411' title='bbox 844 2701 944 2732; x_wconf 77' lang='lat' dir='ltr'>semel</span> <span class='ocrx_word' id='word_1_412' title='bbox 967 2702 1126 2742; x_wconf 84' lang='lat' dir='ltr'>seriptum</span> <span class='ocrx_word' id='word_1_413' title='bbox 1142 2703 1238 2732; x_wconf 80' lang='lat' dir='ltr'>fuisse</span> <span class='ocrx_word' id='word_1_414' title='bbox 1261 2702 1294 2731; x_wconf 92' lang='lat' dir='ltr'>in</span> <span class='ocrx_word' id='word_1_415' title='bbox 1312 2700 1545 2730; x_wconf 74' lang='lat' dir='ltr'>vetustioribus</span> 
     </span>
     <span class='ocr_line' id='line_1_47' title="bbox 103 2739 1541 2782; baseline 0.001 -13"><span class='ocrx_word' id='word_1_416' title='bbox 103 2739 250 2778; x_wconf 80' lang='lat' dir='ltr'>languet.</span> <span class='ocrx_word' id='word_1_417' title='bbox 295 2742 485 2782; x_wconf 80' lang='lat' dir='ltr'>Suspicatus</span> <span class='ocrx_word' id='word_1_418' title='bbox 511 2744 611 2774; x_wconf 86' lang='lat' dir='ltr'>etiam</span> <span class='ocrx_word' id='word_1_419' title='bbox 642 2752 715 2773; x_wconf 87' lang='lat' dir='ltr'>sum</span> <span class='ocrx_word' id='word_1_420' title='bbox 745 2743 800 2773; x_wconf 88' lang='lat' dir='ltr'>de-</span> <span class='ocrx_word' id='word_1_421' title='bbox 845 2743 947 2779; x_wconf 53' lang='lat' dir='ltr'>libra,</span> <span class='ocrx_word' id='word_1_422' title='bbox 961 2749 996 2773; x_wconf 85' lang='lat' dir='ltr'>et</span> <span class='ocrx_word' id='word_1_423' title='bbox 1018 2743 1187 2782; x_wconf 80' lang='lat' dir='ltr'>vulgatum</span> <span class='ocrx_word' id='word_1_424' title='bbox 1203 2752 1271 2773; x_wconf 85' lang='lat' dir='ltr'>esse</span> <span class='ocrx_word' id='word_1_425' title='bbox 1294 2743 1541 2772; x_wconf 79' lang='lat' dir='ltr'>acor-rectione.</span> 
     </span>
     <span class='ocr_line' id='line_1_48' title="bbox 104 2784 1545 2824; baseline 0.001 -13"><span class='ocrx_word' id='word_1_426' title='bbox 104 2786 255 2812; x_wconf 74' lang='lat' dir='ltr'>monstro.</span> <span class='ocrx_word' id='word_1_427' title='bbox 847 2785 1027 2815; x_wconf 72' lang='lat' dir='ltr'>Lambinus</span> <span class='ocrx_word' id='word_1_428' title='bbox 1043 2795 1169 2824; x_wconf 70' lang='lat' dir='ltr'>quoqne</span> <span class='ocrx_word' id='word_1_429' title='bbox 1185 2785 1218 2814; x_wconf 89' lang='lat' dir='ltr'>in</span> <span class='ocrx_word' id='word_1_430' title='bbox 1236 2784 1312 2813; x_wconf 63' lang='lat' dir='ltr'>Mss.</span> <span class='ocrx_word' id='word_1_431' title='bbox 1328 2785 1460 2823; x_wconf 80' lang='lat' dir='ltr'>reperit,</span> <span class='ocrx_word' id='word_1_432' title='bbox 1474 2785 1545 2823; x_wconf 82' lang='lat' dir='ltr'>qui,</span> 
     </span>
    </p>

    <p class='ocr_par' dir='ltr' id='par_1_5' title="bbox 147 2825 1375 2867">
     <span class='ocr_line' id='line_1_49' title="bbox 147 2825 1375 2867; baseline 0.002 -15"><span class='ocrx_word' id='word_1_433' title='bbox 147 2825 185 2853; x_wconf 88' lang='lat'>50</span> <span class='ocrx_word' id='word_1_434' title='bbox 207 2825 272 2862; x_wconf 81' lang='lat' dir='ltr'>qui,</span> <span class='ocrx_word' id='word_1_435' title='bbox 296 2826 374 2864; x_wconf 83' lang='lat' dir='ltr'>quid</span> <span class='ocrx_word' id='word_1_436' title='bbox 394 2826 448 2863; x_wconf 74' lang='lat' dir='ltr'>sis,</span> <span class='ocrx_word' id='word_1_437' title='bbox 465 2827 598 2867; x_wconf 66' lang='lat' dir='ltr'>nescias]</span> <span class='ocrx_word' id='word_1_438' title='bbox 626 2827 712 2863; x_wconf 78' lang='lat' dir='ltr'>Scio,</span> <span class='ocrx_word' id='word_1_439' title='bbox 728 2828 806 2866; x_wconf 77' lang='lat' dir='ltr'>quid</span> <span class='ocrx_word' id='word_1_440' title='bbox 847 2828 902 2866; x_wconf 77' lang='lat' dir='ltr'>qui</span> <span class='ocrx_word' id='word_1_441' title='bbox 918 2828 968 2857; x_wconf 78' lang='lat' dir='ltr'>sis.</span> <span class='ocrx_word' id='word_1_442' title='bbox 1016 2827 1130 2865; x_wconf 81' lang='lat' dir='ltr'>Itaque</span> <span class='ocrx_word' id='word_1_443' title='bbox 1146 2828 1190 2856; x_wconf 76' lang='lat' dir='ltr'>sic</span> <span class='ocrx_word' id='word_1_444' title='bbox 1205 2826 1375 2856; x_wconf 79' lang='lat' dir='ltr'>edidimus.</span> 
     </span>
    </p>
   </div>
  </div>
 </body>
</html>
