1860 3228
547 83 729 124 COELII
756 81 836 121 AD
863 80 1234 119 CICERONEM.
1534 87 1606 121 185

176 188 307 242 cules,
328 190 409 232 nisi
431 190 564 231 nostri
586 187 750 244 equites
780 184 948 227 acutius
970 184 1192 235 vidissent,
1216 197 1340 239 paene
1369 185 1609 226 conceden-

178 256 220 288 te
238 247 478 289 adversario
499 249 539 278 33
554 253 805 300 superasset.
867 241 976 282 Illud
1008 251 1049 282 te
1079 256 1163 282 non
1187 240 1370 281 arbitror
1392 242 1608 292 miratum,

180 304 392 356 Servium,
405 303 676 359 designatum
696 300 916 341 tribunum
933 299 1084 355 plebis,
1097 297 1457 339 condemnatum:
1481 300 1521 329 34
1535 313 1608 338 cu-

171 361 245 416 jus
263 361 404 402 locum
436 360 487 402 C.
520 358 652 400 Curio
680 358 820 413 petiit.
880 356 1121 410 Sanequam
1154 355 1310 396 incutit
1341 354 1500 405 multis,
1533 355 1608 409 qui

176 433 274 459 eum
297 417 631 471 facilitatemque
652 416 743 469 ejus
766 429 852 455 non
874 424 1048 463 norunt,
1072 426 1279 468 magnum
1299 420 1459 451 metum
1479 428 1488 452 :
1521 411 1608 461 sed,

179 485 228 516 ut
246 490 368 531 spero
389 483 432 515 et
454 473 564 524 volo,
587 480 644 523 et,
663 474 703 502 35
718 480 766 513 ut
787 486 830 512 se
853 469 936 511 fert
958 471 1063 525 ipse,
1087 470 1222 510 bonos
1245 477 1287 509 et
1309 478 1504 509 senatum
1520 482 1609 508 nia-

178 531 250 573 let.
273 541 402 582 totus,
425 538 472 572 ut
495 544 606 570 nunc
634 537 712 580 est,
745 529 829 570 hoc
860 527 1052 569 scaturit.
1106 526 1250 581 Hujus
1274 525 1507 567 voluntatis
1529 524 1608 564 ini-

179 589 285 629 tium
305 597 348 629 et
368 588 409 619 36
421 602 549 628 causa
570 595 648 637 est,
671 586 785 641 quod
813 599 909 626 eum
938 599 1025 624 non
1047 583 1321 624 mediocriter
1345 582 1506 633 Caesar,
1533 582 1608 636 qui

178 645 284 686 solet
304 644 549 685 infimorum
562 643 785 684 hominum
801 642 1011 683 amicitias
1031 640 1109 681 sibi
1123 639 1314 695 qualibet
1328 640 1521 695 impensa
1534 638 1608 679 ad-

171 702 371 758 jungere,
393 701 513 742 valde
535 701 779 742 contemsit.
823 699 922 745 Qua
944 699 985 739 in
1010 711 1053 738 re
1075 697 1180 737 mihi
1203 697 1370 738 videtur
1390 696 1491 737 illud
1512 710 1606 753 per·
1618 707 1650 738 Ρ·
1672 700 1740 728 ¹¹4·

177 772 306 813 quam
330 766 506 799 venuste
524 758 743 800 cecidisse.
760 756 874 813 quod
898 771 923 796 a
941 754 1113 811 reliquis
1133 768 1304 811 quoque
1322 768 1456 810 usque
1477 768 1528 795 eo
1543 764 1607 794 est
1618 751 1647 771 ³·

179 815 538 867 animadversum,
562 823 610 856 ut
635 814 783 865 Curio,
802 813 875 869 qui
896 812 1003 853 nihil
1025 811 1205 853 consilio
1229 811 1348 862 facit,
1378 812 1543 852 ratione
1566 820 1609 851 et

176 872 343 913 insidiis
365 887 465 913 usus
483 872 694 913 videretur
715 874 754 905 37
770 872 814 912 in
835 870 1046 910 evitandis
1069 883 1215 910 eorum
1240 868 1445 919 consiliis,
1467 869 1541 923 qui
1566 882 1611 908 se

177 929 450 970 intenderant
480 928 742 971 adversarios
774 928 816 969 in
848 927 940 982 ejus
982 927 1273 968 tribunatum:
1322 928 1362 956 38
1377 925 1534 967 Laelios
1568 933 1612 966 et

178 985 411 1038 Antonios,
433 994 477 1028 et
496 986 537 1028 id
557 1000 692 1042 genus
717 984 903 1027 valentes
934 984 1047 1025 dico.
1113 983 1205 1024 Has
1228 997 1310 1039 ego
1342 983 1420 1023 tibi
1448 982 1610 1023 litteras

178 1056 231 1087 eo
254 1043 417 1099 majore
440 1044 533 1084 misi
557 1043 796 1094 intervallo,
826 1041 941 1097 quod
973 1041 1247 1082 comitiorum
1280 1039 1506 1082 dilationes
1537 1054 1611 1081 oc-

181 1102 449 1156 cupatiorem
472 1114 541 1141 me
561 1099 795 1151 habebant,
818 1111 861 1140 et
882 1107 1132 1154 exspectare
1154 1099 1198 1138 in
1230 1098 1319 1138 dies
1341 1097 1508 1138 exitum
1538 1111 1612 1138 co-

183 1158 357 1207 0'ebant,
380 1169 442 1208 ut,
464 1156 674 1198 confectis
707 1157 922 1206 omnibus,
958 1165 998 1195 te
1034 1155 1218 1195 facerem
1250 1154 1491 1195 certiorem.
1542 1153 1612 1194 Ad

181 1188 399 1255 Kalendas
423 1213 607 1255 Sextiles
631 1228 764 1269 usque
784 1212 1048 1268 exspectavi.
1096 1210 1317 1252 Praetoriis
1341 1226 1471 1251 morae
1494 1225 1614 1266 quae-

179 1270 276 1311 dam
316 1271 572 1312 inciderunt.
625 1270 730 1311 Mea
767 1283 892 1326 porro
922 1267 1100 1309 comitia
1128 1282 1256 1322 quem
1288 1276 1491 1308 eventum
1527 1269 1615 1308 sint

178 1326 395 1379 habitura,
418 1326 576 1368 nescio.
596 1329 636 1361 39
650 1327 901 1383 opinionem
919 1325 1108 1381 quidem,
1127 1325 1242 1380 quod
1271 1324 1325 1366 ad
1348 1323 1527 1366 Hirrum
1550 1333 1615 1365 at-

179 1384 302 1437 tinet,
345 1383 656 1435 incredibilem,
697 1383 886 1425 aedilium
920 1382 1058 1439 plebis
1094 1381 1299 1433 comitiis,
1336 1391 1464 1423 nacta
1502 1389 1616 1422 sunt.

182 1439 296 1481 Nam
319 1440 387 1482 M.
411 1440 602 1483 Coelium
625 1441 902 1482 Vinicianum
920 1443 961 1470 40
975 1439 1138 1480 mentio
1155 1439 1224 1480 illa
1247 1439 1381 1491 fatua,
1397 1454 1526 1494 quam
1543 1439 1617 1480 de·

178 1498 407 1544 tiseramus
429 1498 547 1550 olim,
569 1508 612 1539 et
635 1497 924 1555 promulgatio
947 1496 999 1537 de
1031 1496 1256 1548 dictatore,
1280 1497 1424 1537 subito
1443 1496 1616 1552 dejecit,

180 1563 225 1595 et
245 1557 284 1585 41
300 1555 517 1610 dejectum
539 1569 699 1612 magno
718 1554 904 1597 clamore
922 1554 1116 1596 insecuta
1136 1562 1214 1595 est.
1251 1552 1412 1595 421nde
1435 1553 1618 1595 Hirrum

219 1685 260 1714 33
274 1684 469 1725 superasset]
490 1683 652 1716 Lentulus
668 1685 877 1717 Dolabellam

963 1686 1003 1715 38
1027 1684 1144 1715 Laelios
1171 1687 1203 1714 et
1229 1684 1398 1724 Antonios]
1441 1684 1479 1714 In
1510 1684 1622 1715 Loeltis

178 1726 213 1757 in
228 1726 400 1766 petitione.

921 1726 1085 1757 dubitatio
1099 1730 1159 1757 est.
1198 1726 1371 1756 Manutius
1386 1727 1528 1757 correxit
1544 1727 1622 1757 Lol-

220 1771 263 1799 34
283 1767 378 1809 cujus
393 1770 497 1800 Iocum
521 1768 617 1800 Curio
638 1769 749 1809 petiit]
770 1770 878 1810 petiit,

177 1809 315 1851 adeptus
343 1815 406 1848 est,
430 1812 464 1842 in
492 1812 563 1852 ejus
586 1811 699 1843 locum
725 1812 880 1842 suffectus

177 1857 241 1884 est.
266 1853 462 1884 antecedens
477 1864 536 1894 pro
552 1859 783 1894 consequente.
800 1854 880 1885 alias

179 1893 312 1926 deberet
332 1904 401 1926 esse
421 1897 517 1936 petit.
545 1895 601 1927 sed
626 1897 797 1936 sequentia
818 1896 876 1927 do-

178 1941 268 2009 gent,
282 1935 354 1967 haee
368 1939 491 1980 scripta
503 1948 571 1970 esse
582 1938 725 1969 Curione
733 1940 805 1980 jam
817 1939 877 1970 tri-

202 1989 280 2010 uno.

219 2023 260 2053 35
282 2024 320 2051 ut
333 2031 366 2052 se
367 2020 445 2061 fert
457 2022 537 2062 ipse]
563 2022 710 2053 Graevius
725 2024 877 2064 conjicie-

176 2062 247 2100 bat,
273 2067 312 2093 αἱ
326 2073 400 2103 prae
419 2074 453 2095 se
462 2063 552 2104 fert,
575 2071 611 2096 et
631 2065 677 2095 sic
699 2071 749 2096 est
771 2066 806 2096 in
828 2065 879 2097 ed.

179 2103 269 2137 Med.
295 2105 429 2137 frustra.
452 2107 583 2146 elegans
600 2107 683 2138 illud
697 2112 762 2139 est.
809 2108 879 2138 No-

180 2151 254 2181 tum
269 2152 319 2178 est
332 2147 414 2178 illud
427 2148 650 2189 Virgilianum
667 2149 743 2180 AEn.
760 2150 789 2188 Ι,
807 2153 880 2184 507.

181 2190 283 2222 talem
296 2188 479 2230 seferebat.

225 2231 267 2262 36
297 2241 397 2262 causa
426 2233 522 2272 inest]
549 2232 649 2264 Male.
678 2238 766 2264 recte
790 2234 882 2264 Grae-

184 2273 254 2303 vius
270 2272 360 2304 dedit
383 2278 441 2311 est,
457 2278 491 2305 et
513 2280 583 2305 erat
599 2276 633 2306 in
648 2275 720 2306 edd.
736 2280 814 2306 ante
825 2275 882 2306 Vi-

179 2316 338 2354 ctorium,
353 2317 433 2347 item
451 2317 487 2347 P.
505 2316 649 2348 Manutii
662 2322 695 2348 et
711 2318 862 2348 aliorum.

225 2360 265 2392 37
303 2359 338 2388 in
372 2359 532 2389 evitandis
569 2361 609 2390 iis
644 2361 793 2398 consiliis,
829 2362 884 2400 qui

182 2409 216 2432 ce
237 2399 314 2440 &c.]
338 2400 418 2431 Non
432 2402 587 2432 convenit
609 2402 649 2432 iis
670 2402 721 2433 vel
741 2404 790 2433 his
811 2412 885 2433 con-

183 2442 277 2478 siliis,
292 2443 395 2482 quise
412 2443 487 2473 adv.
530 2443 615 2475 Mihi
637 2444 716 2475 olim
741 2445 885 2485 primum

186 2483 249 2514 boc
262 2484 387 2524 legenti
401 2486 491 2516 venit
500 2485 534 2516 in
550 2491 710 2523 mentem,
721 2488 886 2527 corrigen-

186 2525 265 2556 dum
280 2536 349 2557 esse
369 2536 481 2559 eorum
502 2529 654 2566 consiliis,
670 2528 756 2568 quod
771 2529 887 2560 deinde

185 2567 250 2598 vidi
273 2568 311 2600 P.
337 2569 529 2600 Manutium
537 2572 608 2610 jam
624 2571 772 2609 sensisse,
787 2576 885 2611 atque

187 2609 237 2640 ita
259 2610 394 2642 edidisse
409 2622 438 2642 a.
462 2614 561 2644 1540:
586 2623 683 2653 quem
700 2613 815 2645 deinde
830 2614 885 2645 alii

191 2652 295 2682 secuti
314 2657 393 2684 sunt
417 2663 518 2694 usque
542 2654 583 2686 ad
604 2656 655 2686 ed.
671 2656 803 2687 Gruter.
847 2656 886 2687 Id

189 2697 402 2727 temerarium
412 2697 582 2728 videbatur
592 2697 733 2736 Graevio,
746 2699 800 2738 qui
810 2702 885 2729 tan-

190 2740 264 2766 tum
280 2737 320 2766 iis
332 2737 474 2776 delebat,
489 2743 623 2770 auctore
640 2740 703 2771 Ms.
719 2750 789 2771 sue.
833 2740 887 2772 Ita

190 2786 303 2809 eorum
317 2783 430 2811 tamen
445 2780 587 2822 intelligi
602 2782 698 2814 debet
711 2794 721 2821 ;
737 2782 822 2822 quod
837 2789 886 2815 est

193 2818 226 2849 h.
243 2818 266 2851 l.
283 2819 405 2851 durius

922 1769 991 1806 lios,
1006 1768 1092 1808 quod
1106 1769 1267 1808 probabat
1278 1768 1470 1799 Lambinus,
1495 1769 1624 1800 Lollius

922 1811 1126 1842 Caesarianus
1142 1811 1296 1848 occurrit,
1308 1820 1375 1841 non
1385 1811 1518 1841 Laelz'us.
1561 1811 1623 1842 Sed

923 1863 984 1884 nee
998 1852 1054 1883 ille
1070 1853 1118 1885 ita
1132 1858 1243 1891 notuS,
1257 1857 1297 1884 ut
1311 1853 1488 1890 Antonius,
1505 1863 1543 1884 ac
1565 1863 1622 1894 po-

920 1900 1007 1926 tenS.

961 1941 1002 1972 39
1024 1937 1203 1977 opinionem
1217 1937 1340 1968 incred.
1355 1947 1387 1967 n.
1400 1936 1443 1976 s.]
1464 1937 1487 1967 i.
1503 1948 1532 1969 e.
1548 1937 1625 1968 Hir-

920 1989 993 2011 rum
1006 1980 1076 2010 fore
1091 1979 1219 2010 aedilem
1235 1979 1396 2010 curulem.

963 2025 1004 2053 40
1027 2023 1146 2052 mencio
1161 2021 1286 2061 fictzca]
1326 2022 1378 2052 De
1406 2021 1476 2061 lege
1500 2021 1625 2052 intelli·

923 2064 1076 2103 gendum.
1107 2074 1184 2095 nam
1214 2071 1251 2094 ut
1282 2063 1431 2094 consules
1469 2064 1626 2095 dicuntur

924 2108 1118 2137 mentionem
1133 2105 1265 2146 fizcere,
1290 2116 1365 2136 cum
1383 2105 1506 2145 aliquid
1522 2106 1562 2137 ad
1576 2116 1626 2137 se·

925 2154 1042 2179 natum
1068 2149 1234 2179 referunt:
1260 2148 1306 2179 sic
1327 2148 1465 2185 tribuni,
1485 2158 1560 2179 cum
1585 2149 1625 2180 de

925 2190 997 2230 lege
1011 2201 1064 2230 ap.
1082 2190 1240 2231 populum
1255 2190 1353 2221 verba
1367 2190 1504 2221 faciunt.

967 2235 1003 2263 41
1029 2231 1188 2273 adjectum
1208 2242 1330 2272 magno
1345 2234 1386 2262 cl.
1403 2233 1548 2263 insecuta
1561 2232 1623 2272 est]

924 2275 1032 2315 Quam
1061 2275 1178 2306 durum
1200 2275 1281 2306 hoc:
1308 2276 1531 2314 promulgatio
1557 2276 1625 2305 cla-

926 2327 1014 2347 more
1035 2318 1182 2348 insecuta
1204 2321 1270 2348 est:
1292 2327 1351 2357 pro
1374 2317 1464 2354 fecit,
1490 2321 1527 2347 ut
1548 2327 1625 2347 eum

926 2358 1076 2389 homines
1102 2369 1223 2400 magno
1250 2359 1394 2391 clamore
1420 2360 1627 2398 insequeren-

927 2406 996 2432 tur.
1014 2402 1105 2432 nullo
1121 2402 1218 2432 modo
1235 2401 1297 2432 hoe
1311 2406 1397 2432 stare
1413 2406 1533 2442 potest.
1574 2403 1626 2433 An

928 2443 1048 2474 excidit
1067 2445 1186 2483 plebs?
1209 2453 1286 2474 nam
1311 2449 1383 2475 erat
1406 2444 1528 2474 creatio
1552 2443 1629 2474 aedi·

929 2486 1010 2516 lium
1027 2485 1141 2526 plebis,
1158 2487 1300 2526 adeoque
1316 2486 1405 2527 plebs
1421 2494 1573 2526 praesens.

971 2531 1012 2559 42
1036 2529 1119 2559 Inde
1144 2529 1194 2560 H.
1219 2539 1247 2559 c·
1270 2539 1315 2559 an
1343 2538 1407 2558 non
1424 2527 1623 2567 faciendum

916 2570 1098 2612 flagitare]
1125 2571 1207 2602 Haee
1230 2576 1280 2601 est
1301 2570 1400 2601 lectio
1424 2570 1626 2602 Victoriana.

928 2619 1007 2644 ante
1021 2619 1092 2644 erat
1105 2614 1151 2644 ad
1164 2624 1227 2644 non
1238 2612 1275 2654 s.
1288 2612 1326 2652 f.
1351 2616 1488 2651 utraque
1504 2612 1560 2642 illa
1576 2612 1624 2642 vi-

928 2657 1014 2686 tiosa
1039 2660 1073 2685 et
1099 2655 1222 2686 nullius
1247 2655 1430 2686 sententiae.
1475 2653 1513 2683 In
1545 2655 1625 2686 Mss.

929 2697 1081 2728 Memmii
1095 2703 1167 2729 erat
1180 2697 1260 2738 jam
1282 2706 1341 2736 pro
1363 2697 1446 2726 ads.
1462 2705 1518 2728 an.
1563 2697 1625 2728 Le-

929 2739 1074 2779 gendum
1088 2741 1212 2780 conjeci
1226 2740 1256 2770 Ῑ.
1272 2739 1320 2770 Η.
1337 2739 1445 2769 cuncti
1457 2737 1538 2778 jam
1548 2738 1626 2779 j'ac.

920 2782 1102 2822 flagitare,
1130 2781 1181 2812 vel
1210 2782 1395 2817 clamitare,
1421 2781 1473 2811 cui
1491 2780 1625 2820 sacien-

932 2825 1010 2854 dum
1027 2824 1150 2863 aptius:
1177 2824 1237 2854 nisi
1253 2822 1529 2863 verofaciendum
1544 2829 1593 2854 est
1607 2834 1625 2853 a
