1865 3223
451 121 531 159 AD
557 119 864 158 CONSULES
891 120 969 157 ET
996 122 1284 164 CETEROS.
1493 135 1569 168 403

143 234 312 280 ruptam
345 224 695 266 consuetudinem
729 221 894 272 habuit,
916 223 1239 269 confirmaretur
1261 229 1566 274 vehementius.

143 279 195 321 Id
233 296 363 337 quum
399 297 481 323 non
515 279 685 329 accidit,
722 290 889 319 utemur
925 281 1038 321 bono
1069 281 1316 336 litterarum,
1347 298 1387 327 ct
1419 290 1564 330 eadem

143 336 231 377 fere
252 340 462 389 absentes,
481 352 591 393 quae,
609 337 639 376 si
661 350 802 377 coram
824 350 1024 388 essemus,
1038 353 1359 396 consequemur.
1390 348 1430 375 ‘¹0
1446 345 1564 386 Unus

143 393 307 436 scilicet
340 396 516 444 fructus,
538 394 609 448 qui
646 394 687 433 in
720 401 762 433 tc
796 393 978 435 videndo
1000 405 1078 445 est,
1104 398 1262 453 percipi
1297 399 1446 440 litteris
1479 417 1562 443 non

141 459 309 513 potest:
341 452 494 492 4¹alter
524 450 836 506 gratulationiS,
858 460 920 491 est
943 451 977 491 is
999 453 1167 506 quidem
1192 454 1358 504 exilior,
1380 471 1504 511 quam
1530 460 1561 500 si

140 508 218 547 tibi
245 509 424 564 teipsum
458 508 625 548 intuens
659 507 913 563 gratularc1·;
948 510 1019 549 sed
1043 520 1181 550 tamen
1205 522 1247 551 et
1277 512 1356 552 feci
1388 524 1500 563 ante,
1523 526 1564 556 et

137 562 252 605 facio
275 579 401 615 nunc,
425 565 588 619 tibique
610 579 705 605 cum
741 579 814 619 pro
839 579 974 605 rerum
1008 568 1318 622 magnitudine,
1340 584 1444 624 quas
1471 585 1563 618 ees-

138 621 245 672 sisti,
269 631 356 661 tum
392 636 467 677 pro
490 621 813 678 opportunitate
846 624 1047 678 temporis
1080 625 1283 678 gratulor,
1306 627 1417 680 qnod
1445 615 1490 667 te
1511 629 1563 669 de

135 678 357 732 provincia
379 679 652 719 decedentem
677 692 841 718 summa
862 678 948 720 laus
971 690 1013 720 et
1045 694 1209 721 summa
1232 685 1367 733 gratia
1393 685 1561 738 provin-

133 734 212 775 ciae
250 746 473 790 prosecuta
494 745 571 775 est.
631 734 820 776 Tertium
843 745 920 786 est,
945 747 989 776 nt
1012 737 1069 788 id,
1092 739 1204 792 quod
1228 727 1278 779 de
1315 741 1466 780 nostris
1500 756 1561 782 re-

133 790 212 831 bus
245 806 387 832 coram
424 793 856 834 communicassemus
888 793 996 834 inter
1029 808 1118 844 nos,
1141 796 1418 837 conficiamus
1450 798 1561 840 idem

133 846 301 890 litteris.
364 849 458 905 Ego
489 860 721 890 ceterarum
752 863 887 889 rerum
920 866 1046 891 causa
1078 852 1154 892 tibi
1191 852 1372 894 Romam
1408 869 1561 910 prope-

133 906 310 946 randum
356 921 614 962 magnopere
655 921 822 947 censeo.
883 906 994 948 Nam
1033 918 1075 948 et
1111 923 1173 958 ea,
1206 912 1355 964 4‘2qnae
1395 912 1559 966 reliqui,

133 962 360 1018 tranquilla
397 964 449 1003 de
483 975 522 1003 te
555 972 700 1005 erant:
733 973 774 1004 et
809 963 887 1004 hac
923 975 993 1004 tna
1021 966 1178 1006 recenti
1216 967 1396 1008 victoria
1428 979 1558 1020 tanta,

129 1018 291 1060 clarum
324 1019 554 1061 adventum
588 1031 708 1061 tuum
742 1020 833 1061 fore
866 1021 1074 1077 intelligo.
1135 1022 1215 1063 Sed
1240 1025 1326 1064 *¹3si
1350 1040 1434 1079 qua
1460 1037 1558 1067 sunt

128 1090 257 1140 onera
279 1087 467 1141 tuorum,
489 1078 522 1117 si
546 1088 665 1118 tanta
687 1088 799 1125 sunt,
821 1088 867 1118 ut
888 1093 935 1118 ea
955 1079 1160 1120 sustinere
1183 1081 1333 1135 possis,
1355 1096 1556 1138 propera:

127 1133 235 1174 nihil
269 1135 347 1175 tibi
379 1147 460 1176 erit
490 1134 659 1185 lautius,
694 1134 797 1175 nihil
827 1135 1068 1190 gloriosius,
1101 1138 1165 1177 sin
1199 1138 1383 1192 majora:
1417 1141 1558 1180 consi-

128 1190 242 1253 dera,
265 1206 317 1232 ne
341 1192 382 1232 in
404 1191 708 1233 alienissimum
732 1201 899 1247 tempus
922 1192 1045 1233 cadat
1068 1193 1274 1234 adventus
1297 1206 1408 1236 tuus.
1461 1197 1557 1237 Hu-

119 1261 194 1304 jus
220 1249 277 1289 rei
302 1257 439 1289 totum
462 1249 686 1289 consilium
711 1258 829 1289 tuum
854 1259 931 1289 est.
964 1258 1007 1290 tu
1037 1250 1151 1290 enim
1178 1251 1274 1301 sciS,
1297 1252 1399 1306 quid
1431 1255 1557 1294 susti-

125 1319 226 1346 nere
258 1306 408 1361 possis.
469 1306 512 1346 Si
551 1315 696 1361 potes;
728 1305 938 1345 laudabile
976 1316 1104 1361 atque
1137 1308 1340 1363 populare
1377 1319 1455 1350 est.
1493 1311 1556 1352 sin

125 1361 251 1417 plane
273 1378 357 1403 non
383 1372 532 1418 potes;
563 1362 714 1402 absens
739 1361 959 1403 hominnm
995 1377 1209 1404 sermones
1234 1363 1399 1406 facilius
1431 1368 1558 1408 susti-

123 1420 260 1460 nebis.
321 1419 389 1460 De
411 1433 478 1459 me
500 1429 641 1459 autem
665 1419 776 1459 idem
801 1429 940 1460 tecum
965 1420 1030 1460 his
1056 1436 1137 1476 ago
1162 1420 1328 1472 litteris,
1350 1423 1464 1478 quod
1489 1439 1556 1464 su-

123 1477 363 1532 perioribus
394 1476 478 1532 egi,
501 1486 548 1517 ut
581 1490 727 1516 omnes
761 1485 856 1516 tuos
890 1491 1041 1517 nervos
1073 1478 1114 1518 in
1149 1492 1199 1518 eo
1222 1480 1469 1530 contendas,
1501 1496 1554 1522 ne

121 1534 223 1589 quid
250 1534 353 1575 mihi
376 1533 428 1574 acl
450 1533 560 1573 hanc
584 1533 862 1588 provinciam,
884 1549 1011 1588 quam
1035 1544 1077 1574 et
1104 1545 1273 1575 senatus
1296 1546 1338 1576 et
1367 1537 1550 1592 populus

121 1606 306 1632 annuam
344 1604 436 1632 esse
468 1589 616 1640 voluit,
648 1591 851 1645 temporis
889 1601 1154 1646 prorogetur.
1216 1592 1316 1634 Hoc
1354 1609 1379 1635 a
1416 1605 1457 1634 te
1488 1596 1549 1636 ita

120 1649 350 1699 contendo,
382 1657 429 1688 ut
461 1647 502 1688 in
534 1662 585 1687 eo
619 1645 810 1688 fortunas
842 1661 956 1688 meas
985 1649 1143 1704 positas
1174 1661 1336 1705 putem.
1397 1650 1677 1701 Habcsp.95‘2.

121 1705 317 1747 Paullum
341 1714 531 1746 nostruin
556 1705 688 1744 nostri
710 1704 1059 1760 cupidissimum:
1088 1715 1151 1746 cst
1174 1706 1331 1748 Curio:
1355 1718 1419 1748 est
1442 1708 1547 1750 Fur·
1559 1714 1590 1734 a.

120 1763 231 1803 nius.
264 1762 336 1816 Sic
360 1762 483 1803 velim
507 1761 682 1812 enitare,
705 1761 822 1816 quasi
848 1763 890 1802 in
913 1776 963 1802 eo
987 1763 1070 1802 sint
1090 1763 1194 1804 mihi
1215 1765 1373 1805 omnia.
1403 1768 1444 1796 4⁴
1463 1765 1552 1806 Ex-

122 1829 304 1861 tremum
329 1819 431 1860 illud
453 1826 517 1858 est
538 1819 590 1858 de
622 1818 686 1869 iis,
710 1833 805 1872 quae
839 1833 1158 1874 proposueram,
1182 1821 1453 1862 confirmatio
1476 1838 1553 1863 no-

121 1885 221 1918 strae
254 1876 482 1918 amicitiae:
515 1875 566 1915 de
593 1889 677 1930 qua
700 1875 890 1930 pluribus
922 1876 1060 1916 verbis
1093 1876 1199 1917 nihil
1222 1893 1328 1934 opus
1351 1888 1428 1920 est.
1487 1878 1552 1921 Tu

121 1949 228 1990 puer
258 1947 326 1974 me
361 1932 588 1989 appetisti:
621 1946 702 1987 ego
735 1942 877 1972 autem
912 1947 1076 1988 semper
1098 1945 1349 1975 ornamento
1373 1946 1414 1976 te
1446 1937 1552 1978 mihi

120 1990 213 2032 fore
244 1990 364 2031 duxi.
398 1990 518 2030 fuisti
540 1989 669 2029 etiam
702 1989 902 2044 praesidio
927 1990 1178 2031 tristissimis
1212 1992 1316 2032 meis
1349 1994 1552 2049 tempori-

117 2050 213 2091 bus.
245 2047 425 2089 accessit
457 2056 554 2102 post
589 2055 707 2086 tuum
748 2046 980 2087 discessum
1017 2046 1282 2089 familiaritas
1317 2049 1421 2090 mihi
1454 2065 1552 2091 cum

853 2191 1021 2222 retulerat.

155 2197 198 2226 40
226 2193 317 2225 Unus
337 2190 539 2231 scilicetsr]
566 2190 696 2222 scilice*
722 2194 809 2221 recte:

894 2235 933 2263 43
955 2237 1060 2274 siqua
1084 2240 1160 2265 sunt
1184 2246 1282 2266 onera
1305 2237 1452 2276 dirorum]
1479 2237 1551 2268 Ma-

114 2240 222 2268 servat
243 2236 402 2271 Graevius,
426 2233 512 2273 quod
528 2243 640 2263 omnes
655 2233 728 2263 libri
747 2234 808 2263 inei

115 2279 251 2310 habent.
295 2277 358 2308 Sed
373 2276 504 2316 quidam
521 2285 582 2305 scr.
600 2281 637 2305 ut
653 2282 685 2305 et
701 2275 762 2305 Gn.
783 2278 808 2304 1.

114 2321 241 2352 addunt
262 2320 330 2356 ille,
347 2324 385 2349 ut
406 2324 439 2349 et
463 2318 514 2348 ed.
532 2317 618 2348 Med.
644 2317 728 2356 quod
745 2328 810 2347 non

114 2362 356 2394 contemserim.
372 2371 411 2391 ex
426 2371 464 2391 eo
480 2361 512 2390 in
528 2360 599 2390 aliis
611 2360 735 2390 factum
752 2370 810 2400 pu-

114 2411 151 2438 to
167 2405 238 2442 uni,
252 2403 338 2443 qnod
352 2408 385 2434 ct
401 2412 491 2433 meus
508 2402 616 2432 habet.

155 2450 193 2479 41
219 2448 305 2477 alter
317 2446 553 2485 gratulationis
567 2449 623 2479 est,
644 2445 670 2473 is
686 2444 810 2483 quidem

114 2490 156 2530 e.]
182 2491 251 2520 Ser.
276 2492 310 2519 et
331 2487 402 2518 edd.
424 2487 554 2526 quidam
571 2486 695 2516 addunt
710 2489 758 2515 et:
783 2490 812 2514 ct

111 2534 141 2563 is
153 2532 292 2573 quidem.
303 2530 408 2560 oratio
422 2539 487 2559 non
502 2529 579 2558 satis
591 2533 737 2558 constat:
755 2527 809 2557 sed

114 2573 303 2614 inter-punxi
323 2578 397 2613 post
409 2572 665 2611 gratulationis:
689 2571 736 2600 ita
749 2570 808 2599 sibi

113 2619 256 2647 constat.

153 2660 196 2689 42
217 2667 287 2697 quoe
305 2657 434 2696 reliqui,
453 2656 635 2695 tranquilla
658 2655 696 2684 de
719 2659 749 2684 te
762 2653 803 2693 ε]

113 2701 198 2732 Cum
209 2699 315 2730 Roma
322 2699 457 2734 abirem,
470 2697 551 2728 nihil
564 2704 679 2727 contra
691 2702 724 2726 tc
735 2706 807 2735 age-

110 2742 229 2780 batur;
254 2741 337 2772 nulli
361 2740 496 2780 maligni
518 2749 682 2770 sermones
705 2748 808 2776 mque

108 2783 195 2825 apud
210 2783 368 2824 populum
384 2792 488 2822 neque
503 2783 536 2812 in
552 2782 652 2812 curia.
697 2780 809 2810 Victo-

109 2828 192 2858 riam
209 2826 310 2857 Cassii
333 2825 504 2865 intelligit,
519 2834 616 2864 quam
638 2834 659 2854 a
680 2821 810 2853 Parthis

853 2275 964 2305 nntius
979 2276 1135 2316 intelligit
1150 2279 1357 2309 incommoda
1371 2281 1551 2309 amicorum

853 2323 886 2347 et
911 2318 1065 2356 pericula,
1083 2330 1110 2348 v.
1128 2331 1156 2349 c.
1173 2331 1210 2350 cx
1227 2321 1499 2358 accusationibus,
1517 2322 1550 2351 in

854 2360 970 2398 quihus
996 2371 1049 2390 cos
1075 2362 1227 2400 adiuvare
1251 2363 1367 2393 dehent
1389 2364 1477 2401 ὶμεες
1513 2370 1550 2393 ut

856 2412 972 2441 nempe
995 2413 1091 2433 onera
1118 2404 1281 2441 dicantur,
1298 2415 1360 2444 qna
1386 2405 1547 2435 Cassium.

857 2445 887 2473 id
909 2445 986 2473 satis
1009 2447 1174 2477 consentit
1197 2447 1368 2477 extremis:
1393 2448 1425 2476 Si
1443 2453 1548 2486 potes,

856 2486 1016 2516 laudabile
1033 2494 1128 2526 atque
1152 2489 1308 2529 populare
1333 2495 1400 2519 est:
1424 2489 1478 2518 sed
1500 2495 1548 2519 ta-

854 2538 927 2557 mon
945 2529 1029 2559 inest
1046 2530 1167 2566 aliquid
1182 2531 1266 2561 duri.

881 2572 934 2600 '44
958 2570 1157 2602 E.1·tr‹¹mum
1179 2573 1264 2602 illud
1284 2572 1343 2611 est]
1370 2573 1454 2602 illud
1467 2573 1547 2604 mihi

852 2611 905 2642 hic
916 2622 980 2642 non
997 2613 1116 2653 placet,
1129 2615 1188 2644 etsi
1199 2615 1276 2644 alias
1291 2615 1323 2643 in
1337 2614 1396 2643 hae
1406 2614 1548 2646 formula

849 2654 929 2684 sol-et
955 2665 974 2685 a
997 2657 1152 2687 Cicerone
1170 2656 1244 2692 dic3,
1262 2656 1316 2685 sed
1332 2657 1477 2694 proxime
1499 2667 1547 2687 se-

850 2702 983 2735 quente,
997 2703 1046 2733 ul,
1063 2708 1093 2727 v.
1111 2709 1137 2728 c.
1154 2702 1185 2727 te
1198 2708 1320 2736 rogem,
1337 2702 1393 2727 ant
1405 2698 1492 2729 aliud
1505 2701 1547 2729 si-

851 2739 946 2768 mile:
964 2741 997 2769 in
1025 2740 1176 2778 praesenti
1199 2741 1304 2770 fornia
1323 2749 1389 2769 non
1405 2741 1498 2777 item,
1514 2747 1547 2771 et

850 2791 925 2810 cuni
940 2782 1087 2821 sequitur
1100 2782 1356 2813 substantivum.

769 2863 895 2906 Ddcfl²
