<?xml version="1.0" encoding="UTF-8"?>
<!DOCTYPE html PUBLIC "-//W3C//DTD XHTML 1.0 Transitional//EN"
    "http://www.w3.org/TR/xhtml1/DTD/xhtml1-transitional.dtd">
<html xmlns="http://www.w3.org/1999/xhtml" xml:lang="en" lang="en">
 <head>
  <title>
</title>
<meta http-equiv="Content-Type" content="text/html;charset=utf-8" />
  <meta name='ocr-system' content='tesseract 3.04.00' />
  <meta name='ocr-capabilities' content='ocr_page ocr_carea ocr_par ocr_line ocrx_word'/>
</head>
<body>
  <div class='ocr_page' id='page_1' title='image "./p1operaomnia03ciceuoft_0285.png"; bbox 0 0 1903 3218; ppageno 0'>
   <div class='ocr_carea' id='block_1_1' title="bbox 354 87 1531 133">
    <p class='ocr_par' dir='ltr' id='par_1_1' title="bbox 354 87 1531 133">
     <span class='ocr_line' id='line_1_1' title="bbox 354 87 1531 133; baseline -0.002 -2"><span class='ocrx_word' id='word_1_1' title='bbox 354 92 435 131; x_wconf 79' lang='lat' dir='ltr'>AD</span> <span class='ocrx_word' id='word_1_2' title='bbox 460 91 547 131; x_wconf 91' lang='lat' dir='ltr'>CN.</span> <span class='ocrx_word' id='word_1_3' title='bbox 575 89 868 131; x_wconf 87' lang='lat' dir='ltr'>PLANCUM</span> <span class='ocrx_word' id='word_1_4' title='bbox 894 89 969 127; x_wconf 88' lang='lat' dir='ltr'>ET</span> <span class='ocrx_word' id='word_1_5' title='bbox 996 87 1278 127; x_wconf 84' lang='lat' dir='ltr'>CETEROS.</span> <span class='ocrx_word' id='word_1_6' title='bbox 1456 94 1531 133; x_wconf 71' lang='lat'>271</span> 
     </span>
    </p>
   </div>
   <div class='ocr_carea' id='block_1_2' title="bbox 99 191 1676 2525">
    <p class='ocr_par' dir='ltr' id='par_1_2' title="bbox 99 191 1676 2525">
     <span class='ocr_line' id='line_1_2' title="bbox 100 191 1537 247; baseline -0.001 -11"><span class='ocrx_word' id='word_1_7' title='bbox 100 194 313 247; x_wconf 80' lang='lat' dir='ltr'>bellarios,</span> <span class='ocrx_word' id='word_1_8' title='bbox 349 192 515 238; x_wconf 87' lang='lat' dir='ltr'>novem</span> <span class='ocrx_word' id='word_1_9' title='bbox 543 195 632 237; x_wconf 89' lang='lat' dir='ltr'>dies</span> <span class='ocrx_word' id='word_1_10' title='bbox 668 193 874 244; x_wconf 80' lang='lat' dir='ltr'>retinuit3</span> <span class='ocrx_word' id='word_1_11' title='bbox 906 191 1076 233; x_wconf 87' lang='lat' dir='ltr'>tametsi</span> <span class='ocrx_word' id='word_1_12' title='bbox 1117 200 1279 232; x_wconf 85' lang='lat' dir='ltr'><strong>tantam</strong></span> <span class='ocrx_word' id='word_1_13' title='bbox 1316 191 1537 234; x_wconf 87' lang='lat' dir='ltr'>calamita-</span> 
     </span>
     <span class='ocr_line' id='line_1_3' title="bbox 99 249 1537 310; baseline -0.001 -18"><span class='ocrx_word' id='word_1_14' title='bbox 99 262 184 293; x_wconf 90' lang='lat' dir='ltr'>tem</span> <span class='ocrx_word' id='word_1_15' title='bbox 209 252 457 310; x_wconf 85' lang='lat' dir='ltr'>reipublicae</span> <span class='ocrx_word' id='word_1_16' title='bbox 478 266 605 307; x_wconf 90' lang='lat' dir='ltr'>quam</span> <span class='ocrx_word' id='word_1_17' title='bbox 633 249 874 291; x_wconf 82' lang='lat' dir='ltr'>tardissime</span> <span class='ocrx_word' id='word_1_18' title='bbox 895 249 1042 290; x_wconf 87' lang='lat' dir='ltr'>audire</span> <span class='ocrx_word' id='word_1_19' title='bbox 1073 249 1311 303; x_wconf 87' lang='lat' dir='ltr'>optandum</span> <span class='ocrx_word' id='word_1_20' title='bbox 1342 257 1431 300; x_wconf 82' lang='lat' dir='ltr'>est3</span> <span class='ocrx_word' id='word_1_21' title='bbox 1463 252 1537 292; x_wconf 87' lang='lat' dir='ltr'>sed</span> 
     </span>
     <span class='ocr_line' id='line_1_4' title="bbox 100 304 1538 366; baseline -0.002 -17"><span class='ocrx_word' id='word_1_22' title='bbox 100 308 196 359; x_wconf 81' lang='lat' dir='ltr'>illis,</span> <span class='ocrx_word' id='word_1_23' title='bbox 215 311 288 365; x_wconf 92' lang='lat' dir='ltr'>qui</span> <span class='ocrx_word' id='word_1_24' title='bbox 312 310 512 366; x_wconf 83' lang='lat' dir='ltr'>prodesse</span> <span class='ocrx_word' id='word_1_25' title='bbox 533 307 639 349; x_wconf 87' lang='lat' dir='ltr'>nihil</span> <span class='ocrx_word' id='word_1_26' title='bbox 671 315 864 362; x_wconf 85' lang='lat' dir='ltr'>possunt,</span> <span class='ocrx_word' id='word_1_27' title='bbox 886 320 1024 360; x_wconf 89' lang='lat' dir='ltr'>neque</span> <span class='ocrx_word' id='word_1_28' title='bbox 1050 304 1225 345; x_wconf 86' lang='lat' dir='ltr'><strong>mederi.</strong></span> <span class='ocrx_word' id='word_1_29' title='bbox 1286 305 1431 360; x_wconf 88' lang='lat' dir='ltr'>Atque</span> <span class='ocrx_word' id='word_1_30' title='bbox 1454 307 1538 346; x_wconf 91' lang='lat' dir='ltr'>uti-</span> 
     </span>
     <span class='ocr_line' id='line_1_5' title="bbox 99 361 1538 418; baseline -0.001 -13"><span class='ocrx_word' id='word_1_31' title='bbox 99 379 197 406; x_wconf 85' lang='lat' dir='ltr'>nam</span> <span class='ocrx_word' id='word_1_32' title='bbox 226 367 375 408; x_wconf 91' lang='lat' dir='ltr'>eodem</span> <span class='ocrx_word' id='word_1_33' title='bbox 410 364 795 414; x_wconf 78' lang='lat' dir='ltr'>senatusconsulto,</span> <span class='ocrx_word' id='word_1_34' title='bbox 816 377 901 418; x_wconf 92' lang='lat' dir='ltr'>quo</span> <span class='ocrx_word' id='word_1_35' title='bbox 936 362 1143 404; x_wconf 87' lang='lat' dir='ltr'><strong>Plancum</strong></span> <span class='ocrx_word' id='word_1_36' title='bbox 1176 370 1220 402; x_wconf 89' lang='lat' dir='ltr'>et</span> <span class='ocrx_word' id='word_1_37' title='bbox 1251 361 1461 417; x_wconf 89' lang='lat' dir='ltr'>Lepidum</span> <span class='ocrx_word' id='word_1_38' title='bbox 1493 363 1538 403; x_wconf 87' lang='lat' dir='ltr'>in</span> 
     </span>
     <span class='ocr_line' id='line_1_6' title="bbox 103 418 1540 475; baseline -0.001 -13"><span class='ocrx_word' id='word_1_39' title='bbox 103 421 270 464; x_wconf 84' lang='lat' dir='ltr'>Italiam</span> <span class='ocrx_word' id='word_1_40' title='bbox 303 422 551 472; x_wconf 78' lang='lat' dir='ltr'>arcessistis,</span> <span class='ocrx_word' id='word_1_41' title='bbox 583 435 650 461; x_wconf 87' lang='lat' dir='ltr'>me</span> <span class='ocrx_word' id='word_1_42' title='bbox 675 435 848 475; x_wconf 84' lang='lat' dir='ltr'>quoque</span> <span class='ocrx_word' id='word_1_43' title='bbox 871 419 1108 474; x_wconf 89' lang='lat' dir='ltr'>jussissetis</span> <span class='ocrx_word' id='word_1_44' title='bbox 1140 418 1307 459; x_wconf 85' lang='lat' dir='ltr'>venire!</span> <span class='ocrx_word' id='word_1_45' title='bbox 1342 419 1540 473; x_wconf 83' lang='lat' dir='ltr'>profecto</span> 
     </span>
     <span class='ocr_line' id='line_1_7' title="bbox 101 475 1539 536; baseline -0.001 -18"><span class='ocrx_word' id='word_1_46' title='bbox 101 493 187 519; x_wconf 90' lang='lat' dir='ltr'>non</span> <span class='ocrx_word' id='word_1_47' title='bbox 211 481 446 536; x_wconf 79' lang='lat' dir='ltr'>accepisset</span> <span class='ocrx_word' id='word_1_48' title='bbox 465 478 708 534; x_wconf 77' lang='lat' dir='ltr'>respublica</span> <span class='ocrx_word' id='word_1_49' title='bbox 727 476 809 519; x_wconf 84' lang='lat' dir='ltr'>hoc</span> <span class='ocrx_word' id='word_1_50' title='bbox 829 477 996 518; x_wconf 90' lang='lat' dir='ltr'>vulnus.</span> <span class='ocrx_word' id='word_1_51' title='bbox 1012 491 1097 532; x_wconf 90' lang='lat' dir='ltr'>quo</span> <span class='ocrx_word' id='word_1_52' title='bbox 1121 476 1153 516; x_wconf 92' lang='lat' dir='ltr'>si</span> <span class='ocrx_word' id='word_1_53' title='bbox 1177 475 1250 530; x_wconf 92' lang='lat' dir='ltr'>qui</span> <span class='ocrx_word' id='word_1_54' title='bbox 1271 475 1473 517; x_wconf 82' lang='lat' dir='ltr'>laetantur</span> <span class='ocrx_word' id='word_1_55' title='bbox 1495 477 1539 517; x_wconf 90' lang='lat' dir='ltr'>in</span> 
     </span>
     <span class='ocr_line' id='line_1_8' title="bbox 102 532 1541 590; baseline -0.002 -15"><span class='ocrx_word' id='word_1_56' title='bbox 102 537 343 590; x_wconf 82' lang='lat' dir='ltr'>praesentia,</span> <span class='ocrx_word' id='word_1_57' title='bbox 364 536 465 590; x_wconf 87' lang='lat' dir='ltr'>quia</span> <span class='ocrx_word' id='word_1_58' title='bbox 488 535 686 576; x_wconf 84' lang='lat' dir='ltr'>videntur</span> <span class='ocrx_word' id='word_1_59' title='bbox 707 546 750 575; x_wconf 92' lang='lat' dir='ltr'>et</span> <span class='ocrx_word' id='word_1_60' title='bbox 771 534 916 583; x_wconf 88' lang='lat' dir='ltr'>duces,</span> <span class='ocrx_word' id='word_1_61' title='bbox 937 545 982 574; x_wconf 89' lang='lat' dir='ltr'>et</span> <span class='ocrx_word' id='word_1_62' title='bbox 1006 533 1190 574; x_wconf 86' lang='lat' dir='ltr'>veterani</span> <span class='ocrx_word' id='word_1_63' title='bbox 1226 532 1410 573; x_wconf 86' lang='lat' dir='ltr'>Caesaris</span> <span class='ocrx_word' id='word_1_64' title='bbox 1443 547 1541 589; x_wconf 89' lang='lat' dir='ltr'>par-</span> 
     </span>
     <span class='ocr_line' id='line_1_9' title="bbox 103 588 1540 648; baseline 0 -17"><span class='ocrx_word' id='word_1_65' title='bbox 103 593 206 633; x_wconf 84' lang='lat' dir='ltr'>tium</span> <span class='ocrx_word' id='word_1_66' title='bbox 232 593 461 634; x_wconf 88' lang='lat' dir='ltr'>interiisse:</span> <span class='ocrx_word' id='word_1_67' title='bbox 486 603 627 633; x_wconf 87' lang='lat' dir='ltr'>tamen</span> <span class='ocrx_word' id='word_1_68' title='bbox 652 591 925 648; x_wconf 86' lang='lat' dir='ltr'>postmodum</span> <span class='ocrx_word' id='word_1_69' title='bbox 950 604 1121 631; x_wconf 91' lang='lat' dir='ltr'>necesse</span> <span class='ocrx_word' id='word_1_70' title='bbox 1143 600 1206 629; x_wconf 85' lang='lat' dir='ltr'>est</span> <span class='ocrx_word' id='word_1_71' title='bbox 1228 588 1417 641; x_wconf 88' lang='lat' dir='ltr'>doleant,</span> <span class='ocrx_word' id='word_1_72' title='bbox 1439 605 1540 631; x_wconf 89' lang='lat' dir='ltr'>cum</span> 
     </span>
     <span class='ocr_line' id='line_1_10' title="bbox 100 647 1584 705; baseline 0.001 -18"><span class='ocrx_word' id='word_1_73' title='bbox 100 649 341 690; x_wconf 85' lang='lat' dir='ltr'>vastitatem</span> <span class='ocrx_word' id='word_1_74' title='bbox 381 648 518 691; x_wconf 85' lang='lat' dir='ltr'>Italiae</span> <span class='ocrx_word' id='word_1_75' title='bbox 553 649 833 705; x_wconf 83' lang='lat' dir='ltr'>respexerint.</span> <span class='ocrx_word' id='word_1_76' title='bbox 898 647 1006 688; x_wconf 85' lang='lat' dir='ltr'>Nam</span> <span class='ocrx_word' id='word_1_77' title='bbox 1044 657 1089 687; x_wconf 88' lang='lat' dir='ltr'>et</span> <span class='ocrx_word' id='word_1_78' title='bbox 1125 647 1269 695; x_wconf 89' lang='lat' dir='ltr'>robur,</span> <span class='ocrx_word' id='word_1_79' title='bbox 1292 655 1335 686; x_wconf 89' lang='lat' dir='ltr'>et</span> <span class='ocrx_word' id='word_1_80' title='bbox 1369 647 1538 688; x_wconf 84' lang='lat' dir='ltr'>suboles</span> <span class='ocrx_word' id='word_1_81' title='bbox 1552 656 1584 688; x_wconf 88' lang='lat' dir='ltr'>b.</span> 
     </span>
     <span class='ocr_line' id='line_1_11' title="bbox 102 702 1540 760; baseline 0.001 -16"><span class='ocrx_word' id='word_1_82' title='bbox 102 705 283 746; x_wconf 84' lang='lat' dir='ltr'>militum</span> <span class='ocrx_word' id='word_1_83' title='bbox 317 706 505 747; x_wconf 87' lang='lat' dir='ltr'>interiit:</span> <span class='ocrx_word' id='word_1_84' title='bbox 539 707 572 748; x_wconf 88' lang='lat' dir='ltr'>si</span> <span class='ocrx_word' id='word_1_85' title='bbox 595 706 785 760; x_wconf 87' lang='lat' dir='ltr'>quidem,</span> <span class='ocrx_word' id='word_1_86' title='bbox 803 719 898 760; x_wconf 80' lang='lat' dir='ltr'>quac</span> <span class='ocrx_word' id='word_1_87' title='bbox 923 704 1189 753; x_wconf 83' lang='lat' dir='ltr'>nuntiantur,</span> <span class='ocrx_word' id='word_1_88' title='bbox 1212 702 1298 743; x_wconf 82' lang='lat' dir='ltr'>ulla</span> <span class='ocrx_word' id='word_1_89' title='bbox 1330 718 1384 745; x_wconf 82' lang='lat' dir='ltr'>ex</span> <span class='ocrx_word' id='word_1_90' title='bbox 1420 714 1540 760; x_wconf 86' lang='lat' dir='ltr'>parte</span> 
     </span>
     <span class='ocr_line' id='line_1_12' title="bbox 102 761 1540 818; baseline 0.001 -17"><span class='ocrx_word' id='word_1_91' title='bbox 102 775 198 802; x_wconf 80' lang='lat' dir='ltr'>vera</span> <span class='ocrx_word' id='word_1_92' title='bbox 233 772 347 803; x_wconf 92' lang='lat' dir='ltr'>sunt.</span> <span class='ocrx_word' id='word_1_93' title='bbox 410 762 563 818; x_wconf 68' lang='lat' dir='ltr'>Neque</span> <span class='ocrx_word' id='word_1_94' title='bbox 595 776 678 818; x_wconf 87' lang='lat' dir='ltr'>ego</span> <span class='ocrx_word' id='word_1_95' title='bbox 710 777 796 803; x_wconf 92' lang='lat' dir='ltr'>non</span> <span class='ocrx_word' id='word_1_96' title='bbox 827 761 1041 811; x_wconf 85' lang='lat' dir='ltr'>videbam,</span> <span class='ocrx_word' id='word_1_97' title='bbox 1068 769 1231 815; x_wconf 89' lang='lat' dir='ltr'>quanto</span> <span class='ocrx_word' id='word_1_98' title='bbox 1265 761 1360 801; x_wconf 90' lang='lat' dir='ltr'>usui</span> <span class='ocrx_word' id='word_1_99' title='bbox 1398 761 1540 817; x_wconf 87' lang='lat' dir='ltr'>reipu-</span> 
     </span>
     <span class='ocr_line' id='line_1_13' title="bbox 104 818 1539 874; baseline 0.001 -17"><span class='ocrx_word' id='word_1_100' title='bbox 104 818 226 860; x_wconf 89' lang='lat' dir='ltr'>blicae</span> <span class='ocrx_word' id='word_1_101' title='bbox 249 832 384 860; x_wconf 90' lang='lat' dir='ltr'>essem</span> <span class='ocrx_word' id='word_1_102' title='bbox 407 819 591 868; x_wconf 82' lang='lat' dir='ltr'>futurus,</span> <span class='ocrx_word' id='word_1_103' title='bbox 611 821 643 860; x_wconf 91' lang='lat' dir='ltr'>si</span> <span class='ocrx_word' id='word_1_104' title='bbox 668 819 720 860; x_wconf 85' lang='lat' dir='ltr'>ad</span> <span class='ocrx_word' id='word_1_105' title='bbox 746 819 955 874; x_wconf 85' lang='lat' dir='ltr'>Lepidum</span> <span class='ocrx_word' id='word_1_106' title='bbox 983 818 1206 858; x_wconf 81' lang='lat' dir='ltr'>venissem.</span> <span class='ocrx_word' id='word_1_107' title='bbox 1230 832 1401 858; x_wconf 89' lang='lat' dir='ltr'>omnem</span> <span class='ocrx_word' id='word_1_108' title='bbox 1424 819 1539 859; x_wconf 87' lang='lat' dir='ltr'>enim</span> 
     </span>
     <span class='ocr_line' id='line_1_14' title="bbox 101 873 1540 931; baseline 0.002 -18"><span class='ocrx_word' id='word_1_109' title='bbox 101 876 421 916; x_wconf 88' lang='lat' dir='ltr'>cunctationem</span> <span class='ocrx_word' id='word_1_110' title='bbox 441 877 534 931; x_wconf 84' lang='lat' dir='ltr'>ejus</span> <span class='ocrx_word' id='word_1_111' title='bbox 557 876 864 924; x_wconf 86' lang='lat' dir='ltr'>discussissem,</span> <span class='ocrx_word' id='word_1_112' title='bbox 884 875 1118 930; x_wconf 81' lang='lat' dir='ltr'>praesertim</span> <span class='ocrx_word' id='word_1_113' title='bbox 1140 873 1338 930; x_wconf 84' lang='lat' dir='ltr'>adjutore</span> <span class='ocrx_word' id='word_1_114' title='bbox 1363 874 1540 916; x_wconf 89' lang='lat' dir='ltr'>Planco.</span> 
     </span>
     <span class='ocr_line' id='line_1_15' title="bbox 101 931 1541 987; baseline 0.001 -15"><span class='ocrx_word' id='word_1_115' title='bbox 101 931 185 972; x_wconf 72' lang='lat' dir='ltr'>Sed</span> <span class='ocrx_word' id='word_1_116' title='bbox 220 932 422 974; x_wconf 85' lang='lat' dir='ltr'>scribenti</span> <span class='ocrx_word' id='word_1_117' title='bbox 456 933 509 974; x_wconf 87' lang='lat' dir='ltr'>ad</span> <span class='ocrx_word' id='word_1_118' title='bbox 543 947 611 973; x_wconf 91' lang='lat' dir='ltr'>me</span> <span class='ocrx_word' id='word_1_119' title='bbox 643 933 854 986; x_wconf 82' lang='lat' dir='ltr'>ejusmodi</span> <span class='ocrx_word' id='word_1_120' title='bbox 888 932 1065 982; x_wconf 84' lang='lat' dir='ltr'>litteras,</span> <span class='ocrx_word' id='word_1_121' title='bbox 1090 946 1195 986; x_wconf 88' lang='lat' dir='ltr'>quas</span> <span class='ocrx_word' id='word_1_122' title='bbox 1232 931 1361 987; x_wconf 88' lang='lat' dir='ltr'>leges,</span> <span class='ocrx_word' id='word_1_123' title='bbox 1383 935 1541 973; x_wconf 80' lang='lat' dir='ltr'>3lcon-</span> 
     </span>
     <span class='ocr_line' id='line_1_16' title="bbox 100 988 1541 1044; baseline 0.001 -17"><span class='ocrx_word' id='word_1_124' title='bbox 100 988 298 1030; x_wconf 91' lang='lat' dir='ltr'>cionibus</span> <span class='ocrx_word' id='word_1_125' title='bbox 335 989 546 1037; x_wconf 89' lang='lat' dir='ltr'>videlicet,</span> <span class='ocrx_word' id='word_1_126' title='bbox 585 1004 689 1044; x_wconf 81' lang='lat' dir='ltr'>quas</span> <span class='ocrx_word' id='word_1_127' title='bbox 728 989 933 1030; x_wconf 59' lang='lat' dir='ltr'>Narbone</span> <span class='ocrx_word' id='word_1_128' title='bbox 974 988 1176 1029; x_wconf 89' lang='lat' dir='ltr'>habuisse</span> <span class='ocrx_word' id='word_1_129' title='bbox 1210 989 1383 1038; x_wconf 90' lang='lat' dir='ltr'>dicitur,</span> <span class='ocrx_word' id='word_1_130' title='bbox 1423 990 1541 1030; x_wconf 87' lang='lat' dir='ltr'>simi·</span> 
     </span>
     <span class='ocr_line' id='line_1_17' title="bbox 101 1044 1542 1101; baseline 0.002 -18"><span class='ocrx_word' id='word_1_131' title='bbox 101 1044 165 1094; x_wconf 91' lang='lat' dir='ltr'>lis,</span> <span class='ocrx_word' id='word_1_132' title='bbox 187 1047 227 1075; x_wconf 73' lang='lat'>32</span> <span class='ocrx_word' id='word_1_133' title='bbox 242 1046 436 1101; x_wconf 82' lang='lat' dir='ltr'>palparer</span> <span class='ocrx_word' id='word_1_134' title='bbox 461 1047 584 1101; x_wconf 90' lang='lat' dir='ltr'>plane</span> <span class='ocrx_word' id='word_1_135' title='bbox 611 1060 782 1087; x_wconf 72' lang='lat' dir='ltr'>necesse</span> <span class='ocrx_word' id='word_1_136' title='bbox 803 1056 908 1095; x_wconf 83' lang='lat' dir='ltr'>erat,</span> <span class='ocrx_word' id='word_1_137' title='bbox 931 1046 962 1085; x_wconf 90' lang='lat' dir='ltr'>si</span> <span class='ocrx_word' id='word_1_138' title='bbox 988 1045 1138 1086; x_wconf 82' lang='lat' dir='ltr'>vellem</span> <span class='ocrx_word' id='word_1_139' title='bbox 1162 1055 1443 1096; x_wconf 85' lang='lat' dir='ltr'>commeatus,</span> <span class='ocrx_word' id='word_1_140' title='bbox 1466 1059 1542 1101; x_wconf 90' lang='lat' dir='ltr'>per</span> 
     </span>
     <span class='ocr_line' id='line_1_18' title="bbox 102 1101 1541 1158; baseline 0.001 -17"><span class='ocrx_word' id='word_1_141' title='bbox 102 1101 368 1156; x_wconf 87' lang='lat' dir='ltr'>provinciam</span> <span class='ocrx_word' id='word_1_142' title='bbox 402 1103 494 1158; x_wconf 77' lang='lat' dir='ltr'>ejus</span> <span class='ocrx_word' id='word_1_143' title='bbox 533 1104 612 1143; x_wconf 90' lang='lat' dir='ltr'>iter</span> <span class='ocrx_word' id='word_1_144' title='bbox 649 1102 824 1152; x_wconf 86' lang='lat' dir='ltr'>faciens,</span> <span class='ocrx_word' id='word_1_145' title='bbox 862 1103 1033 1143; x_wconf 81' lang='lat' dir='ltr'>habere.</span> <span class='ocrx_word' id='word_1_146' title='bbox 1095 1102 1312 1143; x_wconf 87' lang='lat' dir='ltr'>Praeterea</span> <span class='ocrx_word' id='word_1_147' title='bbox 1351 1103 1541 1154; x_wconf 85' lang='lat' dir='ltr'>verebar,</span> 
     </span>
     <span class='ocr_line' id='line_1_19' title="bbox 103 1158 1541 1215; baseline 0.001 -17"><span class='ocrx_word' id='word_1_148' title='bbox 103 1172 170 1208; x_wconf 88' lang='lat' dir='ltr'>ne,</span> <span class='ocrx_word' id='word_1_149' title='bbox 204 1159 239 1199; x_wconf 90' lang='lat' dir='ltr'>si</span> <span class='ocrx_word' id='word_1_150' title='bbox 273 1170 388 1210; x_wconf 86' lang='lat' dir='ltr'>ante,</span> <span class='ocrx_word' id='word_1_151' title='bbox 420 1174 546 1215; x_wconf 77' lang='lat' dir='ltr'>quani</span> <span class='ocrx_word' id='word_1_152' title='bbox 581 1174 663 1215; x_wconf 80' lang='lat' dir='ltr'>ego</span> <span class='ocrx_word' id='word_1_153' title='bbox 700 1160 873 1215; x_wconf 87' lang='lat' dir='ltr'>incepta</span> <span class='ocrx_word' id='word_1_154' title='bbox 906 1159 1169 1214; x_wconf 86' lang='lat' dir='ltr'>perficerem,</span> <span class='ocrx_word' id='word_1_155' title='bbox 1200 1158 1402 1214; x_wconf 80' lang='lat' dir='ltr'>proelium</span> <span class='ocrx_word' id='word_1_156' title='bbox 1437 1173 1541 1201; x_wconf 89' lang='lat' dir='ltr'>con-</span> 
     </span>
     <span class='ocr_line' id='line_1_20' title="bbox 101 1214 1541 1271; baseline 0.001 -17"><span class='ocrx_word' id='word_1_157' title='bbox 101 1214 264 1256; x_wconf 85' lang='lat' dir='ltr'>fectum</span> <span class='ocrx_word' id='word_1_158' title='bbox 285 1225 410 1266; x_wconf 90' lang='lat' dir='ltr'>esset,</span> <span class='ocrx_word' id='word_1_159' title='bbox 435 1218 550 1271; x_wconf 87' lang='lat' dir='ltr'>pium</span> <span class='ocrx_word' id='word_1_160' title='bbox 575 1231 714 1258; x_wconf 85' lang='lat' dir='ltr'>meum</span> <span class='ocrx_word' id='word_1_161' title='bbox 738 1216 964 1257; x_wconf 84' lang='lat' dir='ltr'>consilium</span> <span class='ocrx_word' id='word_1_162' title='bbox 988 1224 1187 1270; x_wconf 88' lang='lat' dir='ltr'>raperent</span> <span class='ocrx_word' id='word_1_163' title='bbox 1215 1216 1257 1255; x_wconf 92' lang='lat' dir='ltr'>in</span> <span class='ocrx_word' id='word_1_164' title='bbox 1281 1217 1541 1257; x_wconf 88' lang='lat' dir='ltr'>contrariam</span> 
     </span>
     <span class='ocr_line' id='line_1_21' title="bbox 101 1272 1541 1327; baseline 0.001 -15"><span class='ocrx_word' id='word_1_165' title='bbox 101 1282 267 1326; x_wconf 83' lang='lat' dir='ltr'>partem</span> <span class='ocrx_word' id='word_1_166' title='bbox 309 1274 620 1314; x_wconf 81' lang='lat' dir='ltr'>obtrectatores</span> <span class='ocrx_word' id='word_1_167' title='bbox 658 1273 758 1323; x_wconf 90' lang='lat' dir='ltr'>mei,</span> <span class='ocrx_word' id='word_1_168' title='bbox 792 1281 967 1327; x_wconf 86' lang='lat' dir='ltr'>propter</span> <span class='ocrx_word' id='word_1_169' title='bbox 1006 1272 1260 1321; x_wconf 89' lang='lat' dir='ltr'>amicitiam,</span> <span class='ocrx_word' id='word_1_170' title='bbox 1297 1287 1395 1326; x_wconf 82' lang='lat' dir='ltr'>quae</span> <span class='ocrx_word' id='word_1_171' title='bbox 1433 1272 1541 1313; x_wconf 83' lang='lat' dir='ltr'>mihi</span> 
     </span>
     <span class='ocr_line' id='line_1_22' title="bbox 101 1327 1543 1383; baseline 0.001 -15"><span class='ocrx_word' id='word_1_172' title='bbox 101 1342 198 1368; x_wconf 89' lang='lat' dir='ltr'>cum</span> <span class='ocrx_word' id='word_1_173' title='bbox 221 1328 432 1379; x_wconf 89' lang='lat' dir='ltr'>Antonio,</span> <span class='ocrx_word' id='word_1_174' title='bbox 458 1344 543 1370; x_wconf 91' lang='lat' dir='ltr'>non</span> <span class='ocrx_word' id='word_1_175' title='bbox 578 1329 716 1383; x_wconf 88' lang='lat' dir='ltr'>major</span> <span class='ocrx_word' id='word_1_176' title='bbox 749 1339 906 1378; x_wconf 87' lang='lat' dir='ltr'>tamen,</span> <span class='ocrx_word' id='word_1_177' title='bbox 929 1342 1058 1383; x_wconf 90' lang='lat' dir='ltr'>quam</span> <span class='ocrx_word' id='word_1_178' title='bbox 1095 1327 1257 1369; x_wconf 89' lang='lat' dir='ltr'>Planco</span> <span class='ocrx_word' id='word_1_179' title='bbox 1294 1327 1392 1369; x_wconf 89' lang='lat' dir='ltr'>fuit.</span> <span class='ocrx_word' id='word_1_180' title='bbox 1453 1328 1543 1369; x_wconf 89' lang='lat' dir='ltr'>Ita-</span> 
     </span>
     <span class='ocr_line' id='line_1_23' title="bbox 99 1384 1542 1440; baseline 0.001 -15"><span class='ocrx_word' id='word_1_181' title='bbox 99 1399 184 1439; x_wconf 90' lang='lat' dir='ltr'>que</span> <span class='ocrx_word' id='word_1_182' title='bbox 206 1399 230 1425; x_wconf 84' lang='lat' dir='ltr'>a</span> <span class='ocrx_word' id='word_1_183' title='bbox 255 1385 451 1427; x_wconf 89' lang='lat' dir='ltr'>Gadibus</span> <span class='ocrx_word' id='word_1_184' title='bbox 473 1400 619 1426; x_wconf 90' lang='lat' dir='ltr'>mense</span> <span class='ocrx_word' id='word_1_185' title='bbox 639 1385 779 1440; x_wconf 85' lang='lat' dir='ltr'>Aprili</span> <span class='ocrx_word' id='word_1_186' title='bbox 817 1386 926 1427; x_wconf 89' lang='lat' dir='ltr'>binis</span> <span class='ocrx_word' id='word_1_187' title='bbox 956 1384 1186 1426; x_wconf 88' lang='lat' dir='ltr'>tabellariis</span> <span class='ocrx_word' id='word_1_188' title='bbox 1219 1385 1262 1426; x_wconf 92' lang='lat' dir='ltr'>in</span> <span class='ocrx_word' id='word_1_189' title='bbox 1284 1385 1390 1427; x_wconf 89' lang='lat' dir='ltr'>duas</span> <span class='ocrx_word' id='word_1_190' title='bbox 1411 1400 1542 1427; x_wconf 90' lang='lat' dir='ltr'>naves</span> 
     </span>
     <span class='ocr_line' id='line_1_24' title="bbox 102 1440 1543 1498; baseline 0.002 -17"><span class='ocrx_word' id='word_1_191' title='bbox 102 1440 330 1497; x_wconf 81' lang='lat' dir='ltr'>impositiS,</span> <span class='ocrx_word' id='word_1_192' title='bbox 359 1455 404 1483; x_wconf 89' lang='lat' dir='ltr'>et</span> <span class='ocrx_word' id='word_1_193' title='bbox 439 1443 534 1492; x_wconf 92' lang='lat' dir='ltr'>tibi,</span> <span class='ocrx_word' id='word_1_194' title='bbox 558 1453 602 1483; x_wconf 91' lang='lat' dir='ltr'>et</span> <span class='ocrx_word' id='word_1_195' title='bbox 634 1442 898 1493; x_wconf 83' lang='lat' dir='ltr'>consulibus,</span> <span class='ocrx_word' id='word_1_196' title='bbox 933 1452 976 1482; x_wconf 93' lang='lat' dir='ltr'>et</span> <span class='ocrx_word' id='word_1_197' title='bbox 1010 1442 1256 1483; x_wconf 85' lang='lat' dir='ltr'>Octaviano</span> <span class='ocrx_word' id='word_1_198' title='bbox 1291 1442 1457 1498; x_wconf 89' lang='lat' dir='ltr'>scripsi,</span> <span class='ocrx_word' id='word_1_199' title='bbox 1494 1452 1543 1484; x_wconf 87' lang='lat' dir='ltr'>ut</span> 
     </span>
     <span class='ocr_line' id='line_1_25' title="bbox 102 1498 1542 1555; baseline 0.002 -17"><span class='ocrx_word' id='word_1_200' title='bbox 102 1512 172 1538; x_wconf 91' lang='lat' dir='ltr'>me</span> <span class='ocrx_word' id='word_1_201' title='bbox 203 1498 401 1540; x_wconf 86' lang='lat' dir='ltr'>faceretis</span> <span class='ocrx_word' id='word_1_202' title='bbox 433 1500 676 1549; x_wconf 87' lang='lat' dir='ltr'>certiorem,</span> <span class='ocrx_word' id='word_1_203' title='bbox 708 1513 896 1554; x_wconf 87' lang='lat' dir='ltr'>quonam</span> <span class='ocrx_word' id='word_1_204' title='bbox 933 1500 1063 1540; x_wconf 86' lang='lat' dir='ltr'>modo</span> <span class='ocrx_word' id='word_1_205' title='bbox 1099 1498 1334 1554; x_wconf 88' lang='lat' dir='ltr'>plurimum</span> <span class='ocrx_word' id='word_1_206' title='bbox 1371 1513 1542 1555; x_wconf 87' lang='lat' dir='ltr'>possem</span> 
     </span>
     <span class='ocr_line' id='line_1_26' title="bbox 104 1555 1542 1612; baseline 0.001 -17"><span class='ocrx_word' id='word_1_207' title='bbox 104 1555 304 1610; x_wconf 89' lang='lat' dir='ltr'>prodesse</span> <span class='ocrx_word' id='word_1_208' title='bbox 336 1555 600 1612; x_wconf 89' lang='lat' dir='ltr'>reipublicae.</span> <span class='ocrx_word' id='word_1_209' title='bbox 660 1556 759 1606; x_wconf 90' lang='lat' dir='ltr'>Sed,</span> <span class='ocrx_word' id='word_1_210' title='bbox 781 1565 830 1596; x_wconf 86' lang='lat' dir='ltr'>ut</span> <span class='ocrx_word' id='word_1_211' title='bbox 855 1555 1065 1596; x_wconf 88' lang='lat' dir='ltr'>rationem</span> <span class='ocrx_word' id='word_1_212' title='bbox 1088 1555 1200 1605; x_wconf 92' lang='lat' dir='ltr'>ineo,</span> <span class='ocrx_word' id='word_1_213' title='bbox 1223 1571 1309 1611; x_wconf 93' lang='lat' dir='ltr'>quo</span> <span class='ocrx_word' id='word_1_214' title='bbox 1332 1556 1401 1597; x_wconf 91' lang='lat' dir='ltr'>die</span> <span class='ocrx_word' id='word_1_215' title='bbox 1423 1571 1542 1612; x_wconf 84' lang='lat' dir='ltr'>proe-</span> 
     </span>
     <span class='ocr_line' id='line_1_27' title="bbox 102 1611 1542 1669; baseline 0.002 -17"><span class='ocrx_word' id='word_1_216' title='bbox 102 1611 209 1652; x_wconf 90' lang='lat' dir='ltr'>lium</span> <span class='ocrx_word' id='word_1_217' title='bbox 249 1611 391 1653; x_wconf 86' lang='lat' dir='ltr'>Pansa</span> <span class='ocrx_word' id='word_1_218' title='bbox 426 1612 658 1663; x_wconf 83' lang='lat' dir='ltr'>commisit,</span> <span class='ocrx_word' id='word_1_219' title='bbox 696 1612 845 1653; x_wconf 81' lang='lat' dir='ltr'>eodem</span> <span class='ocrx_word' id='word_1_220' title='bbox 880 1628 904 1653; x_wconf 84' lang='lat' dir='ltr'>a</span> <span class='ocrx_word' id='word_1_221' title='bbox 937 1611 1134 1654; x_wconf 90' lang='lat' dir='ltr'>Gadibus</span> <span class='ocrx_word' id='word_1_222' title='bbox 1170 1627 1300 1653; x_wconf 81' lang='lat' dir='ltr'>naves</span> <span class='ocrx_word' id='word_1_223' title='bbox 1333 1614 1542 1669; x_wconf 82' lang='lat' dir='ltr'>profectae</span> 
     </span>
     <span class='ocr_line' id='line_1_28' title="bbox 105 1668 1542 1726; baseline 0.002 -18"><span class='ocrx_word' id='word_1_224' title='bbox 105 1678 218 1709; x_wconf 89' lang='lat' dir='ltr'>sunt.</span> <span class='ocrx_word' id='word_1_225' title='bbox 251 1668 379 1710; x_wconf 89' lang='lat' dir='ltr'>Nulla</span> <span class='ocrx_word' id='word_1_226' title='bbox 397 1670 510 1711; x_wconf 90' lang='lat' dir='ltr'>enim</span> <span class='ocrx_word' id='word_1_227' title='bbox 532 1679 630 1725; x_wconf 88' lang='lat' dir='ltr'>post</span> <span class='ocrx_word' id='word_1_228' title='bbox 644 1669 829 1711; x_wconf 89' lang='lat' dir='ltr'>hiemem</span> <span class='ocrx_word' id='word_1_229' title='bbox 847 1669 930 1710; x_wconf 87' lang='lat' dir='ltr'>fuit</span> <span class='ocrx_word' id='word_1_230' title='bbox 948 1678 1048 1710; x_wconf 88' lang='lat' dir='ltr'>ante</span> <span class='ocrx_word' id='word_1_231' title='bbox 1063 1683 1157 1710; x_wconf 90' lang='lat' dir='ltr'>eam</span> <span class='ocrx_word' id='word_1_232' title='bbox 1171 1669 1284 1711; x_wconf 86' lang='lat' dir='ltr'>diem</span> <span class='ocrx_word' id='word_1_233' title='bbox 1305 1670 1542 1726; x_wconf 86' lang='lat' dir='ltr'>navigatio.</span> 
     </span>
     <span class='ocr_line' id='line_1_29' title="bbox 106 1724 1543 1782; baseline 0.001 -16"><span class='ocrx_word' id='word_1_234' title='bbox 106 1724 163 1765; x_wconf 88' lang='lat' dir='ltr'>Et</span> <span class='ocrx_word' id='word_1_235' title='bbox 184 1725 375 1767; x_wconf 87' lang='lat' dir='ltr'>hercules</span> <span class='ocrx_word' id='word_1_236' title='bbox 397 1727 524 1782; x_wconf 87' lang='lat' dir='ltr'>longe</span> <span class='ocrx_word' id='word_1_237' title='bbox 547 1737 735 1767; x_wconf 88' lang='lat' dir='ltr'>remotus</span> <span class='ocrx_word' id='word_1_238' title='bbox 756 1728 810 1767; x_wconf 85' lang='lat' dir='ltr'>ab</span> <span class='ocrx_word' id='word_1_239' title='bbox 833 1726 952 1767; x_wconf 86' lang='lat' dir='ltr'>omni</span> <span class='ocrx_word' id='word_1_240' title='bbox 981 1726 1226 1782; x_wconf 89' lang='lat' dir='ltr'>suspicione</span> <span class='ocrx_word' id='word_1_241' title='bbox 1248 1725 1380 1767; x_wconf 87' lang='lat' dir='ltr'>futuri</span> <span class='ocrx_word' id='word_1_242' title='bbox 1403 1727 1543 1768; x_wconf 83' lang='lat' dir='ltr'>civilis</span> 
     </span>
     <span class='ocr_line' id='line_1_30' title="bbox 106 1782 1544 1839; baseline 0.003 -18"><span class='ocrx_word' id='word_1_243' title='bbox 106 1782 329 1833; x_wconf 88' lang='lat' dir='ltr'>tumultus,</span> <span class='ocrx_word' id='word_1_244' title='bbox 352 1783 522 1838; x_wconf 90' lang='lat' dir='ltr'>penitus</span> <span class='ocrx_word' id='word_1_245' title='bbox 545 1783 588 1823; x_wconf 89' lang='lat' dir='ltr'>in</span> <span class='ocrx_word' id='word_1_246' title='bbox 613 1783 836 1825; x_wconf 85' lang='lat' dir='ltr'>Lusitania</span> <span class='ocrx_word' id='word_1_247' title='bbox 864 1783 1055 1839; x_wconf 83' lang='lat' dir='ltr'>legiones</span> <span class='ocrx_word' id='word_1_248' title='bbox 1077 1783 1121 1824; x_wconf 86' lang='lat' dir='ltr'>in</span> <span class='ocrx_word' id='word_1_249' title='bbox 1145 1783 1335 1824; x_wconf 87' lang='lat' dir='ltr'>hibernis</span> <span class='ocrx_word' id='word_1_250' title='bbox 1358 1784 1544 1826; x_wconf 89' lang='lat' dir='ltr'>colloca-</span> 
     </span>
     <span class='ocr_line' id='line_1_31' title="bbox 106 1838 1544 1896; baseline 0.001 -16"><span class='ocrx_word' id='word_1_251' title='bbox 106 1852 210 1879; x_wconf 87' lang='lat' dir='ltr'>ram.</span> <span class='ocrx_word' id='word_1_252' title='bbox 272 1838 340 1881; x_wconf 91' lang='lat' dir='ltr'>Ita</span> <span class='ocrx_word' id='word_1_253' title='bbox 371 1855 497 1896; x_wconf 88' lang='lat' dir='ltr'>porro</span> <span class='ocrx_word' id='word_1_254' title='bbox 519 1840 741 1881; x_wconf 86' lang='lat' dir='ltr'>festinavit</span> <span class='ocrx_word' id='word_1_255' title='bbox 762 1850 940 1896; x_wconf 90' lang='lat' dir='ltr'>uterque</span> <span class='ocrx_word' id='word_1_256' title='bbox 963 1840 1214 1896; x_wconf 88' lang='lat' dir='ltr'>confligere,</span> <span class='ocrx_word' id='word_1_257' title='bbox 1237 1850 1455 1896; x_wconf 88' lang='lat' dir='ltr'>tamquam</span> <span class='ocrx_word' id='word_1_258' title='bbox 1478 1841 1544 1883; x_wconf 90' lang='lat' dir='ltr'>ni-</span> 
     </span>
     <span class='ocr_line' id='line_1_32' title="bbox 106 1894 1546 1953; baseline 0.001 -16"><span class='ocrx_word' id='word_1_259' title='bbox 106 1894 163 1936; x_wconf 83' lang='lat' dir='ltr'>hil</span> <span class='ocrx_word' id='word_1_260' title='bbox 188 1896 310 1952; x_wconf 85' lang='lat' dir='ltr'>pejus</span> <span class='ocrx_word' id='word_1_261' title='bbox 333 1897 546 1948; x_wconf 88' lang='lat' dir='ltr'>timerent,</span> <span class='ocrx_word' id='word_1_262' title='bbox 567 1912 695 1952; x_wconf 89' lang='lat' dir='ltr'>quam</span> <span class='ocrx_word' id='word_1_263' title='bbox 720 1912 771 1938; x_wconf 88' lang='lat' dir='ltr'>ne</span> <span class='ocrx_word' id='word_1_264' title='bbox 800 1898 891 1938; x_wconf 90' lang='lat' dir='ltr'>sine</span> <span class='ocrx_word' id='word_1_265' title='bbox 926 1897 1119 1938; x_wconf 79' lang='lat' dir='ltr'>maximo</span> <span class='ocrx_word' id='word_1_266' title='bbox 1142 1897 1391 1953; x_wconf 85' lang='lat' dir='ltr'>reipublicae</span> <span class='ocrx_word' id='word_1_267' title='bbox 1413 1898 1546 1940; x_wconf 88' lang='lat' dir='ltr'>detri-</span> 
     </span>
     <span class='ocr_line' id='line_1_33' title="bbox 107 1953 1543 2010; baseline 0.003 -18"><span class='ocrx_word' id='word_1_268' title='bbox 107 1962 252 1994; x_wconf 91' lang='lat' dir='ltr'>mento</span> <span class='ocrx_word' id='word_1_269' title='bbox 277 1953 435 1995; x_wconf 87' lang='lat' dir='ltr'>bellum</span> <span class='ocrx_word' id='word_1_270' title='bbox 465 1964 811 2010; x_wconf 88' lang='lat' dir='ltr'>componeretur.</span> <span class='ocrx_word' id='word_1_271' title='bbox 870 1954 1020 2005; x_wconf 81' lang='lat' dir='ltr'>33Sed,</span> <span class='ocrx_word' id='word_1_272' title='bbox 1043 1954 1077 1994; x_wconf 90' lang='lat' dir='ltr'>si</span> <span class='ocrx_word' id='word_1_273' title='bbox 1105 1954 1421 2010; x_wconf 86' lang='lat' dir='ltr'>properandum</span> <span class='ocrx_word' id='word_1_274' title='bbox 1445 1955 1543 2007; x_wconf 85' lang='lat' dir='ltr'>fuit,</span> 
     </span>
     <span class='ocr_line' id='line_1_34' title="bbox 105 2008 1543 2067; baseline 0.003 -18"><span class='ocrx_word' id='word_1_275' title='bbox 105 2008 212 2052; x_wconf 90' lang='lat' dir='ltr'>nihil</span> <span class='ocrx_word' id='word_1_276' title='bbox 251 2025 337 2052; x_wconf 92' lang='lat' dir='ltr'>non</span> <span class='ocrx_word' id='word_1_277' title='bbox 376 2012 530 2053; x_wconf 84' lang='lat' dir='ltr'>sumini</span> <span class='ocrx_word' id='word_1_278' title='bbox 571 2011 692 2052; x_wconf 88' lang='lat' dir='ltr'>ducis</span> <span class='ocrx_word' id='word_1_279' title='bbox 729 2011 910 2053; x_wconf 85' lang='lat' dir='ltr'>consilio</span> <span class='ocrx_word' id='word_1_280' title='bbox 950 2011 1130 2067; x_wconf 78' lang='lat' dir='ltr'>gessisse</span> <span class='ocrx_word' id='word_1_281' title='bbox 1169 2010 1364 2052; x_wconf 89' lang='lat' dir='ltr'>Hirtium</span> <span class='ocrx_word' id='word_1_282' title='bbox 1402 2012 1543 2054; x_wconf 86' lang='lat' dir='ltr'>video.</span> 
     </span>
     <span class='ocr_line' id='line_1_35' title="bbox 107 2065 1543 2123; baseline 0.003 -16"><span class='ocrx_word' id='word_1_283' title='bbox 107 2065 237 2109; x_wconf 89' lang='lat' dir='ltr'>Nunc</span> <span class='ocrx_word' id='word_1_284' title='bbox 259 2067 355 2109; x_wconf 81' lang='lat' dir='ltr'>haec</span> <span class='ocrx_word' id='word_1_285' title='bbox 376 2068 483 2109; x_wconf 89' lang='lat' dir='ltr'>mihi</span> <span class='ocrx_word' id='word_1_286' title='bbox 506 2069 751 2110; x_wconf 88' lang='lat' dir='ltr'>scribuntur</span> <span class='ocrx_word' id='word_1_287' title='bbox 772 2083 826 2110; x_wconf 86' lang='lat' dir='ltr'>ex</span> <span class='ocrx_word' id='word_1_288' title='bbox 854 2067 997 2110; x_wconf 88' lang='lat' dir='ltr'>Gallia</span> <span class='ocrx_word' id='word_1_289' title='bbox 1022 2068 1171 2123; x_wconf 88' lang='lat' dir='ltr'>Lepidi</span> <span class='ocrx_word' id='word_1_290' title='bbox 1194 2077 1238 2109; x_wconf 89' lang='lat' dir='ltr'>et</span> <span class='ocrx_word' id='word_1_291' title='bbox 1259 2068 1543 2111; x_wconf 86' lang='lat' dir='ltr'>nuntiantur:</span> 
     </span>
     <span class='ocr_line' id='line_1_36' title="bbox 110 2122 1543 2168; baseline 0.003 -5"><span class='ocrx_word' id='word_1_292' title='bbox 110 2122 262 2166; x_wconf 84' lang='lat' dir='ltr'>Pansae</span> <span class='ocrx_word' id='word_1_293' title='bbox 299 2126 539 2166; x_wconf 88' lang='lat' dir='ltr'>exercitum</span> <span class='ocrx_word' id='word_1_294' title='bbox 575 2126 797 2167; x_wconf 90' lang='lat' dir='ltr'>concisum</span> <span class='ocrx_word' id='word_1_295' title='bbox 832 2140 948 2168; x_wconf 89' lang='lat' dir='ltr'>esse:</span> <span class='ocrx_word' id='word_1_296' title='bbox 982 2125 1166 2166; x_wconf 88' lang='lat' dir='ltr'>Pansam</span> <span class='ocrx_word' id='word_1_297' title='bbox 1205 2139 1260 2166; x_wconf 88' lang='lat' dir='ltr'>ex</span> <span class='ocrx_word' id='word_1_298' title='bbox 1294 2126 1543 2167; x_wconf 87' lang='lat' dir='ltr'>vulneribus</span> 
     </span>
     <span class='ocr_line' id='line_1_37' title="bbox 106 2181 1543 2238; baseline 0.003 -18"><span class='ocrx_word' id='word_1_299' title='bbox 106 2189 350 2224; x_wconf 84' lang='lat' dir='ltr'>mortuum:</span> <span class='ocrx_word' id='word_1_300' title='bbox 381 2183 533 2223; x_wconf 92' lang='lat' dir='ltr'>eodem</span> <span class='ocrx_word' id='word_1_301' title='bbox 566 2181 724 2237; x_wconf 88' lang='lat' dir='ltr'>proelio</span> <span class='ocrx_word' id='word_1_302' title='bbox 758 2182 965 2224; x_wconf 85' lang='lat' dir='ltr'>Martiam</span> <span class='ocrx_word' id='word_1_303' title='bbox 995 2182 1211 2238; x_wconf 84' lang='lat' dir='ltr'>legionem</span> <span class='ocrx_word' id='word_1_304' title='bbox 1247 2183 1473 2234; x_wconf 86' lang='lat' dir='ltr'>interiisse,</span> <span class='ocrx_word' id='word_1_305' title='bbox 1497 2192 1543 2225; x_wconf 92' lang='lat' dir='ltr'>et</span> 
     </span>
     <span class='ocr_line' id='line_1_38' title="bbox 108 2236 1676 2291; baseline 0.004 -14"><span class='ocrx_word' id='word_1_306' title='bbox 108 2236 157 2277; x_wconf 91' lang='lat' dir='ltr'>L.</span> <span class='ocrx_word' id='word_1_307' title='bbox 182 2236 410 2291; x_wconf 85' lang='lat' dir='ltr'>Fabatum,</span> <span class='ocrx_word' id='word_1_308' title='bbox 431 2248 475 2280; x_wconf 87' lang='lat' dir='ltr'>et</span> <span class='ocrx_word' id='word_1_309' title='bbox 497 2238 550 2280; x_wconf 87' lang='lat' dir='ltr'>C.</span> <span class='ocrx_word' id='word_1_310' title='bbox 575 2238 851 2291; x_wconf 70' lang='lat' dir='ltr'>Peducaeum,</span> <span class='ocrx_word' id='word_1_311' title='bbox 872 2249 915 2280; x_wconf 91' lang='lat' dir='ltr'>et</span> <span class='ocrx_word' id='word_1_312' title='bbox 949 2239 1005 2281; x_wconf 92' lang='lat' dir='ltr'>D.</span> <span class='ocrx_word' id='word_1_313' title='bbox 1030 2238 1325 2281; x_wconf 88' lang='lat' dir='ltr'>Carfulenum.</span> <span class='ocrx_word' id='word_1_314' title='bbox 1384 2240 1585 2283; x_wconf 83' lang='lat' dir='ltr'>34Hir-P·</span> <span class='ocrx_word' id='word_1_315' title='bbox 1606 2242 1676 2275; x_wconf 76' lang='lat'><strong>¹66·</strong></span> 
     </span>
     <span class='ocr_line' id='line_1_39' title="bbox 107 2294 1585 2354; baseline 0.005 -21"><span class='ocrx_word' id='word_1_316' title='bbox 107 2294 226 2337; x_wconf 86' lang='lat' dir='ltr'>tiano</span> <span class='ocrx_word' id='word_1_317' title='bbox 245 2306 389 2337; x_wconf 92' lang='lat' dir='ltr'>autem</span> <span class='ocrx_word' id='word_1_318' title='bbox 412 2296 568 2352; x_wconf 87' lang='lat' dir='ltr'>proelio</span> <span class='ocrx_word' id='word_1_319' title='bbox 585 2305 629 2337; x_wconf 89' lang='lat' dir='ltr'>et</span> <span class='ocrx_word' id='word_1_320' title='bbox 644 2306 840 2350; x_wconf 87' lang='lat' dir='ltr'>quartam</span> <span class='ocrx_word' id='word_1_321' title='bbox 860 2296 1091 2353; x_wconf 83' lang='lat' dir='ltr'>legionem,</span> <span class='ocrx_word' id='word_1_322' title='bbox 1106 2306 1151 2337; x_wconf 92' lang='lat' dir='ltr'>et</span> <span class='ocrx_word' id='word_1_323' title='bbox 1170 2310 1319 2343; x_wconf 86' lang='lat' dir='ltr'>omnes</span> <span class='ocrx_word' id='word_1_324' title='bbox 1342 2311 1543 2354; x_wconf 86' lang='lat' dir='ltr'>peraeque</span> <span class='ocrx_word' id='word_1_325' title='bbox 1554 2296 1585 2316; x_wconf 73' lang='lat'>²·</span> 
     </span>
     <span class='ocr_line' id='line_1_40' title="bbox 106 2350 1546 2410; baseline 0 -15"><span class='ocrx_word' id='word_1_326' title='bbox 106 2350 289 2395; x_wconf 88' lang='lat' dir='ltr'>Antonii</span> <span class='ocrx_word' id='word_1_327' title='bbox 311 2367 467 2395; x_wconf 89' lang='lat' dir='ltr'>caesas:</span> <span class='ocrx_word' id='word_1_328' title='bbox 493 2353 598 2394; x_wconf 89' lang='lat' dir='ltr'>item</span> <span class='ocrx_word' id='word_1_329' title='bbox 621 2353 755 2394; x_wconf 90' lang='lat' dir='ltr'>Hirtii</span> <span class='ocrx_word' id='word_1_330' title='bbox 773 2370 782 2395; x_wconf 91' lang='lat'><strong>:</strong></span> <span class='ocrx_word' id='word_1_331' title='bbox 806 2364 1000 2409; x_wconf 86' lang='lat' dir='ltr'>quartam</span> <span class='ocrx_word' id='word_1_332' title='bbox 1025 2368 1140 2404; x_wconf 92' lang='lat' dir='ltr'>vero,</span> <span class='ocrx_word' id='word_1_333' title='bbox 1161 2368 1260 2395; x_wconf 87' lang='lat' dir='ltr'>cum</span> <span class='ocrx_word' id='word_1_334' title='bbox 1282 2363 1422 2395; x_wconf 88' lang='lat' dir='ltr'>castra</span> <span class='ocrx_word' id='word_1_335' title='bbox 1437 2370 1546 2410; x_wconf 87' lang='lat' dir='ltr'>quo-</span> 
     </span>
     <span class='ocr_line' id='line_1_41' title="bbox 107 2408 1545 2467; baseline 0.003 -19"><span class='ocrx_word' id='word_1_336' title='bbox 107 2422 192 2462; x_wconf 92' lang='lat' dir='ltr'>que</span> <span class='ocrx_word' id='word_1_337' title='bbox 211 2408 394 2451; x_wconf 89' lang='lat' dir='ltr'>Antonii</span> <span class='ocrx_word' id='word_1_338' title='bbox 421 2411 622 2466; x_wconf 87' lang='lat' dir='ltr'>cepisset,</span> <span class='ocrx_word' id='word_1_339' title='bbox 642 2426 668 2452; x_wconf 86' lang='lat' dir='ltr'>a</span> <span class='ocrx_word' id='word_1_340' title='bbox 693 2411 845 2466; x_wconf 90' lang='lat' dir='ltr'>quinta</span> <span class='ocrx_word' id='word_1_341' title='bbox 877 2411 1047 2467; x_wconf 87' lang='lat' dir='ltr'>legione</span> <span class='ocrx_word' id='word_1_342' title='bbox 1080 2411 1297 2452; x_wconf 89' lang='lat' dir='ltr'>concisam</span> <span class='ocrx_word' id='word_1_343' title='bbox 1331 2425 1450 2453; x_wconf 89' lang='lat' dir='ltr'>esse:</span> <span class='ocrx_word' id='word_1_344' title='bbox 1483 2411 1545 2452; x_wconf 90' lang='lat' dir='ltr'>ibi</span> 
     </span>
     <span class='ocr_line' id='line_1_42' title="bbox 110 2464 1546 2525; baseline 0.001 -17"><span class='ocrx_word' id='word_1_345' title='bbox 110 2464 304 2509; x_wconf 88' lang='lat' dir='ltr'>Hirtium</span> <span class='ocrx_word' id='word_1_346' title='bbox 326 2481 499 2523; x_wconf 92' lang='lat' dir='ltr'>quoque</span> <span class='ocrx_word' id='word_1_347' title='bbox 528 2467 705 2524; x_wconf 90' lang='lat' dir='ltr'>periisse</span> <span class='ocrx_word' id='word_1_348' title='bbox 734 2477 778 2509; x_wconf 92' lang='lat' dir='ltr'>et</span> <span class='ocrx_word' id='word_1_349' title='bbox 812 2467 1018 2509; x_wconf 89' lang='lat' dir='ltr'>Pontium</span> <span class='ocrx_word' id='word_1_350' title='bbox 1039 2467 1267 2525; x_wconf 84' lang='lat' dir='ltr'>Aquilam:</span> <span class='ocrx_word' id='word_1_351' title='bbox 1298 2468 1385 2510; x_wconf 93' lang='lat' dir='ltr'>dici</span> <span class='ocrx_word' id='word_1_352' title='bbox 1413 2469 1546 2510; x_wconf 87' lang='lat' dir='ltr'>etiam</span> 
     </span>
    </p>
   </div>
   <div class='ocr_carea' id='block_1_3' title="bbox 108 2622 1545 2874">
    <p class='ocr_par' dir='ltr' id='par_1_3' title="bbox 108 2622 1545 2874">
     <span class='ocr_line' id='line_1_43' title="bbox 149 2622 1544 2664; baseline 0.002 -11"><span class='ocrx_word' id='word_1_353' title='bbox 149 2623 187 2653; x_wconf 82' lang='lat'>31</span> <span class='ocrx_word' id='word_1_354' title='bbox 211 2626 243 2654; x_wconf 79' lang='lat' dir='ltr'>ee</span> <span class='ocrx_word' id='word_1_355' title='bbox 262 2624 463 2654; x_wconf 79' lang='lat' dir='ltr'>concionibus</span> <span class='ocrx_word' id='word_1_356' title='bbox 484 2623 558 2664; x_wconf 60' lang='grc' dir='ltr'>δια]</span> <span class='ocrx_word' id='word_1_357' title='bbox 582 2628 613 2655; x_wconf 81' lang='lat' dir='ltr'>et</span> <span class='ocrx_word' id='word_1_358' title='bbox 627 2624 802 2655; x_wconf 86' lang='lat' dir='ltr'>delendum</span> <span class='ocrx_word' id='word_1_359' title='bbox 844 2634 900 2654; x_wconf 82' lang='lat' dir='ltr'>rer</span> <span class='ocrx_word' id='word_1_360' title='bbox 919 2628 970 2655; x_wconf 84' lang='lat' dir='ltr'>est</span> <span class='ocrx_word' id='word_1_361' title='bbox 991 2634 1010 2654; x_wconf 87' lang='lat' dir='ltr'>e</span> <span class='ocrx_word' id='word_1_362' title='bbox 1031 2624 1246 2654; x_wconf 84' lang='lat' dir='ltr'>correctione.</span> <span class='ocrx_word' id='word_1_363' title='bbox 1290 2622 1380 2654; x_wconf 86' lang='lat' dir='ltr'>Libri</span> <span class='ocrx_word' id='word_1_364' title='bbox 1405 2633 1466 2655; x_wconf 88' lang='lat' dir='ltr'>scr.</span> <span class='ocrx_word' id='word_1_365' title='bbox 1488 2625 1544 2658; x_wconf 82' lang='lat' dir='ltr'>hie</span> 
     </span>
     <span class='ocr_line' id='line_1_44' title="bbox 108 2665 1287 2707; baseline 0.003 -14"><span class='ocrx_word' id='word_1_366' title='bbox 108 2665 235 2703; x_wconf 84' lang='lat' dir='ltr'>putavi,</span> <span class='ocrx_word' id='word_1_367' title='bbox 251 2670 365 2696; x_wconf 86' lang='lat' dir='ltr'>natum</span> <span class='ocrx_word' id='word_1_368' title='bbox 381 2676 421 2697; x_wconf 84' lang='lat' dir='ltr'>ex</span> <span class='ocrx_word' id='word_1_369' title='bbox 436 2665 555 2697; x_wconf 86' lang='lat' dir='ltr'>ultima</span> <span class='ocrx_word' id='word_1_370' title='bbox 576 2667 700 2707; x_wconf 85' lang='lat' dir='ltr'>syllaba</span> <span class='ocrx_word' id='word_1_371' title='bbox 715 2667 804 2698; x_wconf 87' lang='lat' dir='ltr'>verbi</span> <span class='ocrx_word' id='word_1_372' title='bbox 846 2676 960 2697; x_wconf 87' lang='lat' dir='ltr'>omnes</span> <span class='ocrx_word' id='word_1_373' title='bbox 975 2666 1082 2697; x_wconf 84' lang='lat' dir='ltr'>vitiosi</span> <span class='ocrx_word' id='word_1_374' title='bbox 1097 2670 1176 2696; x_wconf 89' lang='lat' dir='ltr'>sunt</span> <span class='ocrx_word' id='word_1_375' title='bbox 1190 2666 1287 2696; x_wconf 83' lang='lat' dir='ltr'>varie.</span> 
     </span>
     <span class='ocr_line' id='line_1_45' title="bbox 110 2706 1545 2749; baseline 0.002 -14"><span class='ocrx_word' id='word_1_376' title='bbox 110 2708 208 2745; x_wconf 80' lang='lat' dir='ltr'>leges.</span> <span class='ocrx_word' id='word_1_377' title='bbox 224 2706 275 2737; x_wconf 83' lang='lat' dir='ltr'>vel</span> <span class='ocrx_word' id='word_1_378' title='bbox 289 2708 434 2738; x_wconf 78' lang='lat' dir='ltr'>videlieet</span> <span class='ocrx_word' id='word_1_379' title='bbox 447 2717 515 2738; x_wconf 90' lang='lat' dir='ltr'>non</span> <span class='ocrx_word' id='word_1_380' title='bbox 530 2708 604 2739; x_wconf 82' lang='lat' dir='ltr'>fert.</span> <span class='ocrx_word' id='word_1_381' title='bbox 887 2711 928 2739; x_wconf 88' lang='lat'>33</span> <span class='ocrx_word' id='word_1_382' title='bbox 952 2708 1026 2744; x_wconf 80' lang='lat' dir='ltr'>Sed,</span> <span class='ocrx_word' id='word_1_383' title='bbox 1040 2710 1069 2738; x_wconf 75' lang='lat' dir='ltr'>si</span> <span class='ocrx_word' id='word_1_384' title='bbox 1086 2708 1330 2749; x_wconf 77' lang='lat' dir='ltr'>properandum</span> <span class='ocrx_word' id='word_1_385' title='bbox 1340 2706 1433 2749; x_wconf 77' lang='lat' dir='ltr'>fuit]</span> <span class='ocrx_word' id='word_1_386' title='bbox 1457 2709 1545 2742; x_wconf 70' lang='lat' dir='ltr'>Puto</span> 
     </span>
     <span class='ocr_line' id='line_1_46' title="bbox 152 2749 1206 2792; baseline 0.002 -13"><span class='ocrx_word' id='word_1_387' title='bbox 152 2750 194 2780; x_wconf 77' lang='lat'>32</span> <span class='ocrx_word' id='word_1_388' title='bbox 210 2749 396 2789; x_wconf 65' lang='lat' dir='ltr'>palmer-er]</span> <span class='ocrx_word' id='word_1_389' title='bbox 421 2749 516 2780; x_wconf 82' lang='lat' dir='ltr'>Edidi</span> <span class='ocrx_word' id='word_1_390' title='bbox 537 2760 555 2780; x_wconf 85' lang='lat' dir='ltr'>e</span> <span class='ocrx_word' id='word_1_391' title='bbox 573 2750 712 2782; x_wconf 82' lang='lat' dir='ltr'>Victorii</span> <span class='ocrx_word' id='word_1_392' title='bbox 734 2760 806 2781; x_wconf 86' lang='lat' dir='ltr'>cor·</span> <span class='ocrx_word' id='word_1_393' title='bbox 846 2751 1053 2782; x_wconf 84' lang='lat' dir='ltr'>scribendum</span> <span class='ocrx_word' id='word_1_394' title='bbox 1068 2751 1206 2792; x_wconf 70' lang='lat' dir='ltr'>Quodsi.</span> 
     </span>
     <span class='ocr_line' id='line_1_47' title="bbox 111 2790 1374 2832; baseline 0.002 -12"><span class='ocrx_word' id='word_1_395' title='bbox 111 2791 268 2827; x_wconf 78' lang='lat' dir='ltr'>rectione,</span> <span class='ocrx_word' id='word_1_396' title='bbox 291 2796 386 2830; x_wconf 72' lang='lat' dir='ltr'>quam</span> <span class='ocrx_word' id='word_1_397' title='bbox 409 2798 444 2822; x_wconf 83' lang='lat' dir='ltr'>et</span> <span class='ocrx_word' id='word_1_398' title='bbox 465 2792 581 2823; x_wconf 86' lang='lat' dir='ltr'>Lamb.</span> <span class='ocrx_word' id='word_1_399' title='bbox 603 2798 639 2824; x_wconf 87' lang='lat' dir='ltr'>et</span> <span class='ocrx_word' id='word_1_400' title='bbox 659 2793 806 2824; x_wconf 71' lang='lat' dir='ltr'>Graevius</span> <span class='ocrx_word' id='word_1_401' title='bbox 888 2794 930 2824; x_wconf 81' lang='lat'>34</span> <span class='ocrx_word' id='word_1_402' title='bbox 953 2791 1127 2832; x_wconf 74' lang='lat' dir='ltr'>Hirtiano]</span> <span class='ocrx_word' id='word_1_403' title='bbox 1145 2791 1210 2823; x_wconf 81' lang='lat' dir='ltr'>Ahi</span> <span class='ocrx_word' id='word_1_404' title='bbox 1227 2790 1374 2823; x_wconf 74' lang='lat' dir='ltr'>fflrtino.</span> 
     </span>
     <span class='ocr_line' id='line_1_48' title="bbox 110 2833 805 2874; baseline 0.004 -12"><span class='ocrx_word' id='word_1_405' title='bbox 110 2833 214 2863; x_wconf 72' lang='lat' dir='ltr'>secuti</span> <span class='ocrx_word' id='word_1_406' title='bbox 235 2838 326 2868; x_wconf 82' lang='lat' dir='ltr'>sunt,</span> <span class='ocrx_word' id='word_1_407' title='bbox 335 2835 506 2873; x_wconf 78' lang='lat' dir='ltr'>palpa-rer.</span> <span class='ocrx_word' id='word_1_408' title='bbox 524 2844 599 2865; x_wconf 81' lang='lat' dir='ltr'>nam</span> <span class='ocrx_word' id='word_1_409' title='bbox 621 2840 655 2865; x_wconf 86' lang='lat' dir='ltr'>et</span> <span class='ocrx_word' id='word_1_410' title='bbox 672 2836 805 2874; x_wconf 43' lang='lat' dir='ltr'>palma*</span> 
     </span>
    </p>
   </div>
  </div>
 </body>
</html>
