1903 3218
412 94 494 133 AD
517 94 570 134 D.
595 92 854 134 BRUTUM
878 93 958 132 ΕΤ
983 93 1262 133 CETEROS.
1476 101 1556 141 297

112 214 164 241 ne
185 208 260 242 aut
284 212 391 242 meae
415 199 516 241 vitae
547 196 758 241 modestia
789 211 944 253 patum-
966 195 1149 238 valitura
1179 199 1234 240 sit
1266 198 1310 239 in
1333 209 1552 255 posterum

113 267 264 299 contra
284 256 418 299 falsos
439 261 652 299 rumores:
684 262 758 296 aut
780 268 833 297 ue
862 254 993 295 etiam
1017 254 1062 304 ii,
1084 253 1156 308 qui
1187 268 1254 295 me
1286 270 1369 296 non
1391 269 1553 310 amant,

117 324 292 371 propter
327 327 465 356 meam
497 313 539 356 in
570 311 786 355 Caesarem
820 310 1125 360 constantiam,
1150 313 1422 353 nonvmalint
1456 315 1554 365 mei,

116 386 246 426 quam
268 371 332 413 sui
355 369 696 413 similes‘amicos
718 368 902 411 habere<
951 367 1066 411 Mihi
1090 367 1262 423 quidem
1296 372 1334 424 32¹}
1346 370 1382 410 si
1405 381 1554 425 optata

116 429 388 484 contingant,
410 425 526 482 quod
548 426 754 480 reliquum
787 434 853 469 est
873 424 991 476 vitae,
1015 425 1056 467 in
1079 426 1170 466 otio
1196 424 1340 469 Rhodi
1362 427 1524 483 degam
1546 446 1554 470 :

118 485 183 526 sin
204 499 327 528 casus
356 483 509 539 aliquis
540 482 835 538 interpellarit,
858 483 919 526 ita
949 497 1021 523 ero
1045 481 1215 532 Romae,
1239 491 1285 523 ut
1313 494 1427 525 recte
1464 486 1554 526 fieri

117 555 284 598 semper
305 540 492 596 cupiam.
551 538 755 582 Trebatio
778 550 925 583 nostro
946 553 1121 594 magnas
1144 554 1227 595 ago
1247 542 1422 595 gratias,
1438 543 1554 596 quod

118 608 239 640 tuum
265 611 367 653 erga
391 611 462 638 me
491 596 683 640 animum
716 596 954 652 simplicem
986 607 1114 651 atque
1142 597 1328 638 amicum
1360 600 1552 654 aperuit:

116 667 160 695 et
180 655 296 711 quod
320 667 434 705 eum,
455 668 583 710 quem
616 668 783 710 semper
805 653 1170 704 lubenter-dilexi,
1191 668 1277 708 quo
1303 657 1438 711 magis
1455 658 1554 711 jure

117 711 256 753 colere
288 720 418 767 atque
452 712 680 753 observare
709 712 922 762 deberem,
946 710 1065 752 fecit.
1126 710 1245 752 Bene
1277 713 1384 764 vale,
1413 724 1456 754 et
1486 729 1555 755 me

116 768 263 825 dilige.
368 771 372 776 “
699 790 701 793 v
930 790 933 791 ⁷
1168 786 1173 790 ’

633 857 1037 896 ARGUMENTUM.
1340 898 1344 901 Δ
1565 868 1620 911 29

118 912 356 973 Profecturus
383 923 421 958 in
444 922 633 961 Graeciam,
659 933 715 958 res
741 933 824 956 suos
851 922 973 969 Appio
1001 914 1252 966 commendats
1270 926 1555 962 commemoratis

534 978 619 1010 ante
636 973 811 1022 beneficiis
826 974 871 1010 ab
890 975 965 1022 ipso
983 976 1152 1022 acceptis.

565 1039 801 1082 CICERO
832 1038 1024 1082 APPIO
1057 1041 1101 1083 S.

120 1095 481 1150 DUBITANTI
505 1107 627 1158 mihi,
647 1108 763 1164 quod
788 1108 870 1150 scit
900 1108 1073 1150 Atticus
1105 1118 1263 1160 noster,
1284 1109 1337 1151 de
1360 1110 1443 1152 boc
1466 1122 1558 1154 toto

119 1166 299 1207 consilio
330 1164 625 1221 profectionis,
648 1165 763 1220 quod
788 1165 831 1206 in
861 1175 1085 1220 utramque
1108 1176 1270 1221 partem
1304 1168 1346 1208 in
1371 1180 1558 1210 mentem

119 1221 256 1264 multa
278 1223 521 1272 veniebant,
538 1236 743 1277 magnum
763 1222 931 1277 pondus
953 1223 1134 1264 accessit
1152 1223 1204 1264 ad
1228 1223 1458 1266 tollendam
1481 1227 1559 1268 du-

122 1279 391 1329 bitationem,
406 1278 624 1334 judicium
646 1288 689 1319 et
707 1278 933 1320 consilium
958 1288 1095 1320 tuum.
1155 1279 1269 1320 Nam
1292 1290 1335 1321 et
1352 1283 1560 1338 scripsisti

118 1345 280 1392 aperte,
302 1334 405 1391 quid
438 1335 516 1376 tibi
549 1337 590 1366 84
605 1334 833 1385 videretur,
855 1344 899 1376 et
929 1335 1102 1377 Atticus
1135 1335 1189 1378 ad
1222 1351 1291 1378 me
1320 1352 1561 1382 sermonem

120 1401 240 1434 tuum
265 1391 455 1448 pertulit.
516 1391 696 1447 Semper
714 1391 927 1447 judicavi,
950 1392 992 1434 in
1016 1402 1072 1444 te,
1094 1403 1138 1434 et
1159 1393 1201 1434 in
1225 1396 1436 1450 capiendo
1457 1412 1562 1439 eou-

118 1449 214 1491 silio
246 1449 515 1505 prudentiam
551 1464 761 1490 summam
787 1463 892 1500 esse,
917 1460 961 1490 et
991 1450 1032 1490 in
1061 1450 1203 1492 dando
1231 1451 1388 1494 fidem:
1423 1455 1561 1495 maxi-

121 1520 275 1562 meque
302 1521 394 1547 sum
426 1516 647 1562 expertus,
670 1520 768 1546 cum
802 1506 928 1547 initio
950 1507 1090 1547 civilis
1118 1507 1213 1548 belli
1238 1523 1314 1563 per
1335 1510 1496 1552 litteras
1521 1521 1562 1552 te

118 1563 446 1614 consuluissem,
459 1563 562 1618 quid
580 1562 684 1603 mihi
703 1562 948 1604 faciendum
967 1577 1058 1604 esse
1074 1579 1292 1606 censeres:
1317 1567 1564 1610 eundumne

120 1621 173 1662 ad
199 1619 474 1675 Pompeium,
493 1635 550 1661 an·
569 1620 828 1660 manendum
853 1621 894 1661 in
921 1620 1061 1662 Italia.
1122 1621 1320 1673 Suasisti,
1341 1635 1387 1664 ut
1409 1640 1564 1667 eonsu-

122 1676 488 1733 leremfdignitati
520 1691 643 1718 meae.
681 1691 736 1717 ex
768 1692 871 1732 quo,
901 1678 1001 1733 quid
1039 1679 1481 1729 sentin-effitintellexi:
1521 1692 1564 1725 et

122 1748 216 1775 sum
240 1733 475 1774 admiratus
494 1732 621 1775 fidem
648 1742 780 1784 tuam,
801 1744 843 1774 et
864 1735 906 1774 in
929 1735 1108 1775 consilio
1125 1736 1267 1776 dando
1286 1737 1536 1793 religionem
1554 1757 1565 1792 3

121 1789 380 1846 quod‚vcum
413 1790 528 1831 aliud
561 1790 686 1832 malle
726 1791 1033 1832 amicissimum
1077 1802 1198 1833 tuum
1236 1804 1421 1848 putares,
1455 1798 1566 1838 anti-

120 1848 249 1903 quius
272 1847 354 1889 tibi
371 1847 565 1889 officium
588 1861 747 1898 meum,
765 1862 892 1903 quam
917 1849 1029 1889 illius
1053 1849 1249 1890 voluntas
1264 1850 1369 1892 fuit.
1433 1852 1565 1909 Equi-

123 1905 220 1946 dem
242 1915 287 1946 et
307 1915 408 1946 ante
429 1904 514 1946 hoc
539 1914 711 1960 tempus
735 1915 775 1946 te
804 1905 954 1956 dilexi,
976 1916 1019 1947 et
1044 1921 1211 1962 semper
1234 1922 1300 1948 me
1331 1925 1356 1949 a
1379 1919 1420 1950 te
1441 1911 1564 1968 diligi

123 1962 253 2005 sensi.
313 1962 371 2004 Et
391 1976 490 2003 cum
521 1962 731 2012 abessem,
753 1973 883 2017 atque
914 1963 956 2003 in
981 1963 1148 2018 magnis
1177 1965 1376 2019 periculis
1399 1983 1563 2011 essem:

124 2028 168 2060 et
190 2032 258 2061 me
279 2020 518 2070 absentem,
538 2028 581 2059 et
615 2033 730 2060 meos
763 2029 994 2075 praesentes
1017 2035 1042 2060 a
1063 2030 1104 2060 te
1135 2021 1274 2062 cult'os
1303 2033 1345 2064 et
1366 2024 1565 2067 defensos

124 2090 231 2128 esse,
262 2076 456 2118 memini.
516 2074 574 2116 Et
604 2085 702 2131 post
733 2090 874 2117 meum
907 2077 1107 2128 reditum,
1140 2092 1267 2132 quam
1300 2078 1566 2124 familiariter
1605 2105 1609 2107 >

126 2148 297 2178 mecum
320 2133 493 2183 vixeris,
515 2147 699 2188 quaeque
728 2147 813 2189 ego
841 2134 894 2176 de
918 2143 961 2174 te
981 2143 1025 2174 et
1055 2136 1256 2175 senserim
1284 2147 1326 2177 et
1358 2140 1566 2194 praedica-

127 2191 224 2242 rim,
245 2203 410 2242 omnes,
432 2189 505 2246 qui
532 2190 672 2231 solent
698 2189 793 2231 haec
815 2191 1169 2242 animadvertere,
1193 2202 1320 2235 testes
1343 2194 1566 2238 habemus.

129 2247 444 2290 Gravissimum
470 2247 800 2302 verojudicium
823 2247 877 2288 de
898 2261 994 2289 mea
1010 2248 1095 2289 fide
1126 2251 1165 2280 85
1179 2259 1222 2290 et
1244 2253 1488 2294 constantia
1506 2253 1567 2295 fe-

116 2306 242 2356 cisti,
271 2319 373 2346 cum
411 2313 511 2360 post
545 2315 727 2345 mortem
765 2303 951 2346 Caesaris
991 2313 1128 2346 totum
1167 2316 1208 2347 te
1240 2308 1292 2348 ad
1330 2310 1567 2353 amicitiam

128 2377 267 2406 meam
300 2360 538 2403 contulisti.
598 2361 728 2408 Quod
762 2370 883 2402 tuum
908 2361 1140 2418 judicium,
1163 2363 1242 2405 nisi
1276 2380 1370 2406 mea
1401 2382 1568 2409 summa

130 2419 424 2464 benivolentia
446 2432 549 2474 erga
566 2427 632 2468 te,
653 2419 941 2474 omnibusque
968 2419 1131 2460 meritis
1152 2424 1453 2477 comprobaro,
1476 2425 1567 2480 ipse

128 2491 198 2519 me
219 2477 439 2518 hominem
464 2490 548 2517 non
573 2477 751 2532 putabo,
811 2474 892 2528 Tu,
914 2477 973 2518 mi
996 2475 1130 2533 Appi,
1152 2481 1426 2521 conservabis
1449 2496 1566 2523 amo-

167 2630 216 2659 83
230 2628 284 2659 ³81⁹*
320 2632 433 2668 optma
473 2625 677 2667 contingent]
721 2626 828 2658 scrib.
871 2627 918 2658 sic
929 2632 962 2658 et
978 2627 1125 2659 Graevius
1140 2628 1254 2665 edidit,
1269 2629 1403 2660 sieredd.
1419 2639 1468 2669 pr.

129 2671 345 2709 contingant.-
382 2680 457 2701 nam
481 2671 531 2700 »sic
561 2674 691 2711 semper
714 2674 766 2700 est
792 2670 829 2701 in
915 2671 955 2701 85
977 2674 1008 2701 et
1029 2670 1069 2700 de
1089 2671 1287 2710 constantia]
1313 2675 1351 2701 de
1372 2671 1488 2703 delevi.
1505 2672 1566 2704 nec

128 2711 204 2743 {me
221 2712 396 2744 somnias
412 2717 447 2744 et
469 2717 545 2753 post
566 2719 637 2743 est:
664 2712 715 2742 oin
735 2720 830 2742 casus
871 2709 996 2743 habent
1018 2712 1220 2749 iuss-meus,
1235 2718 1268 2742 et
1283 2713 1345 2743 Gu.
1363 2715 1393 2744 2.
1411 2724 1470 2745 nec
1492 2715 1566 2752 edd.

110 2767 120 2775 *
131 2752 500 2795 aliquis-interpellarit,
515 2763 582 2786 non
598 2754 828 2794 interpellabit.
871 2764 921 2794 pr.
937 2758 1012 2785 ‘mox
1026 2755 1126 2785 etiam
1143 2758 1173 2784 et
1184 2760 1257 2794 post
1270 2754 1419 2787 Caesaris.
1437 2762 1565 2789 utrum·

176 2797 218 2827 04
238 2794 422 2839 videretur*
431 2826 433 2828 .
443 2792 588 2838 Attii-us]
604 2796 679 2828 -Ms.
704 2801 828 2833 noster,
871 2806 933 2836 que
946 2802 981 2828 et
995 2797 1066 2827 sine
1079 2794 1171 2827 libris
1185 2796 1344 2829 fecissem.

132 2837 197 2870 Gu.
218 2840 246 2870 l.
263 2839 295 2870 2.
316 2838 495 2878 videretur,
517 2842 549 2870 et
566 2839 704 2870 Atticus.
726 2842 829 2876 recte,
