1860 3228
383 95 462 134 AD
486 91 868 134 TORQUATUM
893 91 969 129 ET
995 88 1275 129 CETEROS.
1474 98 1545 134 139

122 205 282 253 petam,
304 198 399 248 nisi,
421 207 470 238 ut
502 197 553 239 ad
586 210 679 237 eam
714 193 996 244 voluntatem,
1020 207 1148 248 quam
1173 201 1245 233 tua
1269 202 1422 248 sponte
1443 209 1546 251 erga

124 253 342 296 Caecinam
364 254 636 295 46habiturus
666 265 800 303 esses,¹
815 261 958 292 tantus
991 249 1185 291 cumulus
1219 249 1394 290 accedat
1429 265 1545 291 com-

120 312 392 352 mendatione
422 324 529 360 mea,
552 309 700 364 quanti
732 322 800 349 me
832 324 857 348 a
889 316 931 349 te
963 307 1054 348 fieri
1089 305 1296 362 intelligo.
1324 306 1407 348 hoc
1438 307 1541 348 mihi

121 369 281 423 gratius
304 368 440 408 facere
462 366 567 407 nihil
590 376 726 422 potes.
787 363 904 404 Vale.

627 453 1027 493 ARGUMENTUM.
1562 457 1611 491 10

121 519 319 556 Pollicetur
344 519 457 555 exsuli
480 519 666 561 Trebiano,
687 524 862 566 quantum
887 522 1031 566 potest:
1061 517 1117 552 cui
1145 517 1276 552 iratior
1305 516 1423 553 Caesar
1449 524 1541 561 erat,

169 573 264 619 quod
286 575 368 618 post
396 571 649 606 Pharsalicam
674 583 834 618 pugnam
863 582 932 605 non
951 573 1101 605 cesserat
1129 568 1172 604 ab
1191 570 1312 609 armis,
1331 570 1394 605 sed
1412 570 1543 606 bellum

169 625 205 658 in
225 621 354 671 Africa
369 622 723 672 persecutusfzterat.

468 689 534 731 M.
554 689 604 731 T.
624 689 675 730 C.
707 687 1042 738 TREBIANO,
1074 687 1117 728 S.
1138 686 1195 729 D.

120 744 260 798 EGO
296 756 444 811 quanti
484 767 525 798 te
564 757 733 807 faciam,
772 770 1022 812 semperque
1057 754 1247 805 fecerim,
1286 757 1434 811 quanti
1476 770 1545 799 me

117 828 142 854 a
184 823 224 854 te
267 813 356 854 fieri
400 814 697 864 intellexerim,
739 827 831 854 sum
874 812 976 853 mihi
1022 812 1113 868 ipse
1151 812 1284 853 testis.
1347 813 1459 854 Nam
1501 824 1545 855 et

115 869 342 911 consilium
375 880 509 922 tuum,
534 871 598 912 vel
626 885 747 912 casus
772 870 928 926 potius,
950 869 1110 910 diutius
1133 870 1173 909 in
1197 869 1325 910 armis
1346 870 1543 912 civilibus

117 928 427 979 commorandi,
450 942 616 983 semper
647 926 751 968 mihi
780 941 937 983 magno
960 926 1095 967 dolori
1118 926 1200 966 fuit
1220 943 1230 968 ε
1262 936 1305 967 et
1327 926 1397 968 hic
1417 942 1545 968 even-

118 993 201 1035 tus,
238 984 352 1038 quod
393 985 565 1035 tardius,
604 999 731 1040 quam
771 993 836 1024 est
874 998 1059 1039 aequum,
1097 993 1141 1023 et
1172 998 1299 1038 quam
1338 998 1420 1040 ego
1462 984 1546 1025 vel-

117 1040 215 1091 lem,
236 1044 276 1074 47
289 1055 509 1097 recuperas
542 1042 757 1082 fortunam
791 1050 834 1081 et
865 1041 1119 1096 dignitatem
1155 1049 1286 1090 tuam,
1320 1042 1425 1081 mihi
1458 1056 1544 1083 non

117 1098 274 1138 minori
296 1113 410 1139 curae
432 1108 511 1148 est,
533 1113 661 1154 quam
685 1098 763 1139 tibi
786 1112 952 1154 semper
972 1097 1144 1138 fuerunt
1165 1112 1286 1138 casus
1309 1099 1406 1139 mei.
1457 1098 1546 1139 Ita-

119 1168 202 1210 que
230 1165 272 1195 et
313 1155 636 1206 Postumuleno,
669 1164 713 1196 et
745 1154 911 1206 Sextio,
940 1163 984 1194 et
1016 1154 1250 1208 saepissime
1281 1154 1431 1196 Attico
1466 1169 1589 1200 no-b.

119 1221 221 1263 stro,
245 1212 526 1266 proximeque
552 1211 756 1260 Theudae,
778 1211 931 1251 liberto
965 1220 1053 1260 tuo,
1075 1218 1213 1251 totum
1246 1225 1313 1251 me
1343 1212 1544 1267 patefeci,

118 1271 214 1309 48et
249 1268 299 1308 iis
341 1268 519 1323 singulis
562 1282 676 1323 saepe
716 1267 822 1317 dixi,
865 1281 1135 1322 quacumque
1175 1281 1217 1308 re
1256 1282 1438 1322 possem,
1476 1284 1545 1311 me

121 1324 201 1365 tibi
238 1333 280 1364 et
316 1324 460 1365 liberis
500 1325 582 1365 tuis
621 1323 865 1365 satisfacere
897 1338 1081 1380 cupere:
1114 1324 1242 1380 idque
1281 1333 1326 1365 tu
1359 1325 1412 1366 ad
1451 1334 1546 1367 tuos

121 1381 247 1422 velim
284 1381 468 1423 scribas:
501 1381 595 1423 haec
629 1381 802 1436 quidem
835 1390 964 1432 certe,
997 1395 1093 1436 quae
1127 1381 1170 1422 in
1207 1390 1421 1437 potestate
1455 1398 1549 1424 mea

119 1447 232 1488 sunt,
254 1447 302 1479 ut
332 1453 520 1493 operam,
541 1438 784 1488 consilium,
807 1452 910 1489 rem,
933 1438 1060 1478 fidem
1092 1452 1246 1489 meam,
1269 1439 1349 1480 sibi
1380 1439 1435 1480 ad
1457 1454 1549 1481 om-

119 1509 194 1536 nes
216 1509 280 1535 res
303 1505 451 1549 parata
473 1505 639 1550 putent.
691 1495 736 1535 Si
758 1495 1014 1535 auctoritate
1034 1504 1078 1536 et
1099 1495 1239 1550 gratia
1261 1505 1427 1536 tantum
1451 1512 1548 1553 pos-

122 1562 446 1606 sem,quantum
471 1554 512 1592 iu
535 1567 584 1593 ea
602 1551 900 1608 republica,de
917 1566 1001 1606 qua
1024 1551 1081 1592 ita
1103 1552 1279 1593 meritus
1302 1567 1409 1604 sum,
1427 1569 1551 1609 posse

122 1609 346 1650 deberem:
380 1618 424 1649 tu
446 1610 684 1664 quoque‘is
717 1623 842 1658 esses,
864 1610 937 1663 qui
971 1608 1106 1658 fuisti,
1128 1624 1226 1650 cum
1263 1610 1379 1650 omni
1415 1612 1548 1666 gradu

121 1665 386 1721 amplissimo
419 1667 711 1722 dignissimus,
735 1677 825 1706 tum
861 1675 976 1707 certe
1007 1665 1168 1706 ordinis
1202 1666 1264 1706 tui
1288 1666 1412 1707 facile
1433 1669 1551 1723 prin-

121 1737 237 1778 ceps.
278 1725 319 1757 49
331 1722 429 1773 Sed,
451 1723 653 1778 quoniam
677 1723 827 1764 eodem
852 1732 1058 1778 tempore,
1076 1722 1314 1778 eademque
1335 1723 1387 1764 de
1408 1739 1549 1776 causa,

123 1779 316 1820 nostrum
340 1789 518 1835 uterque
553 1780 736 1822 cecidit:
771 1780 849 1820 tibi
883 1789 926 1820 et
961 1779 1032 1820 illa
1066 1779 1281 1834 polliceor,
1304 1795 1400 1835 quae
1424 1797 1551 1838 supra

123 1836 287 1892 scripsi,
309 1851 406 1891 quae
440 1847 539 1878 sunt
570 1837 710 1878 adhuc
742 1851 851 1887 mea,
873 1846 916 1877 et
948 1850 1011 1887 ea,
1034 1851 1130 1891 quae
1169 1846 1375 1892 praeterea
1408 1839 1550 1880 videor

122 1893 228 1934 mihi
245 1907 298 1934 ex
318 1893 460 1949 aliqua
481 1904 601 1950 parte
622 1895 818 1945 retinere,
838 1903 1056 1948 tamquam
1076 1907 1128 1934 ex
1149 1894 1337 1949 reliquiis
1360 1896 1551 1951 pristinae

123 1950 363 2007 dignitatis.
425 1951 577 2007 Neque
598 1952 714 1992 enim
745 1952 836 2008 ipse
859 1950 1019 2001 Caesar,
1043 1960 1090 1990 ut
1111 1951 1257 1991 multis
1282 1952 1406 1993 rebus
1428 1953 1554 1994 intel-

123 2007 256 2063 ligere
287 2008 423 2063 potui,
445 2019 510 2048 est
539 2009 700 2050 alienus
722 2008 916 2049 anobis:
949 2016 992 2048 et
1013 2021 1162 2048 omnes
1194 2007 1282 2048 fere
1313 2008 1553 2052 familiaris-

124 2065 221 2105 simi
252 2065 359 2120 ejus,
383 2079 482 2106 casu
513 2065 702 2107 devincti
732 2065 901 2121 magnis
928 2064 1033 2105 meis
1058 2065 1270 2106 veteribus
1293 2066 1463 2118 officiis,
1485 2081 1553 2108 me

122 2121 350 2176 diligenter
370 2123 599 2163 observant
620 2132 664 2163 et
683 2122 846 2163 colunt.
907 2121 1060 2176 Itaque
1083 2121 1114 2161 si
1138 2122 1210 2176 qui
1234 2122 1339 2163 mihi
1362 2123 1443 2165 erit
1464 2124 1554 2166 adi-

127 2187 194 2218 tus
218 2178 270 2218 de
293 2179 374 2219 tuis
397 2178 595 2230 fortunis,
618 2179 659 2220 id
683 2188 761 2228 est,
783 2180 836 2220 de
859 2188 932 2219 tua
953 2178 1264 2230 incolumitate,
1284 2179 1324 2220 in
1349 2195 1434 2236 qua
1455 2191 1554 2222 sunt

126 2235 284 2286 onmia,
307 2236 458 2290 agendi
477 2253 487 2287 ;
517 2236 631 2290 quod
654 2236 826 2290 quidem
849 2235 1043 2290 quotidie
1063 2236 1201 2291 magis
1223 2250 1277 2277 ex
1299 2251 1447 2279 eorum
1470 2253 1554 2280 ser-

127 2292 327 2332 monibus
357 2292 545 2333 adducor
577 2302 623 2333 ut
654 2307 845 2347 sperem:
876 2307 1000 2348 agam
1027 2307 1102 2348 per
1122 2307 1190 2333 me
1211 2293 1302 2348 ipse
1323 2303 1367 2335 et
1387 2296 1552 2336 moliar.

127 2348 294 2404 singula
315 2349 510 2404 persequi
534 2364 619 2390 non
640 2360 704 2390 est
724 2363 911 2391 necesse.
930 2350 1173 2390 universum
1199 2350 1386 2392 studium
1408 2367 1551 2394 meum

126 2415 170 2446 et
191 2405 525 2447 benivolentiam
547 2407 600 2448 ad
624 2415 665 2447 te
682 2405 843 2448 defero.
875 2406 957 2447 Sed
976 2407 1122 2462 magni
1147 2421 1242 2448 mea
1261 2407 1451 2460 interest,
1470 2409 1554 2451 hoc

126 2472 223 2504 tuos
244 2476 392 2503 omnes
414 2463 535 2515 scire,
557 2463 671 2520 quod
702 2464 785 2504 tuis
816 2463 969 2504 litteris
999 2463 1090 2504 fieri
1123 2472 1290 2519 potest:
1323 2475 1370 2506 ut
1399 2466 1555 2507 intelli-

168 2587 209 2617 46
231 2587 402 2618 habiturus
417 2588 510 2627 esses]
536 2588 724 2628 Suspicatus
745 2597 818 2618 sum
860 2594 921 2619 est.
964 2586 1132 2618 Librarius
1157 2589 1263 2619 voluit
1285 2588 1346 2619 hoc
1372 2590 1555 2621 membrum

127 2629 298 2664 habiturus
328 2639 382 2659 es.-
417 2631 503 2670 quod
537 2636 626 2661 certe
659 2631 820 2661 efficacius
862 2629 967 2660 simile
982 2630 1088 2661 facere
1103 2630 1358 2670 sequenti,quod
1372 2631 1412 2661 ab
1426 2632 1554 2662 hoecin-

127 2677 186 2701 est.
863 2672 954 2712 cipit.
969 2672 1061 2703 abest
1083 2684 1103 2704 a
1124 2672 1188 2703 Ms.
1207 2683 1292 2708 meo,
1315 2678 1350 2702 et
1372 2672 1435 2704 Gu.
1453 2678 1484 2705 2.
1501 2675 1556 2715 qui

168 2715 207 2745 47
230 2713 415 2752 recuperas]
445 2713 604 2744 Gruterus
624 2723 650 2744 s.
674 2714 820 2744 Gebhar·
861 2713 985 2745 habent
1000 2719 1032 2744 et
1043 2715 1092 2745 his
1103 2725 1130 2745 s.
1148 2718 1185 2744 ut
1199 2714 1299 2745 edidit
1315 2714 1473 2748 Graevius.

127 2753 186 2784 dus
199 2764 216 2784 e
232 2756 311 2786 Mss.
326 2756 486 2794 reciperas
499 2768 508 2785 :
530 2755 638 2786 sordes
660 2756 712 2786 hae
733 2757 820 2787 anti·
901 2759 944 2790 49
967 2756 1034 2787 Sed
1053 2756 1374 2797 quoniam—cecidit]
1402 2757 1467 2796 Sic,
1491 2767 1557 2789 non

128 2795 312 2835 quatiorum
327 2802 414 2827 sunt.
859 2807 961 2838 quum
988 2800 1052 2829 Ms.
1079 2803 1113 2829 et
1138 2797 1209 2829 edd.
1232 2807 1282 2838 pr.
1325 2798 1440 2840 ‚Quum
1465 2807 1516 2834 est
1542 2810 1560 2831 e

171 2839 209 2868 48
232 2842 262 2868 ec
276 2839 340 2869 hac
355 2839 393 2870 iis
408 2849 432 2870 s.
447 2839 530 2879 dtta‘]
557 2841 621 2871 hcet:
642 2840 816 2872 delendum
859 2849 1053 2891 compendio
1067 2841 1132 2892 9352,
1148 2849 1211 2882 Gu,
1231 2853 1259 2882 1,
1272 2851 1411 2891 quando,
