1817 3196
143 1996 242 2036 p.5l.

247 63 299 106 δί
609 56 791 98 EPIST.
818 56 1005 99 LIBER
1029 59 1319 101 QUARTUS

251 161 438 219 AEgina·
469 171 568 207 ante
591 163 797 221 Megawa
820 164 972 206 dextra
994 164 1205 207 Piraeeus:
1230 163 1399 205 sinistra
1418 162 1678 208 ΟοιίηῖΙιυ5,

253 235 350 276 quae
382 221 542 277 oppida
570 222 756 276 quodam
790 231 980 277 tempore
1014 219 1315 262 florentissima
1349 220 1537 271 f·‚ue1unt
1567 234 1681 262 nunc

212 284 244 319 b.
257 286 468 333 prostrata
489 287 532 319 et
552 279 694 319 diruta
723 287 821 319 ante
842 277 988 319 oculos
1012 278 1176 333 jacent.
1237 278 1366 333 Coepi
1391 286 1563 334 egomet
1593 291 1683 318 me-

255 349 355 376 cum
377 335 438 375 sic
459 337 674 391 cogitare:
710 335 850 376 Hem!
882 349 959 375 nos
991 334 1239 376 homunculi
1273 335 1560 392 indignz,1mur
1596 336 1631 364 18
1647 334 1682 374 si

254 392 350 446 quis
380 392 572 433 nostium
597 392 772 442 intciiit,
795 401 869 432 aut
900 391 1067 432 occisus
1096 401 1174 442 est,
1195 368 1391 447 quorUum
1401 392 1488 432 vit-i
1515 390 1685 431 brevior

254 462 346 491 esse
376 448 518 497 debet,
551 463 648 489 cum
683 463 767 489 uno
803 448 898 488 loco
925 457 990 488 tot
1020 448 1229 503 oppidum
1250 449 1457 489 cadavera
1487 447 1682 504 projecta

248 503 450 560 jaceant?
482 481 613 545 Visne
647 514 692 546 tu
727 515 782 554 te,
805 504 941 555 Servi,
963 504 1178 554 θοίιίὺθιθ,
1200 514 1243 545 et
1264 506 1521 556 meminisse,
1542 504 1685 544 bomi-

254 575 353 602 nem
377 571 418 602 te
438 575 528 602 esse
550 563 725 603 natum?
749 561 886 603 Crede
907 561 1038 602 mihi.
1062 562 1325 617 cogitatione
1347 576 1397 602 ea
1414 576 1499 602 non
1519 560 1684 602 medio-

253 619 383 659 critei
404 632 496 659 sum
519 618 810 661 confiimatus.
872 617 972 660 Hoc
995 617 1122 669 idem,
1141 633 1175 658 5ι
1199 618 1278 659 tibi
1299 619 1480 669 videtur,
1499 618 1567 659 fac
1586 626 1686 667 ante

253 674 400 716 oculos
424 675 502 716 tibi
525 690 755 732 proponas.
798 675 936 717 Modo
959 690 1044 716 uno
1064 685 1255 730 tempore
1278 684 1343 716 tot
1360 676 1438 716 viri
1461 664 1686 717 clarissimi

252 731 529 774 interierunt:
562 733 644 773 de
636 732 815 788 imperio
837 742 991 787 ptaetei
994 746 1043 773 ea
1065 741 1183 773 tanta
1203 731 1441 773 deminutio
1463 730 1578 772 facta
1598 740 1684 772 est:

252 803 401 830 omnes
433 789 666 852 provinciae
697 799 992 844 conquassatae
1035 800 1148 830 suut.
1190 789 1232 829 in
1268 789 1394 830 unius
1425 787 1686 829 mulierculae

251 845 441 886 animula
461 844 685 900 sijactura
715 845 831 887 facta
857 855 935 897 est,
957 855 1077 888 tanto
1099 860 1228 902 opeie
1245 845 1557 888 eommovmis?
1587 859 1684 900 quae

252 902 286 943 si
308 901 392 943 hoc
415 911 607 958 tempore
640 917 724 944 non
756 903 870 944 diem
903 918 1026 945 suum
1053 904 1228 954 obisset,
1263 903 1410 959 paucis
1444 911 1542 958 post
1562 902 1685 943 annis

251 966 396 1000 tamen
437 959 476 1000 ei
514 959 783 1002 moriendum
826 959 934 1002 fuit:
984 961 1187 1015 quoniam
1229 960 1360 1002 homo
1392 968 1493 1001 nata
1531 957 1684 1000 fuerat.

253 1014 397 1059 Etiam
429 1024 474 1057 tu
498 1017 553 1058 ab
575 1016 692 1058 hisce
723 1017 849 1057 rebus
874 1020 910 1050 19
923 1031 1114 1058 animum
1145 1032 1194 1058 ae
1224 1017 1534 1074 cogitationem
1565 1025 1685 1058 tuam

251 1087 399 1124 avoca,
422 1082 551 1128 atque
581 1088 631 1115 ea
652 1073 796 1130 potius
826 1073 1113 1124 reminisce1e‚
1134 1077 1281 1128 20quae
1320 1074 1453 1130 digna
1487 1082 1562 1114 tua
1591 1087 1687 1129 per·

252 1144 357 1170 sona
379 1138 499 1172 sunt:
533 1129 662 1182 illam,
684 1130 889 1186 quamdiu
911 1130 950 1172 ei
973 1145 1081 1186 opus
1104 1129 1248 1182 fuerit,
1269 1130 1453 1182 vixisse3
1484 1143 1687 1172 unacum

250 1186 472 1242 republica
491 1186 645 1230 fuisse:
678 1197 722 1228 te
745 1197 908 1244 patrem
931 1202 1070 1239 suum,
1094 1162 1338 1252 praetoiem,
1356 1186 1591 1240 consulem,
1609 1201 1685 1228 au-

249 1257 399 1299 gurem
442 1243 622 1287 vidisse:
671 1244 1012 1286 adolescentibus
1055 1260 1267 1301 primariis
1308 1253 1488 1301 nuptam
1528 1243 1685 1286 fuisse:

249 1301 451 1342 omnibus
476 1301 599 1342 bonis
623 1316 755 1358 prope
789 1300 1056 1358 perfunctam
1079 1316 1192 1343 esse:
1223 1316 1322 1343 cum
1349 1300 1591 1358 respublica
1612 1316 1687 1343 oc-

249 1357 426 1409 cideret,
450 1358 538 1399 vita
569 1360 817 1400 excessisse.
877 1358 995 1406 Quid
1031 1368 1110 1409 est,
1138 1359 1254 1413 quod
1290 1369 1351 1410 tu,
1380 1367 1455 1400 aut
1478 1357 1562 1409 illa,
1583 1372 1684 1400 cum

250 1390 426 1456 fortuna
444 1414 529 1457 hoc
551 1416 724 1457 nomine
756 1416 876 1471 queri
909 1415 1113 1471 possitis?
1146 1415 1344 1471 Denique
1379 1415 1466 1457 noli
1502 1425 1543 1456 te
1576 1414 1687 1456 obli-

249 1471 353 1513 visci
380 1471 632 1513 Ciceronem
656 1488 761 1524 esse,
783 1475 819 1505 2⁷1
838 1481 882 1513 et
914 1487 1026 1535 eum3
1056 1472 1129 1527 qui
1171 1472 1264 1513 aliis
1293 1471 1510 1514 consueris
1534 1471 1687 1536 praeci:-

250 1542 351 1583 pere
373 1537 417 1569 et
437 1529 538 1570 dare
559 1530 812 1571 consilium:
843 1543 982 1584 neque
1013 1529 1180 1570 imitare
1215 1528 1348 1570 malos
1380 1528 1585 1580 medicos,
1611 1528 1686 1584 qui

249 1599 294 1626 in
314 1585 461 1628 alienis
484 1586 644 1628 morbis
669 1586 925 1643 profitentur
956 1597 1099 1628 tenere
1130 1601 1174 1628 se
1197 1586 1424 1628 medicinae
1447 1586 1687 1637 scientiam,

248 1642 332 1698 ipsi
356 1658 399 1684 se
421 1658 569 1685 curme
591 1658 679 1685 non
702 1653 906 1700 possunt3
939 1643 1011 1685 sed
1034 1643 1193 1700 potius,
1223 1658 1321 1700 quae
1352 1643 1445 1684 aliis
1466 1652 1558 1684 tute
1577 1657 1687 1699 prae-

249 1699 393 1756 cipere
415 1701 538 1751 soles,
560 1703 600 1733 ‘⁷2
614 1716 664 1742 ea
685 1710 777 1742 tute
798 1701 879 1742 tibi
902 1700 1082 1756 subjice,
1101 1710 1229 1756 atque
1247 1700 1358 1756 apud
1378 1700 1568 1741 animum
1589 1714 1687 1764 pro-

249 1770 379 1821 pone.
440 1733 595 1799 Nullus
626 1758 748 1800 dolor
777 1766 856 1808 est,
878 1772 1006 1814 quem
1036 1772 1123 1798 non
1154 1757 1447 1813 longinquitas
1472 1757 1686 1821 ..temporis

248 1813 419 1855 minuat
439 1829 489 1855 ac
512 1814 690 1856 molliat.
752 1814 853 1856 Hoc
885 1824 925 1856 te
947 1823 1198 1871 exspectaie
1233 1826 1417 1870 tempus,
1450 1814 1530 1855 tibi
1561 1824 1688 1878 tulpe

249 1879 328 1921 est,
359 1886 409 1913 ac
444 1886 530 1912 n-on
563 1872 602 1913 ei
635 1871 694 1913 rei
729 1872 938 1928 sapientia
960 1881 1034 1912 tua
1061 1881 1103 1913 te
1125 1886 1363 1914 occuiQrere
1422 1865 1590 1936 Quodsi
1612 1870 1687 1926 qui

253 1927 384 1969 etiam
419 1928 566 1970 inferis
601 1943 746 1970 sensus
779 1938 867 1971 est:
900 1928 973 1984 qui
1004 1928 1147 1970 illius
1138 1944 1179 1970 in
1205 1938 1246 1969 te
1268 1943 1388 1970 amor
1409 1928 1507 1981 fuit,
1529 1928 1686 1985 pietas·

253 1998 336 2040 que
368 1985 413 2026 in
435 2000 583 2027 omnes
617 2000 730 2038 SUOS,
751 1985 836 2028 hoc
865 1995 979 2028 celte
1013 1985 1084 2027 illa
1116 1995 1157 2027 te
1179 1985 1318 2027 facere
1339 2001 1425 2027 non
1448 1985 1554 2027 vult.
1615 1984 1687 2026 Da

208 2039 335 2084 ²·hoc
358 2041 417 2083 illi
440 2052 642 2085 mortuae:
677 2043 732 2084 da
762 2043 916 2084 ceteris
944 2042 1093 2084 amicis
1125 2059 1175 2085 ac
1196 2043 1493 2095 familiaribus,
1514 2042 1588 2098 qui
1611 2052 1686 2084 tuo

294 2167 330 2195 18
352 2165 379 2194 si
407 2166 478 2204 quis
506 2166 653 2196 nostrzlm
680 2166 818 2206 interiit]
844 2166 944 2198 Lam·
987 2165 1084 2197 Forte
1100 2165 1165 2196 fuit
1178 2166 1254 2197 sint.

248 2205 345 2235 binus
368 2208 551 2246 corrigebat
573 2213 779 2239 nostrorum.-
802 2210 828 2240 si
852 2209 890 2239 de
905 2208 945 2240 li-

248 2247 333 2277 beris
359 2230 472 2278 modo:-
471 2249 616 2288 loquitur
632 2250 758 2287 Cicero,
776 2251 867 2282 bene.
883 2261 943 2281 nec

248 2293 362 2319 tamen
379 2292 548 2330 sequentia
564 2291 625 2321 hoc
640 2293 820 2338 postulant.
865 2293 946 2324 Mox

249 2341 308 2371 pro
323 2330 463 2372 jaccant
487 2333 632 2363 Graevius
645 2332 799 2374 jacerent
813 2335 914 2365 edidit
929 2345 947 2366 e

248 2376 358 2404 vetere
382 2374 522 2404 lectione
542 2374 668 2415 jacent.
721 2376 884 2416 Loquitur
909 2377 948 2407 de

249 2415 462 2454 cogitatione,
477 2426 576 2454 quam
602 2422 676 2448 tum
691 2417 844 2456 habebat,
870 2428 947 2448 cum

249 2457 374 2488 videret
388 2457 460 2489 illas
475 2458 602 2489 ruinas:
627 2459 883 2502 itaquejaceanc
895 2471 949 2491 ve·

250 2508 324 2530 rum
339 2504 400 2531 est.

296 2543 333 2575 19
356 2543 506 2573 animum
532 2543 577 2572 ad
603 2551 674 2581 cog.
699 2547 794 2574 tuam
817 2543 866 2583 a.]
897 2544 952 2574 Ad

249 2583 344 2613 nullo
371 2584 468 2615 modo
491 2594 604 2615 verum
629 2594 697 2615 esse
723 2589 842 2624 potest.
868 2586 948 2616 Mss.

250 2625 360 2665 plures
382 2632 416 2657 et
437 2626 509 2657 edd.
533 2636 582 2666 pr.
599 2626 696 2658 Rom.
716 2629 805 2662 1-471.
820 2628 865 2657 ad
877 2638 946 2667 cog.

250 2667 382 2698 advoca.
402 2669 492 2703 1469.
515 2669 561 2699 ad
580 2678 648 2708 cog.
665 2678 753 2699 voca.
796 2670 948 2700 Scriben-

250 2708 329 2738 dum
344 2714 393 2740 est
409 2719 460 2747 ac,
477 2710 527 2741 vel
542 2714 650 2751 atque.
686 2708 833 2742 Graevius
855 2716 950 2752 puta-

249 2749 310 2780 bat
323 2753 473 2783 animum
488 2757 583 2783 tuum
598 2761 639 2782 m.
641 2762 707 2783 oca.

291 2793 334 2823 20
369 2803 439 2834 quae
466 2795 571 2835 digna
597 2798 658 2827 tua
687 2804 829 2837 persona
855 2796 946 2842 sunt]

1031 2210 1068 2240 21
1101 2212 1132 2239 et
1159 2208 1459 2249 eam—consilium]
1494 2208 1566 2240 Hoc
1591 2208 1688 2240 Valc-

990 2249 1159 2288 kenarius,
1178 2252 1218 2282 V.
1247 2250 1286 2281 C.
1313 2251 1354 2281 ad
1382 2251 1499 2291 fragm.
1522 2251 1636 2292 Eurip.
1653 2261 1687 2291 p.

991 2295 1062 2327 194.
1078 2293 1226 2333 spurium
1244 2296 1341 2333 putat
1360 2298 1394 2324 et
1409 2299 1523 2324 notam
1538 2292 1687 2323 literato—

990 2334 1044 2365 ris.
1059 2335 1145 2373 quod
1158 2340 1205 2365 est
1220 2335 1413 2375 speciosum,
1425 2336 1500 2374 quia
1512 2335 1597 2365 idem
1611 2345 1687 2366 mox

991 2375 1124 2408 dicitur.
1169 2377 1232 2408 Sed
1256 2382 1370 2408 tamen
1395 2377 1501 2407 oratio
1530 2375 1577 2406 ita
1602 2377 1688 2408 foret

990 2418 1099 2448 minus
1113 2418 1223 2459 plena,
1240 2429 1299 2449 nec
1318 2419 1476 2450 transitus
1498 2418 1539 2448 ad
1553 2428 1688 2458 sequeu-

990 2460 1039 2490 tia
1053 2461 1131 2491 satis
1145 2459 1346 2490 commodus.

1032 2503 1073 2533 522
1095 2512 1134 2532 ea
1157 2505 1225 2532 tute
1239 2502 1296 2532 tibi
1317 2503 1375 2532 sul
1367 2500 1449 2543 μοι’]
1475 2511 1514 2532 ea
1530 2502 1688 2534 omissum

992 2543 1026 2573 in
1041 2542 1094 2573 ed.
1109 2544 1205 2574 Grut.
1219 2544 1293 2583 quia
1308 2544 1399 2574 abest
1414 2554 1433 2574 a
1448 2543 1686 2575 Mss.n0nnu1-

992 2584 1043 2632 lis,
1075 2585 1156 2616 bene
1187 2586 1331 2616 restituit
1358 2586 1516 2617 Graevius.
1562 2587 1689 2617 Contra

991 2627 1080 2666 prius
1107 2632 1176 2658 tute
1205 2628 1380 2658 insititium
1410 2634 1504 2667 putu,
1532 2632 1566 2657 et
1589 2627 1688 2668 paulo

992 2674 1065 2708 post
1089 2669 1122 2699 in
1143 2680 1214 2710 sap.
1242 2675 1301 2700 tua
1326 2672 1356 2699 te
1382 2679 1550 2700 occurrere
1562 2669 1690 2699 deleve·

993 2710 1054 2740 rim
1069 2714 1100 2740 te
1122 2720 1189 2742 non
1212 2711 1295 2742 belle
1318 2711 1514 2752 repetitum:
1539 2711 1600 2742 nisi
1615 2711 1689 2743 Sul-

992 2752 1094 2795 picius
1108 2754 1213 2787 voluit
1229 2754 1339 2786 tudere
1355 2754 1389 2786 in
1404 2757 1462 2784 cua
1477 2757 1518 2785 te.
