1865 3223
305 112 384 152 376
512 107 692 147 EPIST.
720 107 906 147 LIBER
930 106 1487 158 QUARTUSDECIMUS

305 212 519 254 restituta.
578 212 736 253 Verum
759 212 853 253 haec
876 226 960 252 non
984 220 1082 252 sunt
1105 213 1146 253 in
1171 221 1315 253 nostra
1333 227 1474 253 manu.
1529 211 1637 254 Illud
1659 213 1737 255 do-

309 269 391 321 leo,
412 284 507 324 quae
542 269 735 325 impensa
767 269 958 310 facienda
981 279 1058 319 est,
1083 269 1124 310 in
1147 269 1238 333 ejus
1273 278 1450 325 partem,
1475 279 1514 310 te
1541 270 1737 312 miseram

311 336 354 367 et
386 326 715 390 l3udespoliatam
747 326 903 367 venire.
963 326 1092 372 Quod
1130 329 1165 356 ¹4
1179 327 1212 366 si
1246 326 1473 367 conficitur
1504 327 1739 390 negotium,

312 383 459 424 omnia
479 396 800 438 consequemur.
823 382 886 422 sin
909 383 1055 423 eadem
1080 397 1154 423 nos
1178 382 1347 424 fortuna
1366 393 1541 439 premet,
1556 384 1739 424 etiamne

316 439 561 495 l5reliquias
595 450 687 480 tuas
726 452 879 478 misera
915 439 1143 494 projicies?
1187 438 1376 482 Obsecro
1417 449 1471 489 te,
1509 455 1602 481 mea
1640 440 1742 490 vita,

314 497 429 552 quod
461 497 512 537 ad
549 504 735 536 sumtum
763 494 933 543 attinet,
956 495 1045 534 sine
1078 495 1196 545 alios,
1219 498 1288 550 qui
1325 507 1515 552 possunt,
1546 498 1578 537 si
1614 497 1741 537 modo

314 553 479 603 volunt,
519 552 748 592 sustinere:
785 562 828 591 et
866 551 1141 591 valitudinem
1175 552 1297 592 istam
1339 554 1563 601 infirmam,
1603 553 1636 593 si
1674 567 1742 593 me

315 624 445 659 amas,
479 608 563 649 noli
588 622 756 649 vexate.
818 607 928 648 Nam
964 607 1066 648 mihi
1099 617 1197 648 ante
1219 609 1363 649 oculos
1394 611 1481 650 dies
1513 620 1742 665 noctesque

315 665 508 707 versaris.
570 665 731 705 Omnes
753 664 917 707 labores
942 673 982 705 te
1004 665 1202 721 excipere
1226 664 1362 705 video.
1383 666 1526 717 timeo,
1549 677 1592 707 ut
1615 666 1740 707 susti-

316 736 431 763 neas.
464 721 533 761 sed
559 722 714 762 video
706 736 745 761 in
771 730 812 762 te
835 735 925 762 esse
947 736 1106 762 omnia.
1168 722 1327 771 Quare,
1352 731 1394 761 ut
1428 723 1484 770 id,
1505 724 1619 777 quod
1651 738 1745 779 spe-

316 793 399 830 raS‚
421 789 463 820 et
492 778 606 833 quod
641 778 747 834 agiS,
768 792 1094 833 consequamur,
1125 779 1233 819 servi
1258 778 1494 819 valitudini.
1556 779 1666 836 Ego,
1693 780 1745 820 ad

316 850 424 891 quos
448 835 645 884 scribam,
676 835 835 885 nescio,
859 835 937 875 nisi
971 835 1023 876 ad
1045 849 1131 885 eOS,
1154 835 1225 890 qui
1262 835 1313 876 ad
1346 849 1411 875 uie
1445 813 1650 886 scribunt,
1674 846 1748 877 aut

318 893 369 933 ad
400 906 487 940 eOS,
521 892 572 932 de
604 891 760 944 quibus
796 892 848 933 ad
880 906 949 933 me
979 907 1054 933 vos
1083 867 1244 947 aliquid
1281 891 1481 933 scribitis.
1543 892 1748 948 Longius,

322 949 360 979 ¹6
372 947 573 1012 quoniam
600 948 659 988 ita
681 949 803 990 vobis
826 948 978 1013 placet,
1000 964 1085 991 non
1108 949 1348 991 discedam.
1372 949 1441 989 sed
1465 947 1604 999 velim,
1620 964 1746 1004 quam

189 1016 222 1046 P·
237 1006 310 1036 234.
277 1004 556 1078 asaepissime
585 1003 746 1047 litteras
782 1006 977 1055 mittatis,
1010 1007 1262 1062 praeseltim,
1293 1007 1326 1047 si
1357 1006 1458 1060 quid
1481 1015 1545 1047 est
1572 1005 1749 1056 firmius,

277 1056 436 1117 ²'quod
480 1074 710 1116 speremus.
771 1062 935 1113 Valete,
976 1077 1069 1104 mea
1102 1063 1324 1114 desideria,
1360 1062 1509 1103 valete.
1546 1078 1584 1104 a.
1612 1064 1654 1105 d.
1688 1076 1746 1104 111

324 1119 472 1160 Nonas
495 1118 675 1160 Octobr.
705 1118 1023 1161 Thessalonica.

281 1207 306 1244 3
829 1208 1233 1247 ARGUMENTUM.

321 1271 398 1308 Sua
416 1271 523 1320 culpa
538 1270 688 1320 factum
715 1271 826 1314 dolet,
851 1276 889 1307 ut
919 1273 957 1307 in
986 1276 1108 1308 tantas
1134 1273 1294 1308 miserias
1321 1272 1526 1308 inciderint.
1580 1272 1681 1308 Dein
1708 1273 1756 1307 ad

371 1325 495 1372 capita
512 1323 673 1371 epistola>
689 1325 812 1360 uxoris
830 1325 1021 1371 respondet
1041 1326 1108 1367 ita,
1127 1328 1167 1359 ut
1196 1325 1346 1360 nimium
1369 1337 1447 1373 proe
1463 1336 1500 1360 se
1518 1324 1675 1360 dolorem
1692 1322 1755 1373 fe-

370 1380 443 1418 rat,
463 1376 565 1423 eique
581 1387 682 1422 paene
697 1376 915 1412 succumbat.

391 1439 653 1482 TULLIUS
683 1439 1255 1539 TEREN'ghfgI'STfflLL.
1289 1440 1364 1482 ET
1395 1439 1700 1483 CICERONI

324 1555 562 1607 ACCEPI
593 1564 649 1605 ab
678 1561 937 1605 Aristocrito
968 1564 1043 1604 tris
1073 1563 1292 1619 epistolem,
1324 1579 1428 1619 quas
1462 1577 1544 1619 ego
1572 1563 1757 1605 lacrimis

324 1634 458 1677 prope
479 1620 632 1662 delevi.
692 1620 914 1662 Conficior
944 1621 1058 1662 enim
1090 1635 1283 1672 maerore,
1315 1636 1408 1662 mea
1425 1620 1646 1663 Terentia:
1679 1635 1758 1662 nec

324 1692 432 1719 meae
465 1692 533 1718 me
566 1677 749 1718 miseriae
783 1679 919 1741 magis
950 1677 1214 1728 excruciant,
1237 1692 1364 1733 quam
1389 1687 1473 1719 tuae
1507 1687 1756 1733 vestraeque.

327 1733 423 1791 Ego
445 1744 587 1776 autem
620 1734 705 1776 hoc
736 1749 928 1776 miserior
951 1749 1059 1785 sum,
1081 1750 1209 1789 quam
1233 1743 1293 1799 tu,
1315 1750 1412 1790 quae
1435 1749 1478 1776 es
1509 1736 1758 1786 miserrima,

325 1768 442 1847 quod
475 1792 566 1847 ipsa
587 1790 806 1832 calamitas
837 1792 1076 1833 communis
1099 1803 1164 1832 est
1187 1792 1405 1846 utriusque
1435 1791 1653 1833 nostrum:
1686 1792 1758 1832 sed

327 1847 455 1912 culpa
475 1863 569 1889 inea
593 1848 764 1904 propria
793 1858 871 1889 est.
935 1848 1085 1889 Meum
1111 1848 1191 1889 luit
1219 1849 1429 1911 οίῆΗοίιηη,
1450 1848 1514 1889 vel
1545 1848 1757 1904 legatione

327 1905 462 1946 vitate
493 1904 754 1960 periculum3
787 1905 851 1945 vel
874 1905 1098 1961 diligentia
1119 1916 1161 1945 et
1185 1905 1321 1961 copiis
1354 1905 1571 1956 resistere,
1583 1882 1669 1946 t'vel
1692 1920 1762 1946 ca-

327 1961 427 2003 dere
459 1961 642 2002 fortiter.
672 1938 755 2003 hoc’
792 1963 1000 2014 miserius,
1038 1962 1217 2017 turpius,
1249 1962 1466 2017 indignius
1501 1961 1623 2002 nobis
1654 1961 1761 2002 nihil

329 2018 426 2060 fuit.
487 2018 632 2065 Quare
670 2021 814 2060 ¹7cum
852 2018 998 2060 dolore
1030 2018 1251 2068 conficior,
1289 2028 1378 2059 tum
1417 2020 1544 2059 etiam
1587 2019 1761 2074 pudore.

331 2075 471 2117 Pudet
491 2075 604 2117 enim
630 2089 696 2116 me
720 2076 843 2117 uxori
867 2090 972 2118 meae
994 2076 1187 2131 optimae,
1215 2076 1475 2116 suavissimis
1496 2075 1655 2127 liberis,
1679 2075 1761 2116 vir-

330 2141 466 2174 tutem
487 2143 530 2174 et
552 2132 822 2189 diligentiam
844 2148 929 2174 non
953 2133 1217 2190 praestitisse.
1278 2133 1390 2174 Nam
1414 2131 1473 2174 mi
1497 2142 1595 2174 ante
1616 2132 1762 2175 oculos

376 2295 412 2324 13
434 2293 658 2333 despoliatam]
690 2294 794 2324 Credo
816 2294 1022 2325 scribendum
1066 2294 1201 2324 Mediol.
1246 2294 1416 2334 Reliquias
1429 2298 1526 2324 vocat
1541 2303 1656 2325 aream
1671 2293 1761 2323 illam

330 2335 547 2375 dispoliatam.
573 2336 618 2365 sic
637 2336 740 2366 voluit
762 2336 838 2366 dare
860 2337 909 2367 ed.
928 2337 1024 2368 Rom.
1067 2335 1182 2366 domus
1197 2346 1276 2373 suae,
1294 2346 1365 2376 quae
1379 2336 1545 2367 Terentiae
1559 2347 1577 2366 e
1591 2335 1762 2375 naufragio

331 2386 503 2417 operarum
541 2377 618 2406 vitio
649 2378 772 2408 factum
811 2379 1023 2418 sispoliatmn.
1069 2379 1229 2409 bonorum
1246 2380 1401 2409 restabat.

330 2420 431 2449 etiam
453 2418 529 2448 alibi
546 2419 628 2458 desp.
652 2430 709 2459 pro
726 2421 896 2460 dispoliata
911 2421 1026 2451 dedere
1118 2421 1154 2450 16
1176 2423 1328 2461 quoniam
1343 2422 1364 2451 τ’.
1379 2431 1407 2450 υ.
1417 2419 1540 2460 placet]
1560 2420 1611 2449 Sic
1624 2418 1695 2449 edd.
1712 2428 1760 2459 pr.

331 2460 468 2493 librarii.
486 2470 515 2490 ν.
532 2460 701 2492 Drakenb.
717 2462 755 2491 ad
775 2462 843 2492 Liv.
860 2465 914 2498 45,
930 2463 980 2492 36.
1066 2466 1099 2492 et
1128 2463 1189 2492 Ms.
1217 2470 1339 2501 noster,
1365 2472 1431 2493 non
1460 2472 1545 2492 eum.
1575 2461 1638 2491 Gu.
1669 2464 1695 2491 l.
1727 2463 1758 2493 9.

377 2505 413 2533 14
440 2503 468 2532 si
492 2502 661 2543 conficitur
688 2504 867 2543 negotium]
897 2506 945 2535 De
974 2514 1024 2534 rue
1067 2506 1205 2544 quando.

332 2544 512 2575 revocando
529 2554 585 2584 per
600 2554 700 2575 novos
715 2546 877 2576 tribunos.
896 2557 972 2577 nam
987 2546 1025 2576 de
1114 2550 1147 2579 17
1178 2557 1252 2577 cum
1290 2547 1395 2576 dolore
1422 2544 1584 2586 conficior]
1616 2545 1668 2575 Sic
1695 2545 1762 2577 Ms.

331 2585 430 2616 domo
454 2585 621 2617 vendenda
644 2587 797 2627 intelligi,
823 2597 871 2617 res
895 2598 961 2618 non
982 2589 1024 2618 si-
1071 2593 1192 2625 noster,
1207 2597 1239 2618 et
1255 2589 1318 2619 Gu.
1334 2591 1366 2619 2.
1383 2592 1416 2618 et
1432 2588 1503 2618 edd.
1520 2597 1570 2627 pr.
1595 2586 1765 2627 coifieiar,

333 2629 396 2658 nit.
427 2638 500 2658 mox
524 2627 563 2658 de
592 2629 702 2659 eadem
733 2640 783 2659 re:
810 2634 844 2659 ul
874 2631 918 2666 iel,
945 2630 1030 2670 quod
1070 2631 1155 2669 quod
1177 2632 1277 2661 estin
1305 2630 1549 2663 recentioribus,
1572 2630 1642 2659 sine
1665 2630 1764 2659 dubio

332 2679 443 2710 speras
457 2671 589 2707 effugis,
605 2681 846 2711 consequamur.
1071 2672 1223 2702 vitiosum
1240 2679 1299 2702 est.
1322 2682 1395 2702 cum
1418 2671 1589 2712 respondet
1615 2672 1657 2710 e.)
1678 2675 1763 2708 tum,

379 2715 415 2742 15
437 2714 498 2742 rel.
514 2718 590 2742 tuas
606 2713 739 2752 misera]
766 2714 817 2743 Sic
841 2714 1025 2752 lgendum,
1072 2724 1130 2744 uec
1145 2720 1193 2744 est
1209 2715 1348 2745 causale.
1392 2715 1471 2744 Mox
1495 2722 1572 2743 meoe
1587 2713 1762 2744 delendum

333 2763 400 2784 non
425 2755 570 2786 miseras
588 2760 624 2785 ut
640 2755 711 2785 edd.
730 2766 776 2795 p.r
799 2756 891 2793 quaed
895 2766 946 2785 un
972 2755 1027 2784 ha-
1072 2762 1162 2796 puto.
1187 2766 1261 2786 naui
1280 2766 1338 2787 nec
1355 2766 1428 2787 mox
1443 2756 1645 2786 suavissimis
1660 2754 1767 2786 ciberis

332 2796 412 2825 berit
426 2801 460 2825 et
483 2796 534 2826 Ms
537 2806 561 2826 5.
580 2797 664 2827 unde
681 2767 869 2828 Geiihardus
894 2798 1025 2837 recepit.
1070 2798 1193 2830 addidit
1208 2800 1298 2830 meis.

333 2836 480 2869 latinitas
495 2848 561 2869 non
576 2840 713 2879 patitur.
730 2841 849 2870 misera
862 2840 961 2871 habet
975 2839 1025 2870 ed.
