1903 3218
305 97 385 132 290
637 89 818 128 EPIST.
845 87 1038 126 LIBER*
1056 86 1416 136 UNDECIMUS
1455 96 1461 101 ’

276 335 308 365 b.

215 1893 246 1923 p.
264 1885 335 1916 ΠΒ.

285 2541 338 2577 22

832 191 1234 230 ARGUMENTUM.

708 256 912 305 Respondet
929 256 1107 303 superiori
1124 254 1284 303 epistolae
1301 266 1362 290 xx.

564 324 631 365 M.
652 323 703 365 T.
728 324 780 366 C.
814 323 870 365 D.
902 321 1110 364 BRUTO
1142 321 1274 362 [MP.
1308 322 1351 362 S.
1376 320 1424 361 P.
1451 319 1508 361 D.

326 382 435 434 Du
459 393 528 433 isti
550 392 724 448 Segulio
757 389 1043 439 malefaciant,
1074 389 1237 430 bomini
1261 388 1520 443 nequissimo
1543 389 1752 440 omnium,

323 450 397 506 qui
428 459 541 501 sunt,
571 450 643 505 qni
676 448 861 495 suerunt,
884 447 955 500 qui
981 446 1112 486 futuri
1135 446 1258 487 sunt!
1293 445 1439 491 Quid?
1473 455 1515 485 tu
1547 444 1665 486 illum
1689 455 1751 487 te-

325 511 423 548 cum
446 506 599 556 solum,
621 516 695 545 aut
715 518 814 544 cum
839 503 1034 544 Caesare?
1065 502 1138 556 qui
1169 502 1381 542 neminem
1415 503 1751 558 praetermiserit,

326 564 500 619 quicum
532 563 645 617 loqui
672 561 873 617 potuerit,
897 559 964 599 cui
991 572 1074 598 non
1106 558 1252 598 eadem
1282 559 1363 599 ista
1390 560 1577 601 dixerit?
1606 557 1668 600 Te
1691 569 1755 600 ta-

330 634 442 670 men,
463 620 518 660 mi
541 619 688 669 Brute,
708 619 769 658 sic
789 632 900 666 amo,
919 625 965 656 ut
985 616 1136 664 debeO,
1152 615 1265 670 quod
1287 615 1399 657 istud
1417 616 1626 671 quidquid
1645 626 1757 657 esset

331 689 556 732 nugarum,
579 690 646 715 me
669 675 776 716 scire
799 673 987 714 voluisti.
1030 671 1213 727 Signum
1237 672 1350 712 enirn
1375 687 1578 728 magnum
1599 673 1758 715 amoris

330 734 500 775 dedisti.
564 733 675 774 Nam
710 731 822 786 quod
855 731 967 770 idem
999 728 1211 783 Segulius,
1236 739 1456 769 veteranos
1478 732 1612 786 queri,
1642 729 1758 786 quod

334 799 377 832 tu
409 802 451 831 et
486 790 632 831 Caesar
662 788 703 828 in
726 786 978 828 decemviris
1009 799 1094 826 non
1116 786 1278 837 essetis,
1303 786 1464 826 utinam
1489 801 1541 828 ne
1561 801 1643 842 ego
1665 787 1760 843 qui-

333 848 428 889 dem
462 847 621 887 essem!
656 845 774 892 Quid
807 845 921 884 enirn
955 842 1202 884 molestius?
1233 842 1316 883 Sed
1352 852 1509 894 tamen,
1541 858 1639 884 cum
1674 858 1758 900 ego

335 904 574 954 sensissem,
603 903 655 943 de
686 902 752 952 iis,
781 902 853 956 qui
884 900 1097 940 exercitus
1131 901 1352 950 haberent,
1381 901 1637 941 sententiam
1663 899 1762 942 ferri

334 970 555 1017 oportere:
581 960 707 1000 iidem
728 958 801 1008 illi,
820 958 892 1012 qui
914 956 1065 1007 solent,
1089 957 1385 997 reclamarunt.
1419 956 1571 1013 Itaque
1590 957 1763 1013 excepti

335 1019 463 1059 etiam
498 1017 614 1066 estis,
642 1031 714 1057 me
738 1016 1009 1056 vehementer
1042 1023 1324 1070 repugnante,
1385 1014 1604 1060 Quocirca
1624 1015 1762 1071 Segu-

337 1076 441 1116 lium
467 1073 749 1130 negligamus,
781 1073 854 1127 qui
889 1086 950 1112 res
983 1085 1115 1111 novas
1136 1071 1315 1127 quaerit:
1349 1085 1434 1113 uon
1467 1083 1554 1127 quo
1578 1083 1763 1113 veterem

337 1132 597 1174 comederit:
632 1129 788 1172 nnllam
810 1129 924 1170 enim
946 1127 1122 1169 habuit:
1163 1127 1235 1169 sed
1259 1128 1369 1170 hanc
1390 1129 1526 1185 ipsam
1549 1139 1765 1171 recentem

338 1203 494 1230 novam
517 1187 754 1230 devoravit.
787 1186 916 1233 Quod
941 1195 1082 1226 autem
1104 1185 1269 1235 scribis,
1292 1194 1347 1235 te,
1369 1186 1484 1241 quod
1510 1201 1585 1243 pro
1608 1196 1649 1227 te
1671 1186 1765 1242 ipso

338 1261 423 1288 non
448 1246 594 1296 facias,
617 1245 659 1286 id
680 1259 757 1300 pro
775 1258 858 1293 me,
880 1253 925 1284 ut
943 1243 995 1283 de
1019 1256 1085 1282 me
1106 1243 1255 1283 timeas
1275 1241 1458 1298 aliquid:>
1481 1244 1598 1284 omni
1615 1252 1680 1293 te,
1705 1243 1767 1284 vir'

339 1304 517 1361 opnme,
541 1302 732 1357 mihique
753 1300 970 1343 carissime
993 1299 1142 1350 Brute,
1166 1299 1218 1340 de
1241 1314 1308 1339 me
1332 1309 1447 1341 metu
1469 1300 1618 1342 libero.
1671 1299 1766 1356 Ego

338 1361 469 1411 enim,
502 1373 598 1415 q‘uae
622 1358 834 1415 provideri
861 1365 1075 1413 poterunt,
1100 1371 1182 1396 non
1209 1356 1329 1397 fallar
1354 1357 1395 1397 in
1431 1357 1506 1399 iis:
1539 1372 1636 1412 quae
1669 1372 1769 1399 cau·

341 1419 502 1459 tionem
532 1431 617 1457 non
654 1415 888 1465 habebunt,
919 1414 972 1454 de
1005 1413 1070 1453 his
1102 1427 1187 1453 non
1220 1413 1280 1453 ita
1304 1414 1423 1455 valde
1453 1413 1616 1455 laboro.
1677 1413 1770 1455 Sim

340 1476 454 1516 enim
478 1473 719 1529 impudenS,
742 1472 775 1512 si
799 1471 892 1527 plus
917 1469 1142 1526 postulem,
1165 1484 1292 1524 quam
1313 1470 1478 1511 homini
1498 1486 1523 1511 a
1539 1485 1677 1512 rerum
1699 1486 1773 1512 na-

340 1541 437 1572 tura
459 1531 589 1571 tribui
615 1537 770 1585 potest.
832 1527 961 1574 Quod
985 1526 1090 1566 mihi
1116 1527 1330 1582 praecipis,
1363 1535 1409 1567 ut
1429 1541 1621 1578 caveam,
1645 1541 1697 1568 ne
1719 1528 1775 1568 ti-

340 1588 498 1629 mendo
521 1588 657 1643 magis
678 1587 827 1627 timere
845 1599 998 1641 cogar,
1022 1596 1066 1624 ct
1084 1584 1311 1639 sapienter,
1330 1594 1371 1624 et
1388 1585 1647 1626 amicissime
1664 1598 1774 1640 prae·

343 1646 466 1702 cipis.
528 1645 609 1685 Sed
635 1643 761 1684 velim
786 1643 864 1683 tibi
888 1641 1157 1698 persuade-cm,
1179 1655 1276 1681 cum
1304 1651 1343 1681 te
1366 1651 1535 1683 constet
1566 1641 1775 1684 excellere

342 1702 427 1743 hoc
465 1715 620 1758 genere
655 1700 841 1749 virtutis,
878 1709 925 1740 nt
960 1712 1193 1753 numquam
1233 1698 1504 1750 extimescas,
1541 1713 1774 1754 numquam

346 1760 619 1816 perturbere3
652 1772 719 1798 me
740 1757 841 1797 huic
863 1765 949 1796 tuae
971 1755 1118 1795 virtuti
1143 1755 1339 1810 proxime
1361 1756 1577 1797 accedere.
1610 1757 1775 1803 Quam·

346 1818 495 1858 'obrem
528 1829 664 1871 neque
696 1825 882 1855 metuam
915 1812 1164 1868 quidquam,
1202 1822 1245 1852 et
1274 1813 1437 1853 cavebo
1470 1813 1630 1854 omnia.
1691 1813 1776 1855 Sed

345 1874 461 1924 vide,
482 1874 518 1904 61
537 1888 589 1913 ne
614 1883 685 1913 tua
701 1872 810 1927 jam,
832 1871 890 1911 mi
916 1870 1063 1918 Brute,
1086 1869 1210 1924 culpa
1236 1867 1377 1909 futura
1400 1869 1468 1921 sit,
1492 1869 1525 1910 si
1547 1884 1630 1927 ego
1652 1871 1777 1926 quid-

327 1946 478 1987 ·quam
510 1931 700 1971 timeam.
732 1929 817 1969 tuis
845 1928 958 1968 enim
984 1927 1154 1983 opibus,
1176 1937 1219 1966 et
1241 1926 1464 1967 consulatu
1489 1937 1579 1978 tuo,
1608 1927 1776 1969 etiamsi

345 1988 490 2029 'timidi
513 2001 715 2036 essemus,
738 1996 881 2026 tamen
911 1998 1081 2025 omnem
1106 1984 1304 2023 timorem
1327 1983 1636 2038 abjiceremus:
1670 1999 1779 2040 prae-

350 2046 495 2086 sertim
531 2059 627 2085 cuin
654 2057 898 2099 persuasum
923 2042 1123 2082 omnibus
1151 2050 1275 2087 esset,
1306 2041 1498 2096 mihique
1522 2041 1726 2092 maxime,
1756 2057 1781 2083 a

350 2112 392 2144 te
414 2117 491 2143 nos
516 2102 639 2142 unice
663 2100 800 2155 diligi.
853 2097 1057 2140 Consiliis
1081 2097 1180 2147 tuis,
1202 2112 1299 2152 quae
1324 2098 1474 2139 scribis
1503 2099 1556 2139 de
1577 2109 1781 2154 quattuor

349 2159 609 2216 legionibus,
643 2158 781 2212 deque
816 2157 928 2212 agris
963 2154 1230 2210 assignandis
1263 2155 1317 2195 ab
1352 2156 1542 2211 utrisque
1577 2155 1780 2206 vestrum,

350 2219 626 2257 vehemente-1·
650 2213 871 2256 assentior.
934 2212 1087 2267 Itaque
1108 2226 1203 2252 cum
1231 2211 1403 2267 quidam
1427 2213 1479 2253 de
1507 2211 1683 2269 collegis
1706 2227 1782 2254 no-

350 2275 446 2314 stris
477 2272 688 2328 agrariam
720 2271 986 2312 cnrationem
1018 2269 1289 2325 ligurrirent3
1321 2268 1557 2311 disturbavi
1590 2284 1693 2321 rem,
1717 2281 1782 2311 to-

351 2341 525 2385 tamque
549 2329 668 2369 vobis
694 2329 904 2383 integram
928 2326 1154 2368 reservavi.
1197 2326 1241 2366 Si
1266 2326 1368 2381 quid
1391 2326 1472 2367 erit
1493 2327 1718 2378 occultius,
1739 2336 1784 2367 et

349 2392 417 2440 (ut
436 2387 606 2436 scribis)
630 2385 916 2434 reconditum,
938 2397 1131 2424 meorum
1154 2381 1338 2437 aliquem
1363 2384 1547 2433 mittam,
1569 2398 1654 2438 quo
1678 2383 1780 2425 fide·

350 2445 430 2486 lius
453 2445 504 2485 ad
532 2454 572 2483 te
592 2443 747 2483 littera:
772 2440 1054 2497 perferantur.
1116 2440 1261 2481 Pridie
1283 2455 1417 2481 nonas
1437 2440 1575 2482 Junii.

869 2529 1269 2568 ARGUMENTUM.

354 2597 588 2634 Commendat
606 2597 766 2644 Appium
788 2595 992 2635 Claudium,
1022 2595 1085 2641 qui
1114 2605 1193 2628 cum
1211 2594 1371 2628 Antonio
1399 2604 1435 2628 se
1459 2591 1716 2640 conjanxera15
1746 2599 1787 2629 ut

777 2658 819 2682 ex
837 2646 993 2682 hostium
1011 2657 1158 2680 numero
1177 2646 1365 2680 eximatur.

396 2789 431 2819 61
473 2797 512 2818 ηε
542 2786 757 2827 lucret-alpoz
778 2783 815 2824 f.
845 2784 900 2822 sit]
940 2784 971 2814 Si
1005 2795 1064 2818 5⁴³.v
1096 2791 1127 2813 ‘te
1160 2783 1259 2814 Hirtii
1286 2784 1319 2814 et'
1346 2783 1472 2820 Pansae,
1503 2790 1540 2815 ut
1569 2795 1586 2815 e
1613 2778 1701 2824 seqq.
1733 2794 1790 2824 pa-

354 2832 559 2861 consulatum
584 2839 651 2867 nou
673 2834 778 2868 petas,
803 2836 941 2856 vneuum
965 2836 1050 2856 mor-
1096 2832 1155 2856 tet.
