1860 3228
306 82 378 117 142
704 80 884 120 EPIST.
911 81 1096 120 LIBER
1127 82 1353 122 SEXTUS

304 181 403 245 tius,
445 182 620 234 Balbus,
664 183 847 241 Oppius,
892 185 1071 237 Matius,
1113 186 1375 238 Postumius,
1414 185 1538 242 plane
1571 187 1630 228 ita
1668 187 1732 228 fa-

303 249 439 292 c1unt,
460 249 506 281 ut
529 256 595 282 me
619 242 742 283 unice
764 242 958 298 diligant.
1020 243 1149 289 Quod
1172 246 1212 276 56
1229 245 1260 284 si
1285 244 1390 284 mihi
1410 258 1487 299 pro
1510 257 1576 283 me
1600 243 1732 284 effici-

304 296 462 338 endum
486 296 648 347 fuisset,
672 313 756 339 non
781 313 847 339 me
871 299 1102 354 poeniteret
1124 315 1199 356 pro
1222 302 1386 341 ratione
1409 300 1733 355 temporum⁴ita

305 367 396 394 esse
417 353 628 395 molitum.
661 354 741 395 Sed
764 354 869 395 nihil
886 364 949 395 est
966 371 991 396 a
1012 370 1079 396 me
1099 357 1347 398 inservitum
1370 357 1570 411 temporis
1590 370 1731 397 causa.

306 418 468 451 veteres
490 411 596 451 mihi
619 411 950 452 necessitudines
981 427 1078 453 cuin
1110 413 1175 453 his
1206 414 1405 454 omnibus
1437 413 1731 453 intercedunt:

305 465 560 521 quibuscum
584 482 664 523 ego
688 481 813 523 agere
845 467 897 507 de
931 477 972 508 te
995 483 1079 508 non
1102 469 1261 510 destiti.
1323 470 1566 524 Principem
1592 479 1733 510 tamen

305 521 534 564 habuimus
561 523 755 573 Pansam,
784 524 844 563 tui
875 523 1248 576 studiosissimum,
1281 527 1363 567 mei
1394 526 1626 581 cupidum:
1659 525 1731 580 qui

306 579 464 621 valeret
505 580 616 634 apud
656 579 772 620 illum
818 594 902 620 non
935 580 1075 621 minus
1109 582 1377 633 auctoritate,
1415 597 1542 637 quam
1581 582 1732 637 gratia.

306 639 345 670 ⁵7
364 636 540 677 Cimber
576 645 716 677 autem
739 636 888 677 Tillius
920 637 1023 678 mihi
1058 637 1179 693 plane
1211 638 1431 679 satisfecit.
1494 638 1648 679 Valent
1672 649 1733 678 ta-

304 707 402 733 men
429 692 541 749 apud
567 693 782 734 Caesarem
819 708 902 734 non
929 703 1014 735 tam
1049 694 1290 735 ambitiosae
1315 695 1572 750 rogationes,
1596 709 1726 750 quam

303 750 577 791 necessariae:
603 753 640 780 58
655 764 759 803 quas
781 749 881 804 quia
906 749 1082 791 Cimber
1099 750 1299 802 habebat,
1323 751 1415 806 plus
1435 751 1581 802 valuit,
1603 765 1732 807 quam

304 821 382 862 pro
404 807 488 847 ullo
511 806 593 846 alio
617 807 754 846 valere
786 807 1008 862 potuisset.
1070 806 1275 863 Diploma
1297 808 1440 848 statim
1463 823 1549 848 non
1572 819 1637 848 est
1658 808 1731 848 da-

305 873 422 914 tum3
454 863 566 917 quod
591 862 772 903 mirifica
793 871 855 903 est
878 863 1130 918 improbitas
1154 864 1197 904 in
1219 864 1490 919 quibusdam,
1513 865 1586 918 qui
1609 867 1648 899 59
1664 873 1729 904 tu-

302 919 450 960 lissent
471 919 679 970 acerbum,
702 919 867 961 veniam
900 920 978 960 tibi
1005 921 1110 970 dari,
1133 921 1172 951 60
1186 935 1314 976 quam
1337 921 1394 961 illi
1419 920 1635 976 appellant
1664 930 1732 960 tu-

303 976 401 1017 bam
427 976 523 1017 belli
545 976 708 1017 civilis:
741 976 957 1031 multaque
979 977 1039 1018 ita
1067 978 1231 1028 dicunt,
1264 977 1383 1034 quasi
1408 992 1493 1018 non
1517 977 1732 1033 gaudeant

300 1033 344 1074 id
368 1032 524 1074 bellum
556 1033 770 1073 incidisse.
833 1032 976 1079 Quare
1000 1034 1134 1074 visum
1166 1043 1231 1075 est
1260 1034 1469 1075 occultius
1501 1034 1730 1089 agendum,

301 1101 437 1145 neque
472 1089 554 1130 ullo
588 1089 716 1131 modo
747 1089 1070 1144 divulgandum,
1102 1091 1154 1131 de
1185 1100 1226 1131 te
1249 1090 1341 1144 jam
1364 1105 1453 1131 esse
1476 1090 1730 1145 perfectum.

301 1147 372 1188 sed
395 1146 437 1187 id
467 1147 547 1187 erit
570 1147 762 1202 perbrevi
782 1163 790 1188 ε
823 1162 902 1187 nec
924 1147 1090 1198 dubito,
1118 1147 1238 1202 quin,
1266 1147 1434 1203 legente
1457 1156 1498 1187 te
1521 1147 1596 1187 has
1618 1147 1730 1187 litte-

300 1218 381 1255 raS‚
403 1203 602 1245 confecta
623 1204 715 1259 jam
740 1218 803 1244 res
827 1203 971 1244 futura
992 1204 1061 1245 sit.
1124 1204 1264 1245 Pansa
1295 1204 1465 1258 quidem
1492 1203 1612 1254 mihi,
1636 1217 1732 1258 gra-

302 1262 364 1302 vis
383 1261 512 1302 homo
535 1271 577 1301 et
598 1270 753 1311 certus,
776 1275 860 1301 uon
885 1260 1020 1301 solum
1040 1261 1325 1314 confirmavit,
1348 1275 1493 1301 verum
1514 1260 1642 1300 etiam
1666 1273 1731 1300 re-

277 1318 429 1374 ·cepit,
452 1317 721 1374 perceleriter
742 1332 785 1357 se
807 1316 1047 1358 ablaturum
1070 1317 1274 1373 diploma.
1336 1316 1452 1357 Mihi
1476 1326 1617 1358 tamen
1641 1315 1730 1372 pla-

297 1376 401 1426 cuit,
435 1375 530 1416 haec
562 1375 614 1416 ad
649 1385 690 1415 te
723 1374 943 1430 perscribi.
976 1375 1116 1414 minus
1150 1374 1263 1415 enim
1304 1383 1345 1414 te
1383 1373 1553 1414 firmum
1591 1387 1729 1414 sermo

297 1432 333 1463 ⁶¹
353 1432 574 1487 Eppuleiae
618 1441 719 1482 tuae,
756 1431 1028 1485 lacrimaeque
1064 1430 1234 1486 Ampiae
1275 1430 1562 1480 declarabant,
1601 1444 1729 1485 quam

295 1489 543 1545 significant
565 1497 650 1531 tuae
672 1487 841 1528 litterae.
891 1487 1036 1541 Atque
1058 1486 1140 1528 illae
1163 1487 1495 1536 arbitrabantur,
1518 1501 1614 1527 cum
1641 1501 1666 1526 a
1687 1498 1728 1526 te

294 1546 492 1587 abessent
514 1545 634 1600 ipsae,
665 1544 799 1585 multo
829 1544 871 1584 in
900 1544 1097 1600 graviore
1127 1554 1169 1584 te
1191 1558 1291 1584 cura
1313 1542 1520 1583 futurum.
1583 1543 1728 1589 Quare

292 1617 452 1659 magno
475 1616 603 1658 opere
624 1601 664 1632 62
678 1600 842 1657 putavi,
871 1600 1043 1656 angoris
1065 1610 1108 1641 et
1129 1600 1286 1641 doloris
1310 1601 1371 1640 tui
1394 1599 1562 1640 levandi
1585 1613 1726 1650 causa,

292 1674 371 1715 pro
404 1660 531 1701 certis
561 1659 613 1700 ad
648 1667 689 1699 te
718 1672 781 1709 ea,
817 1673 912 1712 quae
946 1667 1088 1698 essent
1119 1667 1248 1707 certa,
1285 1656 1489 1712 perscribi
1532 1662 1725 1711 oportere.

294 1716 403 1768 Scis,
425 1730 492 1757 me
516 1725 641 1756 antea
662 1715 722 1756 sic
745 1714 917 1755 solitum
936 1728 1027 1754 esse
1046 1714 1229 1754 scribere
1250 1715 1303 1754 ad
1326 1722 1381 1763 te,
1400 1712 1537 1768 magis
1559 1721 1604 1753 ut
1623 1726 1727 1753 con-

292 1772 448 1815 solarer
470 1772 624 1814 fortem
644 1772 784 1813 virum
799 1781 927 1826 atque
943 1771 1194 1827 sapientem,
1218 1784 1347 1825 quam
1368 1779 1415 1810 ut
1435 1770 1474 1800 63
1489 1769 1725 1825 explorata}

283 1923 288 1927 .
334 1899 375 1931 56
395 1900 423 1929 si
449 1898 528 1928 mihi
544 1906 605 1937 pro
631 1906 682 1926 me
702 1894 800 1937 ffc]
825 1895 889 1925 Alii
912 1894 986 1924 libri
1029 1894 1146 1934 recepi.
1169 1899 1218 1924 est
1234 1893 1279 1923 sic
1294 1893 1376 1923 etin
1393 1893 1471 1923 Mes.
1488 1892 1551 1923 Gu.

289 1951 351 1973 scr.
367 1941 400 1971 in
416 1940 465 1971 his
480 1949 583 1976 meus,
606 1939 685 1969 item
699 1938 769 1968 edd.
787 1947 834 1978 pr.
847 1946 908 1977 per
923 1946 985 1973 me,
1071 1939 1110 1970 59
1133 1937 1279 1966 tulissent
1301 1934 1459 1973 acerbius]
1485 1935 1547 1964 int.
1571 1934 1595 1963 si
1619 1932 1723 1974 diplo-

289 1983 376 2023 quod
400 1983 546 2012 Graevius
568 1984 698 2011 secutus
714 1984 774 2010 est.
820 1979 985 2009 Neutrum
1030 1988 1084 2008 ma
1097 1978 1210 2008 statim
1225 1983 1309 2007 esset
1320 1977 1447 2013 datum,
1460 1981 1493 2006 et
1507 1980 1639 2016 repente
1656 1985 1724 2005 rem

289 2026 370 2056 facit
379 2033 509 2055 sensum
520 2029 633 2063 aptum
644 2022 720 2052 huic
730 2021 800 2051 loco
810 2026 987 2060 etsequen-
1029 2020 1213 2049 confectam
1236 2025 1450 2058 cognossent:
1481 2018 1559 2048 alias
1581 2026 1648 2047 esse
1671 2017 1726 2047 de-

289 2068 391 2098 tibus.
423 2077 484 2106 per
506 2075 556 2096 me
576 2064 832 2105 praecedentibus
856 2062 985 2102 quidem
1030 2062 1121 2092 beret
1137 2063 1294 2092 tulerunt.

289 2115 405 2150 aptum
421 2116 484 2145 est,
507 2108 540 2137 in
556 2107 683 2146 quibus,
706 2114 763 2146 per
777 2114 855 2144 quos
869 2105 984 2145 egerit,
1071 2104 1112 2133 60
1146 2113 1245 2143 quam
1272 2103 1323 2132 illi
1351 2101 1530 2142 appellant]
1568 2100 1621 2131 Sic
1650 2100 1725 2130 libri

290 2151 387 2182 dicit:
405 2150 540 2181 sednon
554 2148 775 2187 sequentibuS‚
785 2156 848 2187 pro
859 2148 986 2177 ratione
1028 2145 1127 2175 multi
1151 2155 1214 2176 scr.
1241 2146 1342 2175 etiam
1371 2151 1494 2180 noster,
1520 2147 1555 2173 et
1578 2141 1649 2172 edd.
1678 2151 1726 2181 pr.

289 2198 472 2233 temporum
495 2193 542 2222 ita
565 2200 632 2221 esse
654 2189 827 2220 molitum:
852 2198 911 2219 nec
934 2188 984 2218 his
1027 2187 1188 2226 quaedam,
1216 2192 1254 2216 ut
1281 2187 1371 2219 1469.
1404 2188 1493 2219 1471.
1519 2184 1616 2215 Rom.
1638 2183 1725 2214 unde

288 2237 398 2276 aptius
412 2239 461 2265 est
470 2243 532 2273 pro
544 2243 606 2270 me,
617 2236 651 2262 et
662 2235 735 2261 tota
744 2231 985 2269 argumentatio
1028 2229 1117 2259 dedit
1132 2229 1294 2258 Victorius
1306 2240 1312 2257 :
1337 2228 1391 2258 alii
1406 2237 1512 2267 quem,
1533 2225 1620 2265 quod
1632 2225 1726 2255 resti-

289 2279 403 2317 inepta
424 2277 520 2306 foret.
565 2274 664 2305 Latet
685 2273 738 2303 hic
760 2272 881 2311 aliquid
902 2272 985 2310 vitii,
1028 2271 1094 2301 tuit
1122 2270 1281 2306 Graevius,
1308 2279 1374 2300 non
1399 2269 1589 2299 necessario.
1632 2267 1724 2297 Lati-

290 2319 376 2358 quod
390 2318 506 2348 tollere
521 2326 587 2346 non
601 2325 730 2356 possum
741 2313 875 2353 liquido.
899 2315 986 2346 Con·
1029 2313 1101 2342 nius
1115 2317 1165 2342 est
1179 2322 1278 2351 quam
1293 2312 1343 2342 illi
1362 2312 1487 2348 tubam,
1511 2318 1609 2348 qnam
1630 2317 1724 2348 quem

288 2362 352 2397 ieci
376 2359 568 2397 aliquando:
592 2358 675 2397 quod
688 2358 715 2387 si
730 2356 810 2386 mihi
824 2366 911 2386 nune
931 2357 985 2386 de·
1027 2356 1079 2385 illi
1092 2355 1215 2384 tubam.

284 2393 381 2433 'mum
403 2400 457 2442 egffl
492 2399 586 2439 quale
611 2398 688 2438 quid
713 2398 883 2437 requirunt
908 2397 983 2428 illa:
1070 2397 1106 2427 61
1127 2395 1310 2436 Eppuleiae]
1330 2393 1400 2426 Etsi
1414 2402 1533 2423 nomen
1545 2392 1607 2422 hoe
1623 2401 1724 2431 agno-

286 2449 407 2476 veteres
422 2444 501 2474 mihi
516 2450 583 2472 nec.
1029 2447 1084 2468 sco
1098 2437 1283 2468 Romanum
1297 2449 1305 2467 ε
1329 2442 1442 2467 tamen
1460 2435 1511 2465 hic
1531 2433 1641 2464 malim
1657 2434 1724 2472 Ap-

332 2489 372 2520 57
401 2485 525 2516 Cimber
542 2482 671 2521 Tillius]
692 2482 764 2512 Hoc
779 2489 903 2517 verum,
921 2490 987 2511 non
1022 2481 1153 2520 puleioe,
1177 2480 1262 2518 quod
1283 2483 1332 2509 est
1354 2480 1387 2508 in
1409 2478 1472 2508 Ms.
1496 2485 1579 2506 me0.
1603 2476 1636 2505 in
1653 2475 1724 2505 edd.

293 2527 434 2565 Tullius,
451 2531 487 2557 ut
499 2526 596 2565 vulgo
611 2528 672 2555 est.
689 2529 722 2553 et
734 2527 783 2553 est
794 2522 856 2553 hoc
869 2523 986 2553 vitium
1029 2532 1079 2562 pr.
1096 2522 1162 2551 fere
1176 2522 1315 2560 Apuliae,
1331 2520 1383 2550 ed.
1401 2519 1488 2549 Med.
1505 2517 1638 2564 Epulioj
1653 2518 1711 2547 ἃς.

289 2571 325 2601 in
347 2570 494 2610 pluribus
516 2568 605 2598 libris
626 2565 721 2597 hodie
743 2569 937 2595 correctum.
954 2574 983 2594 ν.
1069 2563 1109 2595 69
1126 2561 1452 2602 putavi—perscribi]
1479 2559 1574 2590 Patet
1589 2558 1724 2588 cuilibet

288 2613 381 2645 Clav.
407 2611 448 2642 ln
463 2610 527 2642 Ms.
551 2610 614 2640 Gu.
634 2612 684 2639 est
697 2607 800 2644 illius,
823 2606 932 2647 elapsa
945 2606 985 2637 li·
1027 2605 1072 2642 id,
1089 2604 1174 2643 quod
1190 2605 1318 2634 monuit
1334 2603 1524 2635 Lambinus,
1537 2600 1721 2631 addendum

289 2659 363 2685 tera
378 2654 493 2694 prima.
1027 2656 1094 2678 esse
1109 2650 1267 2685 oportere:
1289 2649 1328 2675 ut
1349 2649 1382 2675 et
1404 2644 1551 2680 fecimus,
1574 2641 1630 2672 sed
1643 2651 1720 2671 cum

330 2699 370 2728 58
392 2705 492 2736 quam
512 2694 589 2734 quia
607 2691 683 2732 &c.]
707 2701 750 2722 sc.
767 2690 979 2720 necessariam
1024 2694 1113 2719 nota.

286 2738 511 2778 rogationem:
555 2734 658 2766 malui
699 2738 812 2764 tamen
854 2741 981 2772 semper
1065 2731 1104 2761 63
1133 2731 1308 2769 explorate
1332 2737 1418 2768 spem
1445 2725 1573 2765 salutis]
1612 2725 1672 2755 Est
1702 2735 1721 2754 a

285 2789 380 2820 quom,
410 2789 450 2810 ne
479 2777 576 2809 nimis
603 2777 755 2816 frequens
791 2774 834 2804 sit
869 2783 979 2814 quam.
1023 2771 1194 2803 Gebbardo
1208 2771 1242 2801 in
1255 2771 1464 2805 Gruteriana,
1477 2777 1672 2808 quamquam
1686 2772 1721 2796 et

287 2831 388 2862 nunc,
421 2822 497 2861 quia
527 2820 572 2851 sic
607 2818 712 2860 reperi
737 2818 772 2849 in
800 2816 851 2848 ed.
882 2814 979 2847 Rom.
1023 2814 1079 2846 alii
1100 2814 1145 2844 sic
1164 2813 1238 2845 libri
1253 2822 1314 2844 scr.
1338 2817 1370 2843 et
1394 2811 1464 2843 edd.
1487 2816 1525 2841 ut
1546 2812 1634 2844 1471.
1659 2818 1719 2839 nee
