1865 3223
374 114 376 117 ’
425 100 504 139 ΑΙ)
531 101 573 137 C.
594 96 898 137 MEMMIUM
924 96 998 133 ET
1024 95 1209 134 ALIOS.
1456 97 1534 132 349

110 214 193 257 tus,
213 213 270 257 te,
291 213 339 246 ut
358 218 471 245 meas
502 203 662 244 litteras
690 200 859 257 legeris,
892 199 1037 241 statim
1068 196 1415 253 procuratoribus
1444 199 1531 240 suis

141 263 348 305 ollicitum
371 275 461 302 esse
483 259 652 302 omnia:
685 259 820 298 multo
847 271 944 298 vero
966 255 1087 311 plura
1115 263 1159 294 et
1181 258 1345 309 maj0ra
1364 253 1531 297 fecisse.

105 279 157 361 fd
181 320 312 376 igitur
330 323 454 374 (puto
475 317 588 359 enim
610 315 739 355 etiam
759 325 887 369 atque
905 313 1034 354 etiam
1054 310 1159 353 mihi
1176 310 1403 351 dicendum
1423 314 1532 363 esse)
1545 330 1576 361 p.
1591 321 1664 353 216.

111 376 235 417 velim
259 376 494 424 existimes,
522 371 628 413 mihi
668 382 708 412 te
742 370 892 412 fecisse
923 369 1228 426 gratissimum.
1289 367 1418 413 Quod
1441 371 1578 424 qui-³*

108 428 206 473 dem
240 432 321 474 hoc
352 429 645 472 vehementius
674 428 811 479 laetor,
839 428 954 484 quod
977 441 1030 468 ex
1055 426 1148 482 ipso
1172 423 1388 465 Mescinio
1412 434 1453 465 te
1477 426 1540 466 vi·

108 489 189 530 deo
211 502 407 546 magnam
441 495 667 542 capturum
701 485 982 541 voluptatem.
1043 482 1122 524 Est
1151 481 1266 523 enim
1296 481 1344 536 in
1371 494 1421 522 co
1441 496 1541 524 cum

111 547 260 597 virtus,
283 555 325 586 et
348 543 553 600 probitas,
575 552 617 584 et
650 556 864 584 summum
894 542 1102 591 officium,
1124 551 1375 594 summaque
1396 537 1544 581 obser-

110 603 280 643 vantia:
314 610 404 642 tum
424 601 564 641 studia
594 599 665 640 illa
696 609 855 649 nostra,
879 598 1034 654 quibus
1057 606 1182 638 antea
1208 595 1543 647 delectabamur,

106 673 222 700 nunc
243 659 372 699 etiam
392 657 590 698 vivimus.
651 656 782 702 Quod
805 656 1013 711 reliquum
1037 664 1115 705 est,
1138 652 1265 694 velim
1291 667 1448 708 augeas
1469 665 1544 694 tua

110 716 153 756 in
192 729 290 756 eum
333 714 542 755 beneficia
577 715 776 755 omnibus
820 714 959 763 rebus,
998 727 1094 768 qua:
1135 720 1175 751 te
1215 718 1339 751 crunt
1381 710 1543 766 dignae.

111 773 153 802 60
168 771 249 812 Sed
274 771 359 812 duo
383 771 555 827 quidem
580 780 620 811 te
643 771 898 812 nominatim
922 784 1052 826 rogo:
1077 769 1278 825 primum,
1299 776 1362 818 ut,
1386 767 1418 808 si
1439 767 1544 823 quid
1564 791 1568 793 λ

108 829 402 870 satisdandum
427 828 521 878 erit,
548 841 766 869 AMPLms
794 841 855 868 Eo
883 839 1088 869 >comme
1124 839 1227 867 NON
1255 837 1384 875 PETI,
1406 838 1544 876 cures,

108 894 157 925 ut
179 886 407 926 satisdetur
431 885 512 926 fide
534 899 643 925 mea.
706 884 888 936 Deinde,
913 899 1008 925 cum
1039 883 1126 924 fere
1148 882 1354 924 consistat
1376 881 1545 923 heredi-

111 951 175 983 tas
200 943 241 984 in
267 943 316 982 iis
338 942 476 993 rebus,
502 956 606 997 quas
630 943 784 983 avertit
809 941 967 997 Oppia,
990 955 1086 995 quae
1117 954 1229 981 uxor
1251 938 1412 980 Mindii
1436 939 1543 981 fuit:

109 999 302 1054 adjuves,
336 999 538 1053 ineasque
560 998 785 1050 rationem,
819 997 1182 1053 quemadmodum
1208 1011 1258 1037 ea
1279 996 1432 1037 mulier
1454 996 1546 1037 Ro-

108 1069 222 1096 mam
254 1056 526 1112 perducatur.
588 1056 755 1102 Quodsi
784 1056 944 1111 putarit
975 1054 1047 1096 illa
1078 1054 1183 1104 fore,
1205 1062 1254 1094 ut
1285 1053 1435 1109 opinio
1466 1068 1545 1094 no-

111 1123 197 1152 stra
215 1124 293 1163 est,
316 1113 539 1168 negotium
562 1112 855 1153 conficiemus.
919 1111 1019 1153 Hoc
1041 1121 1089 1151 ut
1109 1125 1398 1165 assequamur,
1418 1120 1460 1151 te
1474 1124 1546 1152 ve-

111 1168 334 1210 hementer
354 1170 481 1210 etiam
517 1178 646 1224 atque
669 1169 798 1209 etiam
822 1183 944 1224 rogo.
1005 1168 1132 1218 Illud,
1154 1168 1268 1223 quod
1293 1182 1420 1223 supra
1441 1168 1545 1209 scri-

112 1227 193 1282 psi,
215 1227 251 1256 6¹
269 1227 310 1268 id
335 1227 376 1267 in
402 1241 467 1267 me
487 1227 663 1276 recipio,
697 1235 738 1266 te
768 1240 832 1276 ea,
864 1240 961 1280 quae
998 1225 1138 1266 fecisti
1174 1225 1379 1265 Mescinii
1401 1239 1545 1275 causa,

110 1297 293 1338 quaeque
326 1283 492 1334 feceris,
522 1278 586 1323 ita⁴
605 1283 713 1323 bene
735 1282 1059 1331 collocaturum,
1083 1290 1129 1322 ut
1152 1281 1243 1336 ipse
1258 1281 1445 1335 judices,
1466 1282 1546 1322 ho-

110 1340 216 1380 mini
260 1349 300 1380 te
333 1339 592 1394 gratissimO,
626 1338 946 1394 jucundissimo
986 1339 1173 1394 benigne
1205 1338 1372 1379 fecisse.
1435 1337 1546 1379 Volo

114 1396 244 1446 euim,
267 1397 319 1437 ad
342 1396 400 1447 id,
422 1396 538 1451 quod
570 1410 666 1436 mea
697 1410 826 1437 causa
858 1395 1015 1447 fecisti,
1052 1395 1136 1436 hoc
1167 1396 1298 1436 etiam
1330 1395 1547 1437 accedere.

111 1451 205 1493 Nec
227 1452 578 1494 Lacedaemonios
597 1452 795 1492 dubitare
817 1452 1016 1503 arbitror,
1049 1452 1154 1507 quin
1189 1452 1270 1508 ipsi
1303 1467 1379 1493 sua
1408 1452 1549 1507 majo-

109 1522 290 1565 rumque
325 1523 499 1550 suorum
532 1509 789 1550 auctoritate
823 1510 924 1549 satis
955 1509 1245 1550 commendati
1279 1509 1363 1550 sint
1385 1509 1485 1550 fidei
1504 1519 1549 1551 et

104 1565 292 1621 justitiae
316 1575 427 1607 tuae:
459 1575 503 1607 et
521 1580 617 1622 ego,
641 1567 713 1621 qui
738 1576 778 1606 te
797 1567 961 1622 optime
981 1567 1210 1617 novissem,
1229 1581 1316 1607 non
1334 1566 1548 1618 dubitavi,

111 1623 216 1678 quin
239 1622 318 1664 tibi
338 1623 562 1664 notissima
583 1631 625 1663 et
640 1624 742 1677 jura
763 1632 806 1663 et
828 1624 981 1665 merita
1004 1622 1260 1680 populorum
1275 1632 1429 1664 essent.
1458 1621 1548 1665 Ita-

108 1690 192 1734 qtre
214 1679 361 1721 cum'a
380 1690 635 1735 mepeteret
663 1679 890 1736 Philippus
926 1680 1294 1731 Lacedaemonius,
1317 1689 1365 1721 ut
1385 1681 1465 1732 tibi
1485 1681 1549 1721 ci·

110 1737 289 1777 vitatem
321 1737 691 1778 commendarem:
724 1738 804 1777 etsi
835 1737 1128 1788 memineram,
1151 1739 1192 1769 62
1206 1751 1273 1777 me
1307 1738 1347 1778 ei
1379 1737 1549 1779 civitati

109 1794 257 1834 omnia
293 1793 488 1842 debere:v
507 1803 650 1834 tamen
692 1794 906 1850 respondi,
938 1794 1314 1835 commendatione
1345 1794 1549 1836 Lacedae-

111 1850 279 1891 monios
300 1851 415 1906 apud
440 1860 482 1891 te
504 1865 590 1891 non
609 1864 750 1906 egere.
811 1850 966 1906 Itaque
988 1851 1049 1892 sic
1074 1851 1198 1893 velim
1220 1851 1457 1903 existimes,
1479 1865 1549 1893 me

109 1919 258 1948 omnes
293 1907 472 1949 Achaiae
504 1908 701 1948 civitates
735 1908 946 1960 arbitrari,
986 1923 1064 1964 pro
1104 1907 1260 1949 horum
1302 1917 1545 1965 temporum
1559 1919 1590 1950 b.

110 1964 435 2019 perturbatione
457 1964 617 2015 felices,
642 1965 756 2020 quod
788 1964 854 2005 his
894 1973 939 2005 tu
973 1965 1146 2021 praesis:
1178 1965 1448 2021 eundemque
1480 1979 1568 2020 me⁴

111 2020 395 2076 it'ajudicare,
419 2030 475 2072 te,
489 2021 603 2076 quod
626 2035 736 2062 unus
758 2022 923 2077 optime
942 2036 1102 2074 nosses,
1118 2036 1204 2063 non
1225 2032 1374 2063 nostra
1395 2022 1550 2074 solum,

111 2077 184 2119 sed
217 2078 348 2118 etiam
382 2077 567 2119 Graeciae
605 2088 886 2120 monumenta
907 2079 1068 2131 omnia,
1091 2088 1166 2120 tua
1187 2088 1341 2135 sponte
1362 2081 1551 2121 amicum

112 2133 452 2176 Lacedae'rnoniis
471 2143 514 2175 et
535 2149 626 2176 esse
647 2142 690 2176 et
711 2134 818 2176 fore.
879 2136 1025 2183 Quare
1045 2146 1214 2178 tantum
1236 2152 1261 2178 a
1285 2146 1328 2177 te
1349 2146 1465 2193 peto,
1487 2147 1550 2189 ut,

109 2203 208 2232 curn
231 2206 282 2232 ea
301 2191 432 2232 facies
455 2191 884 2234 Lacedaemoniorum
917 2207 1058 2244 causa,
1081 2208 1178 2249 quae
1214 2201 1288 2234 tua
1309 2193 1431 2246 fides,
1460 2208 1551 2236 am-

112 2248 295 2303 pistudo,
321 2248 496 2304 justitia
558 2249 741 2291 ostulat:
773 2259 821 2290 ut
851 2249 935 2302 his,
969 2250 1003 2291 si
1033 2250 1114 2292 tibi
1148 2250 1380 2302 videbitur,
1414 2251 1551 2308 signi-

109 2305 227 2356 fices,
250 2314 292 2346 te
325 2320 410 2346 non
447 2262 627 2347 moieste
654 2305 778 2357 ferre,
811 2307 929 2362 quod
955 2307 1184 2364 intelliga5‚
1207 2322 1257 2349 ea
1279 2323 1377 2364 quae
1400 2307 1550 2359 facias,

107 2361 215 2403 mihi
237 2376 410 2418 quoque
431 2373 554 2418 grata
571 2377 675 2404 esse.
738 2362 935 2405 Pertinet
954 2365 1069 2406 enim
1092 2366 1144 2406 ad
1175 2364 1366 2407 officium
1390 2379 1549 2416 meum,

107 2424 180 2460 eos
203 2420 466 2471 existimare,
488 2429 602 2462 curae
625 2420 733 2461 mihi
755 2435 850 2462 suas
873 2436 938 2463 res
966 2418 1072 2464 esse.
1134 2421 1235 2465 Hoc
1257 2431 1300 2464 te
1323 2422 1550 2465 vehemen-

109 2481 174 2516 ter
195 2476 326 2518 etiam
348 2487 478 2534 atque
498 2478 629 2518 etiam
652 2487 774 2534 rogo,

150 2583 192 2614 60
215 2583 281 2615 Sed
300 2586 363 2616 duo
378 2586 507 2625 quidem
521 2586 566 2626 te]
592 2587 721 2626 quidem
737 2586 797 2618 ha·
849 2587 952 2618 edidit
965 2587 1002 2618 id
1013 2588 1167 2629 confirmo
1187 2588 1224 2618 in
1244 2597 1356 2627 meque
1374 2597 1439 2618 rec.
1451 2592 1490 2619 ut
1505 2597 1540 2621 se

110 2625 190 2656 bent
205 2625 269 2657 Ms.
284 2636 388 2665 meus,
404 2628 469 2659 Gu.
499 2631 527 2660 Ι.
553 2631 585 2661 2.
610 2629 703 2660 Gurl.
722 2628 796 2660 edd.
849 2630 885 2660 in
901 2629 991 2661 libris
1006 2632 1161 2671 reperisse
1176 2630 1257 2660 dixit
1274 2629 1512 2662 P.-Manutius.

107 2677 157 2707 pr.
172 2672 207 2698 et
229 2667 387 2707 Graevius,
411 2680 469 2710 pro
485 2680 549 2710 quo
574 2672 609 2702 in
631 2671 702 2702 edd.
725 2671 796 2711 qui·
891 2672 934 2704 62
954 2681 1008 2703 me
1027 2674 1057 2702 ei
1076 2673 1204 2703 civitati
1219 2673 1328 2702 omnia
1341 2672 1467 2712 debere]
1491 2683 1538 2706 sc.

106 2709 255 2746 busdam,
269 2715 309 2741 ut<
323 2710 468 2749 Gruter-i,
485 2713 570 2744 maie
585 2722 666 2753 quoe.
849 2714 956 2746 officia
965 2727 987 2747 a>
1000 2723 1120 2752 nempe
1132 2718 1266 2755 propter
1278 2715 1347 2754 ejus
1361 2715 1542 2755 antiquita·

148 2752 186 2782 61
211 2752 247 2782 id
272 2753 308 2782 in
332 2763 384 2783 me
405 2755 538 2794 recipio]
563 2756 617 2787 Sic
635 2755 701 2787 Gu.
722 2759 748 2787 l.
764 2759 795 2787 2.
848 2762 918 2787 tem
932 2761 967 2788 et
982 2757 1182 2792 claritatem,
1205 2765 1276 2795 quae
1293 2756 1380 2796 apud
1394 2758 1540 2789 eruditos

105 2792 178 2824 edd.
193 2803 241 2834 pr.
284 2793 349 2824 Alii
362 2794 436 2826 libri
450 2797 592 2834 variant,
602 2802 653 2835 ut,
664 2798 702 2828 id
710 2798 798 2831 illud
848 2798 998 2830 homines
1011 2799 1096 2829 solet
1110 2799 1229 2830 valere.
1254 2797 1342 2828 Hinc
1354 2799 1441 2833 infra
1451 2810 1538 2832 com·

106 2835 165 2866 ἃς.
209 2835 372 2868 Victorius
385 2838 423 2868 id
433 2838 468 2868 in
483 2848 603 2880 meque.
647 2839 795 2871 Graevius
850 2845 1012 2875 memorat
1027 2846 1244 2874 monumenta
1257 2840 1403 2875 Graeciae.
