1817 3196
285 73 334 109 13
670 69 851 109 EPIST.
878 67 1063 108 LIBER
1095 67 1323 108 PRIMUS

284 172 441 215 sentire
462 188 547 215 non
578 188 778 230 possum:
811 188 948 228 neque
970 172 1010 214 id
1039 172 1166 223 facio,
1189 181 1236 213 ut
1258 171 1436 213 forsitan
1458 170 1716 226 quibusdam

284 231 443 282 videar,
466 230 751 272 simulatione.
784 240 950 272 tantum
973 230 1087 270 enim
1110 230 1240 270 animi
1274 228 1465 269 inductio
1487 238 1530 268 ct
1551 226 1716 268 meher-

284 287 379 329 cule
407 302 525 328 amor
547 302 649 344 erga
680 287 936 342 Pompeium
965 285 1078 342 apud
1101 300 1168 325 me
1193 286 1317 335 valet,
1340 296 1401 335 ut,
1422 300 1518 340 quae
1544 284 1601 324 illi
1632 283 1716 333 uti-

284 345 342 386 lia
360 354 472 395 sunt,
491 355 533 385 et
554 360 650 400 qua>
674 343 741 384 ille
758 344 862 392 vult,
885 357 934 384 ea
956 342 1061 382 mihi
1081 343 1226 382 omnia
1241 342 1333 395 jam
1357 351 1399 382 et
1423 352 1536 382 recta
1554 351 1597 382 et
1619 354 1718 380 vera

285 402 524 442 videantur.
586 402 736 455 Neque
756 405 823 452 (ut
850 415 931 455 ego
950 399 1152 448 arbitror)
1181 407 1383 449 errarent,
1405 412 1458 438 ne
1488 396 1717 438 adversarii

283 459 457 513 quidem
479 458 586 514 ejus,
610 459 643 498 si
673 472 769 497 cum
796 471 914 512 pares
935 470 1027 496 esse
1059 470 1144 495 non
1178 464 1364 509 possent,
1385 468 1575 511 pugnare
1608 453 1719 493 desi-

285 524 459 556 sterent.
522 514 598 555 Me
616 514 786 569 quidem
811 513 939 554 etiam
971 512 1041 552 illa
1063 526 1126 552 res
1156 512 1413 562 consolatur,
1436 511 1549 567 quod
1580 524 1662 565 ego
1686 510 1720 549 is

286 587 394 622 sum,
413 572 482 612 cui
506 570 571 611 vel
590 571 777 611 maxime
795 569 1034 611 concedant
1056 583 1218 619 omnes,
1240 578 1288 609 ut
1321 569 1386 610 vel
1407 583 1456 609 ca
1476 567 1720 616 defendam,

285 643 382 683 quae
416 628 653 683 ‘Pompeius
683 628 799 677 velit,
822 626 887 667 vel
917 636 1096 676 taccam,
1120 624 1185 666 vel
1217 626 1362 674 etiam,
1391 625 1434 666 id
1466 625 1579 679 quod
1613 622 1720 664 mihi

284 685 474 726 maxime
506 685 638 735 lubet,
677 685 728 725 ad
768 695 912 725 nostra
949 698 1017 724 nie
1058 683 1198 723 studia
1239 681 1416 723 referam
1455 681 1718 722 litterarum:

284 742 401 797 quod
415 742 610 798 profecto
632 741 803 792 faciam,
822 741 856 781 si
877 739 981 781 mihi
1001 755 1074 796 per
1092 739 1283 794 ejusdem
1301 739 1533 780 amicitiam
1557 737 1720 778 licebit.

287 800 401 846 Quae
430 800 543 840 enim
566 798 787 854 proposita
809 797 977 838 fuerant
999 798 1138 846 nobis,
1161 811 1258 838 cum
1282 805 1325 837 ct
1361 795 1596 836 honoribus
1628 808 1719 835 am-

284 856 487 912 plissimis
509 865 552 896 et
579 856 797 896 laboribus
829 855 1030 896 maximis
1064 853 1277 910 perfuncti
1307 867 1509 902 essemus,
1530 851 1719 907 dignitas

284 913 330 954 in
353 913 575 954 sententiis
608 912 815 963 dicendis,
843 911 1016 952 libertas
1039 912 1081 952 in
1113 911 1332 967 republica
1354 908 1640 966 capessenda;
1671 922 1722 948 ea

285 970 454 1010 sublata
472 979 578 1021 tota,
602 970 673 1011 sed
696 983 774 1010 nec
796 969 901 1009 mihi
925 969 1077 1025 magis,
1098 983 1227 1023 quam
1251 967 1465 1008 omnibus.
1509 965 1622 1007 Nam
1646 973 1722 1005 aut

285 1027 604 1068 assentiendum
637 1036 701 1066 est
731 1025 846 1066 nulla
882 1039 979 1066 cum
1014 1025 1226 1080 gravitate
1259 1025 1421 1081 paucis»,
1451 1032 1526 1064 aut
1563 1021 1721 1063 frustra

284 1083 638 1125 dissentiendum.
700 1082 812 1123 Haee
845 1096 927 1138 ego
960 1081 1012 1122 ad
1048 1093 1089 1121 te
1122 1082 1179 1122 ob
1214 1095 1307 1121 eam
1337 1095 1506 1122 causam
1531 1079 1720 1119 maxime

284 1141 441 1192 scribo,
465 1149 511 1181 ut
526 1140 616 1195 jam
642 1140 694 1180 de
717 1148 791 1180 tua
812 1153 982 1194 quoque
1003 1138 1167 1179 ratione
1189 1137 1407 1179 meditere.
1443 1137 1722 1177 commutata

285 1206 378 1238 tota
399 1197 507 1238 ratio
528 1206 592 1238 est
614 1207 799 1246 senatus,
814 1196 1095 1251 judiciorum,
1119 1195 1176 1235 rei
1209 1194 1341 1235 totius
1362 1193 1563 1250 publicae.
1585 1193 1723 1233 otium

283 1254 410 1295 nobis
432 1254 726 1310 exoptandum
745 1261 834 1294 est:
873 1252 988 1307 quod
1019 1252 1063 1303 ii,
1085 1252 1158 1307 qui
1181 1251 1405 1308 potiuntur
1435 1264 1589 1299 rerum,
1612 1263 1722 1304 prae-

238 1312 272 1345 b·
286 1311 437 1354 staturi
458 1311 669 1361 videntur,
692 1310 725 1350 si
744 1309 916 1365 quidam
937 1309 1133 1350 homines
1155 1308 1386 1364 patientius
1401 1322 1549 1349 eorum
1571 1316 1722 1361 poten-

284 1368 390 1409 tiam
413 1368 522 1409 ferre
546 1367 779 1424 potuerint.
828 1366 1098 1422 Dignitatem
1121 1365 1294 1420 quidem
1317 1365 1431 1406 illam
1454 1363 1721 1406 consularem

285 1425 409 1466 fortis
445 1434 489 1465 et
526 1423 763 1466 constantis
803 1423 1024 1474 senatoris,
1065 1421 1172 1463 nibil
1206 1431 1271 1463 est
1307 1422 1422 1477 quod
1464 1421 1721 1477 cogitemus.

284 1484 440 1523 amissa
472 1490 551 1532 est,
573 1480 702 1536 culpa
722 1494 885 1531 eorum,
907 1479 980 1535 qui
1009 1495 1034 1520 a
1062 1489 1210 1520 senatu
1240 1488 1283 1519 et
1312 1479 1504 1519 ordinem
1538 1476 1721 1531 conjun-

283 1539 524 1579 ctissimum
559 1548 602 1579 et
630 1538 848 1578 hominem
882 1537 1165 1578 clarissimum
1199 1535 1562 1577 abalienaverunt.
1622 1533 1722 1584 Sed,

284 1604 334 1637 ut
355 1597 407 1637 ad
426 1610 489 1646 ea,
511 1610 608 1650 quae
631 1594 932 1649 conjunctiora
958 1595 1082 1634 rebus
1106 1593 1188 1634 tuis
1211 1603 1323 1643 sunt,
1347 1601 1564 1643 revertar3
1590 1590 1722 1631 Pom-

284 1653 431 1708 peium
463 1653 542 1693 tibi
577 1651 698 1692 valde
727 1651 912 1692 amicum
949 1665 1040 1691 esse
1073 1650 1281 1706 cognovi:
1322 1652 1361 1682 33
1375 1663 1425 1689 eo
1457 1659 1502 1690 tu
1533 1647 1723 1698 consule,

285 1719 495 1763 quantum
518 1724 600 1764 ego
634 1708 861 1764 perspicio,
885 1707 1044 1758 omnia,
1066 1722 1161 1762 quae
1187 1707 1315 1756 voles,
1348 1706 1590 1747 obtinebis:
1628 1705 1723 1759 qui-

286 1767 367 1807 bus
392 1767 435 1807 in
456 1767 580 1807 rebus
603 1780 670 1805 me
703 1766 784 1805 sibi
820 1765 887 1805 ille
906 1765 1084 1805 affixum
1110 1764 1312 1805 habebit:
1345 1777 1482 1818 neque
1504 1777 1528 1803 a
1549 1776 1617 1803 me
1639 1760 1725 1802 ulla

286 1837 367 1873 τρε,
394 1838 489 1878 quae
511 1823 560 1864 ad
587 1832 627 1862 te
659 1822 884 1877 pertineat,
907 1821 1163 1877 negligetur,
1224 1821 1376 1875 Neque
1394 1820 1508 1860 enim
1532 1819 1725 1869 verebor,

286 1895 341 1920 ne
365 1881 443 1921 sim
467 1880 504 1920 ei
528 1879 746 1929 molestus,
769 1879 838 1919 cui
861 1878 1103 1933 ⁸jucundum
1124 1879 1218 1927 erit,-
1243 1878 1371 1918 etiam
1397 1886 1571 1932 propter
1593 1877 1635 1917 id
1659 1875 1723 1931 ip-

289 1952 397 1987 sum,
419 1937 532 1992 quod
557 1951 624 1977 me
646 1951 736 1977 esse
758 1945 929 1991 gratum
963 1935 1140 1976 videbit.
1199 1934 1265 1975 Tu
1289 1934 1414 1975 velim
1445 1934 1525 1975 tibi
1547 1935 1609 1975 ita
1630 1946 1726 1989 per-

288 1994 480 2045 suadeas,
522 1997 562 2025 34
577 1993 735 2034 nullam
777 2008 863 2033 rem
902 2007 992 2033 esse
1030 1992 1267 2042 minimam,
1307 2006 1403 2046 quae
1439 1991 1492 2031 ad
1550 2000 1591 2032 te
1630 2004 1725 2046 per-

289 2052 438 2101 tineat,
481 2066 577 2105 quae
621 2050 727 2091 mihi
770 2065 854 2090 non
909 2050 1046 2090 carior
1084 2049 1153 2100 sit,
1189 2063 1317 2103 quam
1357 2063 1464 2089 meae
1518 2063 1582 2088 res
1634 2061 1727 2088 om·-

286 2122 377 2148 nes.
416 2108 544 2163 idque
578 2123 676 2151 cum
712 2107 908 2156 sentiam,
942 2106 1165 2149 sedulitate
1197 2109 1237 2136 35
1251 2105 1449 2145 mihimet
1481 2105 1571 2160 ipse
1603 2104 1726 2145 satis-

289 2164 429 2205 facere
467 2180 656 2220 possum,
694 2179 736 2204 re
775 2163 948 2218 quidem
986 2163 1078 2218 ipsa
1109 2163 1205 2203 ideo
1233 2162 1339 2203 mihi
1374 2176 1459 2203 non
1493 2161 1726 2212 satisfaciO,

288 2222 403 2276 quod
432 2222 590 2263 nullam
614 2230 778 2277 partem
803 2230 971 2260 tuorum
995 2219 1259 2270 meritorum,
1282 2233 1368 2260 non
1391 2219 1520 2259 modo
1544 2219 1728 2261 referen-

290 2279 359 2329 da,
376 2279 448 2319 sed
466 2294 518 2319 ne
534 2277 767 2334 cogitanda
787 2277 960 2333 quidem
983 2277 1136 2333 gratia,
1158 2276 1362 2331 consequi
1382 2290 1571 2332 possum.
1616 2275 1727 2316 Rem

292 2345 336 2376 te
358 2335 480 2376 valde
501 2337 608 2376 bene
627 2334 806 2390 gessisse
829 2348 972 2375 rumor
1000 2342 1106 2375 erat.
1167 2333 1543 2389 Exspectabantur
1573 2333 1727 2374 litterae

292 2402 402 2434 tuae:
434 2392 486 2434 de
508 2393 663 2447 quibus
696 2406 862 2432 eramus
885 2391 979 2446 jam
1011 2405 1108 2432 cum
1138 2390 1347 2445 Pompeio
1377 2389 1540 2430 locuti·
1572 2404 1669 2444 quae
1693 2388 1727 2430 si

290 2457 415 2490 erunt
434 2449 586 2499 allatre,
606 2458 798 2490 nostrum
822 2449 1010 2490 studium
1033 2448 1223 2488 exstabit
1245 2447 1287 2487 in
1309 2447 1615 2489 conveniendis
1637 2460 1728 2487 ma-

289 2506 540 2562 gistratibus
559 2516 602 2546 et
624 2505 906 2547 senatoribus,
967 2504 1136 2556 Cetera,
1158 2518 1253 2560 quae
1278 2504 1329 2544 ad
1360 2513 1402 2544 te
1436 2504 1728 2559 pertinebunt,

330 2638 370 2665 33
393 2639 423 2665 et
438 2645 472 2666 eo
495 2639 532 2665 tu
546 2634 686 2673 consule]
705 2639 735 2665 ee
759 2639 847 2665 recte
869 2634 987 2666 delevit
1072 2637 1112 2664 35
1139 2633 1285 2664 mihimet
1306 2633 1372 2672 ipse
1397 2643 1422 2662 s.
1436 2631 1489 2672 s.]
1514 2633 1623 2671 Frigct
1648 2633 1729 2672 ipse,

287 2677 445 2708 Gra-vius.
1030 2676 1212 2716 praesertim
1225 2685 1300 2705 cum
1316 2685 1390 2704 mox
1402 2675 1521 2705 iterum
1537 2676 1580 2705 sit
1593 2676 1674 2714 ipsa.
1692 2675 1731 2705 li-

330 2721 371 2749 34
392 2721 520 2749 nullam
539 2727 610 2749 rem
629 2727 692 2748 esse
707 2717 894 2757 minimam]
919 2717 987 2748 Aut
1029 2717 1154 2748 brarius
1180 2717 1307 2757 putavit
1323 2718 1468 2747 mihimet
1492 2717 1561 2747 sinu
1578 2716 1638 2747 hoc
1653 2720 1726 2756 pro-

287 2762 341 2790 vel
350 2760 545 2797 addendum,
559 2765 617 2792 aut
630 2760 831 2793 mximam.-
853 2769 930 2793 nam
941 2761 987 2793 sic
1029 2760 1162 2790 nomine
1185 2769 1252 2789 non
1274 2759 1347 2788 dici.
1379 2759 1443 2789 Ms.
1468 2765 1579 2789 noster
1603 2763 1636 2789 et
1661 2758 1732 2789 Gn.-

288 2810 415 2844 semper
429 2803 554 2835 Cicero.
779 2833 783 2837 ,
1028 2800 1100 2835 edd.
1116 2811 1165 2844 pr.
1180 2800 1328 2841 quaedam
1344 2802 1490 2834 mihimet
1503 2802 1576 2844 ψεῖ.
1591 2800 1688 2832 male.
1729 2821 1735 2826 ·
