1865 3223
417 111 497 149 AD
523 109 904 150 c.MEMM1UM
928 109 1007 147 ET
1033 110 1217 149 ALIOS.
1461 116 1537 155 378

111 227 360 269 cognosces,
422 213 540 257 Huic
560 229 641 271 ego
663 212 962 255 tantummodo
982 213 1146 254 aditum
1173 214 1225 255 ad
1247 224 1364 256 tuam
1385 215 1536 271 cogni-

114 269 275 310 tionem
292 271 506 325 patefacio
518 281 561 313 et
574 271 746 312 munio:
769 271 1009 326 cognitum,
1024 283 1098 326 per
1120 279 1162 310 te
1180 270 1334 324 ipsum,
1352 286 1447 326 quae
1463 284 1536 311 tua

108 337 260 367 natura
287 337 365 377 est,
387 328 563 384 dignum
598 337 671 368 tna
705 327 896 368 amicitia
927 336 1055 382 atque
1086 326 1275 382 hospitio
1300 328 1534 381 judicabis,

108 381 216 423 Peto
239 383 371 439 igitur
392 400 416 426 a
436 394 491 435 te,
513 393 574 435 ut,
598 385 662 426 his
692 384 844 426 litteris
876 384 1010 434 lectis,
1033 383 1212 439 recipias
1233 397 1330 423 eum
1353 385 1393 425 in
1418 395 1533 425 tuam
1547 394 1578 423 P·
1595 386 1665 414 232.

108 438 261 491 fi‹le1n;
295 441 532 496 polliceare,
562 442 708 483 omnia
738 451 780 483 te
813 440 1027 482 facturum
1057 454 1152 482 mea
1172 454 1313 481 causa.
1376 440 1441 480 De
1472 435 1576 481 νεῖ-λ·

105 494 238 550 liquo,
272 499 320 548 si,
353 497 395 538 id
427 498 540 552 quod
573 499 759 549 confido,
781 499 872 539 fore
899 499 1078 554 dignum
1108 511 1205 538 eum
1241 505 1314 537 tua
1347 497 1538 537 amicitia

107 550 380 614 hospitioque
400 557 654 611 cognoveris
673 573 681 597 :
717 564 831 611 peto,
854 565 900 596 ut
922 569 1018 595 eum
1048 554 1347 610 complectare,
1369 553 1537 608 diligas,

106 622 150 648 ιη
174 611 255 650 tuis
279 610 448 652 habeas.
510 610 604 653 Erit
627 613 669 653 id
694 612 798 653 mihi
824 612 1032 667 majorem
1065 611 1108 652 in
1141 610 1317 651 modum
1352 620 1537 666 gratum.

107 663 225 706 νῶθ’
624 723 1024 762 ARGUMENTUM.
1548 732 1603 774 79

327 787 453 824 Caium
471 793 505 825 et
524 788 693 825 Marcum
710 789 884 831 Avianos,
893 787 1050 837 fratres,
1071 787 1308 823 commendat.

292 852 359 895 M.
382 853 432 895 T.
458 854 509 896 C.
540 854 828 906 ALLIENO,
854 853 1111 896 PROCOS.
1144 853 1188 894 S.
1213 852 1263 894 P.
1291 851 1347 894 D.

106 907 196 961 ΕΤ
218 930 258 962 te
281 922 388 963 scire
408 923 607 974 arbitror,
628 924 776 978 quanti
801 922 974 964 fecerim
1000 922 1051 964 C.
1066 920 1282 961 Avianum
1308 919 1535 961 Flaccum:

102 985 145 1016 et
182 992 264 1034 ego
296 993 350 1019 ex
392 979 486 1035 ipso
522 981 754 1032 audieram,
787 980 953 1036 optimo
989 989 1032 1020 et
1064 978 1308 1034 gratissimo
1347 976 1537 1022 homine,

101 1047 230 1087 quam
263 1049 288 1075 a
310 1044 350 1076 te
382 1035 612 1078 liberaliter
641 1047 751 1078 esset
780 1046 1002 1078 tractatus.
1065 1035 1170 1090 Ejus
1192 1034 1302 1075 filios
1334 1033 1537 1088 dignissi-

100 1103 194 1131 mos
216 1090 287 1132 illo
310 1103 443 1148 patre,
466 1107 668 1150 meosque
699 1094 972 1144 necessarios,
995 1107 1102 1148 quos
1124 1106 1206 1147 ego
1230 1091 1354 1132 unice
1385 1089 1535 1145 diligo,

99 1149 355 1190 commendo
395 1150 474 1191 tibi
506 1151 581 1202 sic,
613 1161 660 1192 ut
694 1151 859 1206 majore
892 1150 1033 1191 studio
1064 1148 1200 1189 nullos
1232 1146 1534 1188 commendare

100 1204 276 1259 possim.
337 1205 389 1247 C.
411 1206 604 1248 Avianus
631 1209 674 1248 in
698 1207 845 1249 Sicilia
866 1216 944 1248 est.
1005 1205 1182 1247 Marcus
1204 1214 1268 1245 est
1291 1204 1533 1244 nobiscum.

101 1260 162 1302 Ut
183 1261 292 1303 illius
313 1263 571 1319 dignitatem
592 1264 816 1320 praesentis
838 1278 976 1312 orneS,
1006 1276 1095 1303 rem
1131 1262 1353 1315 utriusque
1385 1259 1534 1300 defen-

99 1317 188 1368 das,
224 1329 264 1360 te
296 1333 416 1376 roge.
478 1319 578 1362 Hoc
613 1321 719 1362 mihi
755 1321 918 1377 gratius
942 1320 982 1360 in
1024 1319 1105 1359 ista
1140 1317 1362 1374 provincia
1392 1315 1533 1358 facere

96 1373 205 1415 nihil
238 1385 373 1431 potes.
436 1375 572 1432 quue
604 1387 652 1418 ut
684 1376 831 1429 facias,
855 1387 898 1418 te
933 1375 1208 1417 vehementer
1238 1375 1370 1415 etiam
1403 1383 1533 1429 atque

97 1430 227 1472 etiam
250 1447 370 1488 rogo.
429 1433 550 1476 Vale.

335 1638 418 1692 M.
458 1639 765 1693 TULLII
819 1637 1291 1694 CICERONIS

223 1749 1253 1820 EPISTOLARU
1314 1753 1383 1818 M

622 1874 830 1917 LIBER
872 1874 1003 1918 XIV.

783 1972 838 1996 AD

374 2052 843 2103 TERENTIAM
885 2051 1234 2099 UXOREM.

654 2187 930 2211 *-

600 2284 1002 2325 ARGUMENTUM.
1277 2273 1279 2275 ’
1532 2297 1548 2331 1

84 2354 141 2393 Ab
158 2353 260 2390 exule
283 2353 435 2401 scripta,
454 2350 629 2400 querula,·
659 2350 788 2386 deinde
812 2350 856 2385 de
879 2360 942 2397 spe
968 2348 1220 2388 restitutionis,
1239 2353 1419 2396 utcunque
1445 2350 1519 2385 ezi-

133 2403 469 2465 guardeja-milia,
489 2404 533 2440 de
546 2402 771 2451 pestilentia,
791 2401 939 2438 Plancii
955 2399 1097 2449 officii&
1117 2400 1262 2437 Pisonis
1281 2400 1520 2443 humanitate,

112 2457 382 2567 ’ἕξῖῗῗΙαῧέ
402 2519 734 2565 TERENTIAE
766 2519 914 2570 SUAE,
943 2517 1271 2561 TULLIOLAE
1306 2518 1454 2568 SUAE,

340 2597 343 2598 ⁷
495 2575 802 2620 CICERONI
834 2575 952 2618 SUO
984 2575 1029 2618 S.
1053 2574 1111 2617 D.

87 2636 186 2702 ET
214 2657 367 2700 litteris
403 2656 653 2706 multorum,
683 2663 727 2696 et
762 2667 956 2695 sermone
993 2652 1187 2694 omnium
1221 2650 1431 2706 perfertur
1464 2653 1518 2694 ad

84 2728 169 2767 me,
191 2713 484 2755 incredibilem
506 2722 624 2754 tuam
645 2711 850 2753 virtutem
866 2718 910 2752 et
931 2708 1229 2751 fortitudinem
1252 2721 1366 2749 esse:
1390 2718 1519 2764 teque

83 2785 164 2814 nec
185 2770 333 2822 animi,
354 2784 433 2812 nec
453 2769 646 2826 corporis
666 2768 886 2810 laboribus
907 2765 1152 2822 defatigari.
1189 2763 1268 2805 Me
1289 2764 1510 2807 miserum!

82 2838 141 2880 te,
162 2827 244 2869 ista
264 2827 439 2879 virtute,
456 2826 555 2879 fide,
578 2825 809 2884 probitate,
828 2823 1113 2874 humanitate,
1132 2821 1176 2862 in
1199 2828 1339 2864 tantas
1360 2835 1515 2864 aerum-

737 2895 765 2923 Β
788 2882 817 2922 b
838 2886 864 2923 3
