1865 3223
476 109 554 148 AD
579 110 621 147 C.
650 107 903 146 CASSIUM
932 106 1005 144 ET
1031 105 1218 143 ALIOS.
1478 109 1553 143 325

638 208 1038 249 ARGUMENTUM.
1565 207 1620 249 29

127 280 264 318 Lamia
279 283 426 330 negotia
444 281 691 318 commendat:
720 290 800 315 eum
825 282 1026 326 suspectum
1048 276 1239 325 Cornzficio
1267 279 1410 311 excusat
1428 275 1552 312 Hirtio

687 335 721 366 et
741 331 866 366 Pansa
885 341 991 366 coss.

355 414 422 456 M.
444 413 494 455 T.
518 413 570 454 C.
603 413 647 454 S.
672 413 722 454 P.
748 411 804 454 D.
837 412 894 459 Q.
918 408 1308 453 CORNIFICIO.

121 484 164 515 90
186 469 332 524 NON
364 481 491 523 modo
514 481 610 531 tibi,
637 481 705 522 cui
737 481 882 522 omnia
904 488 1049 521 nostra
1077 478 1301 519 notissima
1333 485 1445 526 sunt,
1475 476 1548 517 sed

120 539 334 580 neminem
358 539 399 579 in
425 537 583 594 populo
610 537 807 579 Romano
829 537 1013 578 arbitror
1032 549 1137 586 esse,
1161 535 1230 576 cui
1255 534 1308 575 sit
1332 534 1480 589 ignota
1501 547 1551 573 ea

121 595 401 645 familiaritas,
423 609 520 649 quae
543 594 648 636 mihi
671 609 768 636 cum
801 594 848 635 L.
883 593 1030 634 Lamia
1055 602 1134 633 est.
1195 590 1366 632 Etenim
1391 604 1550 645 magno

120 650 288 692 theatro
319 659 510 707 spectata
539 660 603 692 est
637 663 742 701 tum,
761 666 858 692 cum
889 661 953 691 est
983 650 1037 690 ab
1068 648 1123 689 A.
1161 647 1351 689 Gabinio
1376 645 1550 688 consule

119 707 344 764 relegatus,
366 708 480 763 quod
503 708 634 749 libere
655 717 698 749 et
720 707 888 749 fortiter
911 706 1089 747 salutem
1111 719 1248 746 meam
1275 703 1548 745 defendisset.

121 763 215 806 Nec
236 778 288 805 ex
311 778 363 805 eo
385 779 505 806 amor
528 765 637 806 inter
659 780 735 806 nos
759 775 881 805 natus
903 774 989 805 est:
1025 762 1095 804 sed
1117 762 1233 818 quod
1255 770 1345 802 erat
1364 769 1483 801 vetus
1505 771 1548 802 et
1559 775 1591 807 b.

116 835 313 877 magam,
331 832 556 877 propterea
570 821 729 863 nullum
745 820 978 877 periculum
999 835 1073 876 pro
1096 834 1163 860 me
1185 819 1300 859 adire
1318 818 1547 860 dubitavit.

117 874 187 919 Ad
209 877 302 919 haec
327 879 485 930 officia,
509 878 574 920 vel
600 879 750 920 merita
776 879 930 933 potius,
946 876 1262 933 jucundissima
1282 875 1548 917 consuetudo

117 935 299 983 accedit,
321 945 369 976 ut
398 935 513 976 nullo
542 949 711 991 prorsus
735 935 828 991 plus
853 934 1025 975 homine
1053 933 1252 974 delecter.
1313 931 1413 973 Non
1445 944 1548 987 puto

118 1000 162 1032 te
185 990 277 1047 jam
298 1002 562 1048 exspectare,
583 993 738 1047 quibus
768 1006 863 1032 eum
896 992 973 1032 tibi
1005 990 1143 1032 verbis
1177 992 1213 1023 9ι
1236 989 1548 1031 commendem.

115 1062 264 1089 causas
299 1048 414 1089 enim
448 1049 555 1090 tanti
586 1049 742 1090 amoris
767 1048 992 1104 intelligis:
1032 1063 1128 1103 quae
1158 1048 1287 1087 verba
1322 1046 1547 1098 desideret,

115 1103 168 1145 iis
190 1119 258 1146 me
279 1105 480 1146 omnibus
510 1121 632 1147 usum
663 1114 828 1162 putato.
888 1105 1074 1146 Tantum
1099 1102 1223 1145 velim
1254 1103 1488 1154 existimes,
1511 1103 1546 1143 si

115 1161 293 1217 negotia
334 1161 511 1214 Lamiae,
547 1173 856 1219 procuratoreS‚
888 1163 1080 1212 libertos,
1113 1159 1334 1211 familiam,
1370 1161 1547 1215 quibus-

116 1232 301 1274 cumque
325 1220 449 1260 rebus
479 1233 586 1275 opus
615 1220 711 1270 erit,
733 1218 987 1268 defenderis,
1010 1218 1172 1273 gratius
1203 1217 1309 1257 mihi
1340 1216 1546 1268 futurum,

114 1289 243 1330 quam
271 1276 304 1316 si
337 1290 388 1316 ea
422 1285 495 1318 tua
526 1275 756 1317 liberalitas
791 1275 1064 1331 pertinuisset
1092 1274 1144 1314 ad
1178 1287 1265 1314 rem
1291 1273 1546 1315 familiarem

113 1346 268 1373 meam.
329 1331 422 1374 Nec
446 1333 613 1383 dubito,
641 1332 743 1388 quin
775 1332 866 1373 sine
895 1346 990 1372 mea
1019 1329 1408 1380 commendatione,
1430 1331 1545 1385 quod

115 1399 236 1430 tuum
267 1397 332 1429 est
353 1388 644 1444 judicium'de
675 1388 936 1439 hominibus,
958 1388 1091 1444 ipsius
1123 1387 1284 1428 Lamiae
1307 1402 1435 1427 causa
1456 1398 1545 1427 stu-

112 1445 231 1486 diose
249 1446 394 1487 omnia
423 1445 613 1487 facturus
645 1446 726 1487 sis:
758 1459 1016 1501 quamquam
1039 1454 1129 1485 erat
1153 1444 1278 1484 nobis
1301 1444 1480 1494 dictum,
1502 1456 1544 1484 te

111 1502 372 1553 existimare,
395 1502 520 1544 alicui
552 1512 721 1543 senatus
743 1502 955 1552 consulto,
976 1502 1090 1557 quod
1115 1510 1265 1542 contra
1286 1501 1543 1556 dignitatem

111 1569 229 1600 tuam
252 1559 387 1610 fieret,
406 1559 631 1600 scribendo
655 1559 846 1600 Lamiam
870 1559 1066 1610 affuisse3
1099 1559 1171 1613 qui
1191 1558 1367 1599 omnino
1389 1573 1544 1599 consu-

107 1615 221 1657 libus
242 1616 324 1657 illis
345 1630 578 1671 numquam
601 1615 684 1657 fuit
706 1616 756 1657 ad
780 1616 1077 1657 scribendum:
1108 1615 1263 1656 deinde
1284 1616 1430 1655 omnia
1452 1625 1543 1655 tum

110 1672 217 1713 falsa
248 1682 418 1725 senatuis
447 1672 643 1714 consulta
669 1672 985 1714 deferebantur.
1045 1671 1140 1713 Nisi
1177 1670 1288 1712 forte
1320 1673 1448 1712 etiam
1483 1672 1541 1711 illi

107 1731 149 1763 92
167 1729 477 1785 Semproniano
507 1741 677 1785 senatus
709 1730 905 1771 consulto
942 1744 1009 1770 me
1041 1743 1187 1770 censes
1222 1728 1424 1770 affuisse:
1467 1730 1541 1785 qui

108 1800 162 1828 ne
193 1785 348 1827 Romae
378 1786 551 1842 quidem
590 1796 678 1827 tum
713 1786 791 1838 fui,
813 1787 949 1842 deque
978 1801 1028 1827 eo
1064 1785 1116 1826 ad
1142 1795 1184 1826 te
1215 1786 1380 1840 scripsi,
1404 1800 1447 1826 re
1478 1800 1541 1826 re-

107 1843 237 1886 centi.
299 1843 382 1884 Sed
409 1843 501 1885 liaec
533 1843 752 1885 hactenus.
812 1843 888 1894 Te,
918 1843 975 1884 mi
1006 1842 1229 1892 Cornifici,
1252 1843 1379 1883 etiam
1413 1853 1541 1898 atque

105 1901 234 1942 etiam
258 1914 380 1955 1‘0g0,
402 1910 450 1940 ut
481 1900 627 1941 omnia
661 1900 821 1941 Lamiae
854 1900 1042 1956 negotia,
1067 1914 1161 1940 mea
1189 1909 1310 1955 putes
1339 1913 1444 1951 esse,
1466 1915 1541 1941 cu·

105 1970 271 2012 resque,
301 1966 348 1997 ut
379 1956 605 2014 intelligat,
637 1957 746 1999 hanc
776 1957 1194 1998 commendationem
1235 1956 1427 1997 maximo
1459 1958 1540 1997 sibi

105 2015 202 2056 usui
232 2013 377 2055 fuisse.
438 2013 539 2056 Hoc
572 2014 676 2057 mihi
709 2015 872 2071 gratius
903 2014 1042 2056 facere
1076 2012 1182 2055 nihil
1211 2024 1348 2069 potes.
1410 2013 1540 2065 Cura,

104 2082 154 2113 ut
175 2071 328 2112 valeas.

618 2171 767 2208 ARGU
770 2171 960 2208 MENTI]
964 2171 1020 2209 M.
1549 2180 1606 2217 30

106 2239 300 2277 Silentium
334 2239 553 2281 litterarum,
580 2244 713 2287 praeter
740 2240 965 2287 litigantium
997 2240 1332 2281 commendationes,
1364 2244 1537 2278 excusat.-

156 2293 200 2327 de
227 2296 397 2327 renovato
427 2291 517 2326 bello
549 2291 697 2327 scribit:
736 2295 771 2327 et
806 2293 849 2327 de
879 2293 1057 2340 augustiis
1083 2294 1245 2340 pecuniae
1274 2291 1453 2340 publicae:
1494 2294 1538 2329 de

155 2343 349 2392 Dionysio,
369 2343 535 2384 Lucceio,
555 2348 590 2379 et
611 2343 761 2379 Calvisii
776 2344 916 2391 legatis.

144 2501 184 2532 90
209 2497 286 2528 Non
301 2499 393 2529 modo
407 2498 479 2538 tibi]
504 2499 562 2528 tibi
585 2508 652 2529 non
675 2508 794 2529 conve·
838 2498 942 2529 edidit
967 2500 1241 2536 commendarem,
1264 2500 1316 2530 cui
1337 2500 1424 2530 favet
1450 2509 1534 2530 com-

104 2539 155 2570 nit
185 2541 394 2578 sequentibus
428 2539 696 2572 constructione:
739 2540 795 2571 sed
838 2542 1037 2579 mendarim,
1054 2542 1141 2581 quod
1163 2542 1218 2572 alii
1243 2541 1315 2572 libri
1331 2541 1466 2578 habent,
1482 2548 1532 2572 et-

102 2590 200 2611 sensu
228 2587 354 2620 tamen,
380 2587 415 2613 et
441 2582 694 2622 intelligendum
725 2590 792 2612 est:
837 2583 902 2614 iam
927 2594 1028 2614 meus.
1072 2584 1296 2614 Commendem
1319 2583 1441 2614 habent
1459 2583 1532 2613 edd.

103 2632 167 2653 non
180 2624 270 2653 modo
280 2625 337 2655 tien·
350 2635 414 2655 non
425 2626 536 2663 ignota
545 2623 631 2664 ests
646 2634 696 2657 ea.
722 2626 794 2655 Ma·
837 2635 886 2665 pr.
911 2625 1007 2664 idque
1031 2626 1211 2656 necessario
1232 2635 1344 2655 verum
1369 2631 1430 2655 est.
1454 2635 1531 2655 nam

104 2674 166 2696 nus
187 2664 285 2694 docta
309 2666 344 2697 in
366 2666 515 2707 exemplo
533 2677 606 2699 meo
625 2667 678 2698 ed.
704 2669 793 2701 1471.
838 2669 994 2707 praecedit
1015 2678 1175 2709 praesens:
1199 2677 1263 2697 nvn
1279 2671 1361 2706 puto
1379 2671 1410 2697 te
1423 2676 1531 2706 exspe-

103 2707 245 2737 correxit
267 2711 318 2737 te.-
347 2708 402 2737 sed
424 2709 520 2739 nimis
544 2708 700 2748 languet:
731 2719 796 2740 non
838 2714 940 2740 ctare.

105 2749 196 2779 modo
211 2753 242 2778 te
255 2749 312 2790 (sc.
327 2749 407 2790 non)
425 2760 487 2780 esse
502 2752 658 2789 arbitror,
671 2752 727 2781 sed
741 2761 796 2781 ne·
880 2755 921 2785 92
939 2751 1174 2792 Semproniano
1191 2750 1218 2781 S
1224 2750 1292 2788 Cto]
1311 2750 1361 2780 De
1377 2751 1529 2790 Sempro-

105 2791 239 2820 minem.
837 2793 906 2830 nio,
923 2794 974 2832 cuj
981 2803 1018 2823 us
1030 2803 1128 2834 supra
1142 2793 1230 2824 facta
1243 2792 1380 2829 mentio,
1397 2793 1531 2833 ejusque

145 2835 182 2866 91
208 2832 440 2871 commendem]
458 2833 603 2864 Graevius
618 2844 634 2865 e
645 2833 712 2866 Ms.
727 2844 796 2865 uno
838 2834 1024 2866 commodo.

785 2882 861 2918 ΥΒ
