1865 3223
299 129 377 164 348
542 124 715 164 EPIST.
742 125 930 164 LIBER
955 122 1494 166 TERTIUSDECIMUS

813 229 1217 267 ARGUMENTUM.

303 293 453 330 Gratias
471 294 564 341 agit,
581 294 678 343 quod
695 294 877 331 Avianum
896 293 1201 329 commendatione
1217 304 1283 329 sua
1301 292 1498 329 liberaliter
1513 297 1703 333 tractasset
1716 308 1732 331 .-

734 356 884 392 eumque
901 346 1124 381 commendat
1143 347 1284 382 iterum.

721 410 956 452 CICERO
989 410 1215 452 SERVIO
1247 411 1291 453 S.

299 467 496 521 LICET
528 479 678 521 eodem
713 477 913 532 exemplo
942 478 1098 533 saepius
1122 477 1200 518 tibi
1223 477 1350 533 hujus
1373 477 1540 533 generis
1562 477 1726 520 litteras

296 536 482 586 mittam,
502 551 600 577 cum
623 535 782 591 gratias
802 547 942 590 agam,
957 534 1071 588 quod
1096 548 1209 574 meas
1225 535 1618 576 commendationes
1639 545 1727 578 tam

294 592 523 648 diligenter
540 593 764 632 observes:
796 591 931 646 (quod
954 589 1037 631 feci
1060 590 1102 630 in
1125 590 1232 640 aliis,
1254 599 1298 631 et
1319 591 1490 642 faciam,
1513 601 1559 632 ut
1581 590 1722 644 video,

293 650 496 705 saepius:)
527 651 565 680 58
580 649 652 690 sed
674 658 817 690 tamen
840 662 922 688 non
953 661 1123 704 parcam
1153 660 1310 702 operae,
1343 656 1386 687 et
1408 658 1455 689 ut
1477 663 1551 689 vos
1581 647 1727 689 soletis

292 707 337 746 in
369 705 580 756 formulis,
612 706 673 747 sic
707 719 790 759 ego
830 704 873 745 in
913 703 1104 759 epistolis
1138 703 1190 744 de
1224 703 1372 744 eadem
1403 717 1446 745 re
1467 704 1551 746 alio
1574 704 1720 746 modo.

293 761 345 803 C.
365 761 557 803 Avianus
580 763 712 819 igitur
732 761 1021 802 Hammonius
1048 760 1317 801 incredibiles
1342 758 1448 800 mihi
1471 761 1629 816 gratias
1648 775 1724 817 per

288 818 453 860 litteras
476 819 581 875 egit,
599 829 642 860 et
665 833 756 868 suo,
774 829 818 859 et
836 817 1001 859 AEmilii
1025 816 1197 867 Aviani,
1224 816 1395 873 patroni
1419 816 1498 867 sui,
1518 818 1718 860 nomine:

244 889 369 922 b‚nec
390 875 619 925 liberalius,
642 890 721 916 nec
743 874 1096 916 honorificentius
1135 874 1323 929 potuisse
1354 875 1541 924 tractari,
1572 889 1650 916 nec
1679 889 1724 916 se

288 941 561 988 praesentem,
581 946 660 974 nec
689 947 777 974 rem
815 931 1066 972 familiarem
1101 931 1290 971 absentis
1323 930 1491 986 patroni
1529 931 1607 971 sui.
1669 930 1721 973 Id

285 989 394 1030 mihi
415 1004 514 1030 cum
528 989 772 1045 jucundum
794 998 860 1030 est
880 1002 1024 1030 eorum
1054 1003 1196 1038 causa,
1217 1002 1324 1043 quos
1349 987 1427 1027 tibi
1449 1001 1532 1043 ego
1555 1001 1723 1030 summa

285 1046 611 1088 necessitudine?
631 1057 674 1088 et
696 1060 863 1087 summa
883 1045 1191 1100 conjunctione
1213 1044 1422 1085 adductus
1445 1043 1722 1086 commenda-

286 1117 445 1161 veram,
463 1103 578 1159 quod
601 1103 669 1145 M.
693 1102 895 1144 AEmilius
918 1117 1026 1143 unus
1058 1110 1124 1142 est
1154 1116 1209 1142 ex
1242 1101 1347 1142 meis
1376 1100 1718 1142 familiarissimis

286 1169 414 1216 atque
449 1160 627 1210 intimis,
659 1160 850 1202 maxime
884 1158 1147 1201 necessarius
1179 1158 1326 1209 homo,
1357 1167 1400 1198 et
1422 1158 1589 1214 magnis
1611 1158 1716 1200 meis

286 1217 506 1259 beneficiis
527 1217 769 1267 devinctus,
790 1225 834 1258 et
857 1231 988 1273 prope
1010 1215 1220 1267 omnium,
1242 1216 1313 1269 qui
1338 1213 1442 1255 mihi
1465 1214 1620 1256 debere
1641 1214 1719 1255 ali-

283 1275 388 1329 quid
411 1275 624 1326 videntur,
645 1274 938 1331 gratissimus:
971 1283 1059 1314 tum
1086 1271 1486 1327 multojucundius,
1505 1281 1548 1313 te
1565 1286 1656 1313 esse
1674 1271 1717 1313 in

284 1331 451 1372 metali
481 1331 716 1383 voluntate,
752 1339 801 1372 ut
839 1331 931 1387 plus
971 1330 1106 1386 prosis
1136 1330 1286 1370 amicis
1321 1329 1441 1379 meis,
1475 1343 1603 1384 quam
1633 1343 1716 1385 ego

283 1402 472 1443 praesens
505 1388 685 1429 fortasse
719 1388 986 1444 prodessem:
1019 1387 1161 1437 credo,
1190 1386 1305 1442 quod
1328 1386 1472 1440 magis⁴
1486 1400 1568 1442 ego
1591 1386 1716 1426 dubi-

284 1455 435 1496 tarem,
457 1445 560 1500 quid
579 1445 747 1486 illorum
770 1459 899 1485 causa
916 1443 1117 1493 facerem,
1139 1457 1267 1498 quam
1288 1451 1348 1493 tu,
1367 1442 1469 1497 quid
1489 1457 1596 1483 mea.
1630 1442 1715 1484 Sed

280 1500 367 1543 hoc
388 1515 475 1543 non
497 1501 665 1552 dubito,
685 1502 789 1557 quin
813 1501 1034 1542 existimes
1057 1499 1161 1540 mihi
1181 1513 1271 1540 esse
1292 1509 1477 1555 gratum.
1538 1499 1649 1540 Illud
1672 1509 1715 1540 te

280 1573 406 1614 roge,
427 1567 476 1599 ut
496 1557 589 1600 illos
616 1571 789 1614 quoque
819 1567 965 1613 gratos
991 1556 1186 1597 homines
1213 1569 1303 1596 esse
1336 1565 1483 1611 putes:
1516 1555 1630 1611 quod
1654 1556 1714 1597 ita

279 1629 372 1656 esse
394 1615 473 1656 tibi
497 1616 704 1672 promitto
732 1624 860 1670 atque
881 1614 1106 1655 confirmo.
1169 1613 1314 1659 Quare
1338 1611 1478 1662 velim,
1501 1612 1711 1668 quidquid

277 1671 442 1714 habent
462 1673 642 1729 negotii,
662 1671 735 1713 des
757 1686 946 1728 operam,
979 1670 1095 1726 quod
1119 1669 1347 1711 commodo
1380 1677 1452 1709 tuo
1475 1669 1564 1721 fiat,
1584 1679 1645 1720 ut,
1670 1679 1711 1710 te

276 1729 502 1770 obtinente
542 1728 769 1780 Achaiam,
812 1729 1060 1770 conficiant.
1122 1727 1215 1782 Ego
1254 1729 1292 1761 59
1309 1740 1405 1767 cum
1450 1735 1524 1767 tuo
1561 1726 1711 1767 Servio

267 1785 588 1840 jucundissimo
609 1785 964 1841 conjunctissime
988 1785 1110 1826 vivo:
1144 1797 1430 1839 magnamque
1449 1798 1545 1824 cum
1568 1798 1622 1824 ex
1646 1783 1710 1824 in-

274 1843 405 1898 genio
426 1843 534 1899 ejus,
556 1843 848 1899 singularique
876 1842 1033 1894 studio,
1057 1852 1147 1882 tum
1170 1855 1224 1882 ex
1250 1841 1405 1881 virtute
1427 1848 1470 1880 et
1492 1840 1708 1897 probitate

274 1899 543 1958 voluptatem
567 1900 709 1956 capio,

233 249 287 288 27

786 1972 1092 2010 ARGUMENT
1098 1972 1129 2008 U
1134 1971 1177 2007 M
1183 2000 1189 2007 .

271 2036 364 2084 Agit
379 2038 522 2084 gratias
541 2038 637 2085 quod
656 2037 833 2073 Mescinio
857 2036 1118 2072 commendatio
1143 2046 1208 2069 sua
1235 2032 1429 2082 profuerit,
1457 2037 1646 2080 rogatque,
1667 2036 1707 2070 ut

387 2093 522 2138 pergat
539 2091 573 2126 ei
591 2088 824 2138 benefacere.
881 2089 1027 2137 Deinde
1046 2087 1269 2123 commendat
1288 2086 1592 2121 Lacedaemonios.

697 2160 931 2203 CICERO
964 2159 1190 2201 SERVIO
1222 2160 1265 2200 S.

273 2219 420 2272 ETSI
453 2232 635 2272 libenter
665 2242 808 2287 petere
843 2245 867 2270 a
895 2239 937 2270 te
959 2228 1088 2279 soleo,
1110 2227 1141 2268 si
1167 2227 1269 2283 quid
1292 2242 1400 2283 opus
1422 2235 1486 2267 est
1509 2240 1699 2267 meorum

269 2288 480 2344 cuipiam:
505 2298 646 2329 tamen
669 2289 805 2329 multo
823 2287 1026 2328 libentius
1046 2286 1204 2341 gratias
1228 2285 1305 2325 tibi
1330 2299 1427 2340 ago,
1446 2298 1542 2324 cum
1562 2283 1701 2324 fecisti

271 2345 433 2401 aliquid
452 2345 824 2386 commendatione
847 2359 966 2394 rnea3
998 2343 1112 2398 quod
1144 2356 1310 2397 semper
1334 2341 1452 2381 facis.
1516 2340 1705 2380 Incredi-

271 2402 364 2443 bile
379 2410 443 2444 est
461 2402 593 2452 enim,
614 2417 718 2456 quas
743 2401 846 2442 mihi
870 2399 1029 2456 gratias
1052 2413 1198 2440 omncs
1222 2408 1367 2453 agant,
1390 2398 1517 2438 etiam
1539 2396 1701 2437 medio-

270 2459 400 2500 criter
420 2475 444 2500 a
465 2472 534 2499 me
556 2458 635 2499 tibi
666 2458 980 2499 commendati:
1012 2471 1108 2512 quae
1140 2455 1244 2496 mihi
1275 2455 1419 2495 omnia
1449 2463 1595 2509 grata:
1629 2453 1700 2495 sed

270 2515 323 2557 de
356 2516 404 2558 L,
438 2515 653 2556 Mescinio
686 2515 992 2571 gratissimum.
1054 2514 1126 2554 Sic
1156 2512 1267 2553 enim
1302 2521 1365 2551 cst
1393 2524 1558 2551 mecum
1584 2509 1700 2550 locu-

205 1991 260 2029 28

315 2650 353 2678 58
375 2646 431 2677 sed
441 2644 566 2684 tamen]
590 2645 646 2675 sed
660 2645 795 2681 indicat,
809 2644 956 2684 superius
1010 2642 1104 2672 malit
1119 2650 1194 2671 cum
1211 2640 1282 2670 edd.
1298 2640 1394 2670 Rom.
1420 2641 1508 2672 1471.
1527 2638 1613 2668 Med.
1631 2639 1694 2670 Gu.

272 2699 340 2720 esse
355 2689 389 2719 in
403 2688 589 2729 parenthesi
605 2687 811 2727 capiendum.
1016 2683 1289 2723 1.jucvm‹lissime
1304 2681 1633 2721 conjunctissimeque,
1644 2682 1694 2712 vel

313 2735 353 2765 59
376 2740 402 2760 e.
422 2730 533 2761 Servio
549 2734 603 2760 tuo
617 2729 859 2770 jucundissimo
882 2735 954 2756 con·
1008 2736 1085 2756 euin
1100 2726 1162 2755 Gn.
1185 2727 1214 2755 2.
1238 2729 1370 2755 tantum
1390 2734 1417 2753 c.
1434 2722 1470 2752 S.
1486 2721 1693 2763 &jucundis-

261 2773 471 2814 junctissime
498 2772 582 2811 vivo]
618 2771 858 2812 jucundissimo
883 2768 955 2798 dedi
1007 2769 1087 2798 sime
1112 2767 1195 2804 viro,
1219 2775 1284 2797 non
1313 2774 1503 2806 repugnem.
1547 2764 1608 2795 Sed
1624 2766 1694 2794 vnl-
1720 2789 1725 2793 .

271 2825 346 2846 cum
363 2815 505 2851 Graevio,
520 2815 573 2853 qui
586 2814 632 2844 sic
652 2815 685 2844 in
707 2813 771 2844 Ms.
785 2813 891 2843 Amst.
907 2821 956 2841 re·
1008 2816 1122 2849 gratum
1148 2808 1403 2848 jucundissime,
1433 2806 1694 2847 conjunctissime

271 2862 411 2898 peterat.
455 2857 507 2888 Sic
523 2857 621 2888 habet
637 2862 669 2888 ct
685 2865 787 2887 meus.
832 2855 864 2884 Si
882 2854 952 2893 quis
1009 2862 1074 2883 non
1090 2852 1208 2891 placet.
