1865 3223
427 73 505 112 AD
533 70 843 110 CONSULES
871 71 943 111 ΕΤ
969 73 1251 116 CETEROS.
1491 88 1568 125 391

141 178 255 219 tibus
280 176 444 218 insidiis
466 175 670 218 liberarit.
730 173 859 220 Quod
883 175 933 216 ad
962 190 1033 217 vos
1053 191 1077 216 a
1100 192 1166 219 me
1189 182 1332 232 scribi,
1358 198 1440 226 non
1464 186 1566 229 alie-

137 249 240 275 num
266 235 427 290 putavi,
452 245 498 275 ut
528 231 820 286 intelligeretis
847 247 901 273 ex
935 232 1000 283 iis,
1030 247 1126 288 quae
1160 251 1280 289 paene
1302 243 1563 297 acciderunt,

138 306 214 332 vos
249 291 383 332 multo
411 300 524 340 ante,
554 303 607 330 ne
645 302 693 328 ea
726 289 984 340 acciderent,
1019 291 1278 345 providisse:
1310 311 1446 353 eoque
1487 316 1561 341 vos

137 349 369 389 studiosius
392 348 472 389 feci
494 346 710 394 certioreS,
733 346 845 400 quod
871 347 913 387 in
946 361 1045 403 rege
1072 346 1357 393 Ariobarzane
1378 371 1427 395 ca
1453 357 1556 398 mihi

134 405 259 460 signa
299 406 442 446 videor
466 403 650 453 virtutis,
684 402 862 458 ingenii,
889 403 1003 455 fidei,
1040 405 1426 464 benivolentiaeque
1455 427 1558 470 erga

132 476 208 502 vos
233 463 511 518 perspexisse,
535 469 582 500 ut
619 474 702 500 non
737 461 828 501 sine
849 475 977 501 causa
1010 472 1170 502 tantam
1204 477 1349 506 curam
1375 467 1558 525 diligen-

132 519 321 574 tiamque
342 519 386 558 in
407 517 500 573 ejus
525 532 598 558 vos
617 517 795 558 salutern
821 518 1048 559 videamini
1073 521 1319 563 contulisse.

640 606 748 642 ARG
754 607 834 643 UM
841 606 945 642 ENT
951 607 982 643 U
985 607 1030 643 M
1035 637 1041 644 .
1567 628 1591 664 3

188 669 251 705 De
267 680 410 705 rumore
428 669 512 705 belli
531 669 699 705 Parthici
717 669 854 711 scribit,
874 674 908 704 et
929 682 1040 717 quare
1053 671 1197 719 publice
1215 684 1286 708 non
1303 675 1502 724 scripserit,

770 726 925 757 excusat.

476 786 544 829 M.
567 787 618 828 T.
643 787 695 829 C.
723 787 789 828 M.
816 786 1056 829 CATONI
1090 789 1134 831 S.
1161 789 1219 831 D.

129 842 274 897 CUM
301 854 352 895 ad
372 868 439 895 me
462 854 607 909 legati,
630 854 744 895 missi
763 855 816 895 ab
838 854 1059 897 Antiocho
1083 856 1396 915 CommagenO,
1418 862 1559 902 venis-

125 921 221 953 sent
258 912 300 952 in
332 922 472 953 castra
504 912 556 952 ad
589 911 785 953 Iconium
810 927 847 952 a.
871 912 912 953 d.
937 926 996 953 111
1035 913 1150 954 Non.
1176 917 1417 971 Septembr.
1441 919 1556 974 iique

123 969 230 1010 mihi
267 969 546 1018 nuntiassent,
572 969 729 1024 1⁴regis
766 969 1021 1010 Parthorum
1054 970 1204 1022 filium,
1232 975 1266 1002 ¹5
1281 987 1467 1028 quocum
1490 989 1555 1016 es-

122 1035 187 1067 set
210 1037 344 1081 nupta
368 1026 476 1081 regis
501 1026 801 1067 Armeniorum
835 1041 967 1077 soror,
990 1027 1040 1067 ad
1068 1027 1316 1084 Euphraten
1340 1046 1440 1072 cum
1464 1046 1554 1073 ma-

120 1083 251 1124 ximis
292 1083 549 1124 Parthorum
583 1083 735 1138 copiis,
766 1083 1080 1139 multarumque
1117 1096 1324 1141 praeterea
1357 1090 1552 1143 gentium

119 1154 279 1195 magna
311 1155 436 1181 manu
460 1141 637 1191 venisse,
662 1139 996 1195 Euphratenque
1019 1141 1112 1196 jam
1137 1143 1317 1184 transire
1339 1147 1552 1200 coepisse:

119 1197 291 1252 dicique
321 1197 571 1238 Armenium
602 1211 745 1252 regem
782 1198 822 1237 in
858 1196 1180 1252 Cappadociam
1217 1201 1424 1256 impetum
1457 1216 1550 1244 esse

117 1254 359 1296 facturum:
395 1254 556 1309 putavi,
589 1268 664 1308 pro
697 1263 841 1293 nostra
871 1256 1200 1305 necessitudine,
1224 1272 1290 1297 me
1322 1258 1404 1299 hoc
1426 1259 1477 1300 ad
1503 1272 1546 1300 te

113 1312 192 1353 scri
202 1312 298 1352 bere
313 1322 526 1366 oportere.
565 1309 743 1350 Publice
763 1320 936 1365 propter
951 1310 1055 1352 duas
1073 1327 1222 1353 causas
1242 1314 1348 1355 nihil
1370 1316 1545 1372 scripsi;

111 1368 227 1423 quod
250 1379 294 1409 et
325 1369 464 1422 ipsum
499 1367 843 1422 Commagenum
871 1368 1000 1424 legati
1034 1369 1237 1411 dicebant
1266 1371 1319 1412 ad
1349 1383 1545 1414 senatum

112 1425 259 1466 statim
283 1425 457 1465 nuntios
481 1424 727 1478 litterasque
748 1425 938 1467 misisse:
970 1434 1013 1466 et
1034 1427 1354 1480 existimabam,
1379 1429 1446 1470 M.
1470 1430 1544 1471 Bi·
1557 1447 1589 1480 b.
1631 1459 1634 1462 ι

111 1482 261 1522 bulum
296 1481 608 1537 proconsulem,
631 1481 703 1536 qui
733 1481 903 1522 circiter
937 1481 1038 1523 Idus
1070 1483 1254 1524 Sextiles
1285 1486 1339 1526 ab
1372 1486 1545 1542 Epheso

114 1539 157 1579 in
195 1538 365 1594 Syriam
398 1539 579 1579 navibus
612 1537 830 1594 profectus
863 1548 968 1589 erat,
1001 1541 1117 1595 quod
1155 1543 1364 1583 secundos
1395 1554 1547 1586 ventos

114 1595 348 1645 habuisset,
367 1596 456 1650 jam
491 1596 532 1636 in
569 1595 833 1651 provinciam
865 1611 984 1637 suam
1022 1599 1289 1652 pervenisse3
1323 1600 1446 1655 cujus
1476 1601 1546 1642 lit-

112 1653 213 1694 teris
253 1653 399 1694 omnia
436 1653 620 1693 certiora
652 1652 862 1708 perlatum
900 1653 950 1693 iri
995 1654 1048 1695 ad
1091 1664 1286 1696 senatum
1324 1659 1545 1712 putabam.

112 1708 244 1760 Mihi,
266 1719 312 1750 ut
340 1710 382 1750 in
417 1709 665 1764 hujusmodi
700 1724 757 1759 re,
798 1719 1003 1765 tantoque
1038 1711 1164 1762 bello,
1195 1713 1397 1754 maximae
1428 1729 1543 1756 curae

108 1776 186 1816 est,
222 1776 282 1816 ut,
310 1781 406 1821 quae
448 1767 583 1822 copiis
616 1777 660 1806 et
691 1767 846 1821 opibus
883 1776 1027 1808 tenere
1073 1768 1109 1798 16
1126 1769 1197 1809 vix
1229 1770 1457 1825 possimus,
1493 1785 1544 1813 ea

106 1824 434 1865 mansuetudine
454 1833 497 1865 et
526 1823 794 1864 continentia
826 1833 984 1875 nostra,
1006 1824 1220 1866 sociorum
1247 1826 1456 1868 fidelitate
1479 1837 1541 1869 te-

106 1894 297 1920 neamus.
355 1879 422 1922 Tu
456 1880 597 1932 velim,
623 1891 669 1921 ut
698 1882 930 1932 consuesti,
963 1896 1041 1922 nos
1070 1882 1270 1924 absentes
1302 1884 1459 1941 diligas
1496 1895 1539 1926 et

106 1937 327 1978 defendas.

618 1993 1022 2032 ARGUMENTUM.
1550 2013 1577 2050 4

154 2056 238 2099 Res,
258 2069 282 2093 α
298 2069 334 2092 se
351 2059 389 2093 in
404 2058 595 2106 provincia
610 2061 743 2103 gestas,
762 2062 890 2092 narrat
918 2059 1055 2101 ordine,
1075 2063 1111 2094 et
1129 2064 1170 2095 ut
1197 2062 1234 2096 in
1251 2066 1380 2099 senatu
1397 2062 1538 2111 suppli-

539 2111 697 2145 cationes
713 2109 782 2145 sibi
800 2111 981 2152 decernat,
1000 2112 1105 2158 petit.

361 2175 429 2217 M.
451 2175 502 2217 T.
527 2175 578 2217 C.
612 2174 746 2216 IMP.
780 2175 848 2216 M.
873 2175 1109 2218 CATONI
1143 2177 1187 2219 S.
1214 2177 1270 2221 D.

101 2232 339 2285 SUMMA
378 2254 451 2284 tua
482 2243 715 2284 auctoritas
761 2243 879 2294 fecit,
915 2258 1144 2300 meumque
1182 2255 1437 2302 perpet-uum
1484 2247 1537 2288 de

100 2309 175 2340 tua
196 2300 401 2356 singulari
426 2300 583 2341 virtute
606 2300 839 2355 judicium,
863 2310 909 2340 ut
935 2303 1080 2356 magni
1105 2317 1199 2343 mea
1221 2304 1427 2344 interesse
1451 2318 1529 2359 pu·

96 2367 247 2408 tarem,
268 2367 312 2398 et
344 2372 408 2398 res
436 2372 522 2408 eas,
551 2372 656 2413 quas
691 2358 930 2412 gessissem,
956 2359 1035 2398 tibi
1069 2369 1193 2400 notas
1231 2374 1338 2411 esse,
1376 2371 1420 2400 et
1448 2376 1532 2401 non

95 2414 284 2471 ignorari
318 2430 343 2455 a
376 2424 431 2466 te,
463 2430 549 2470 qua
578 2414 783 2470 aequitate
820 2424 864 2455 et
895 2415 1163 2458 continentia
1199 2426 1340 2457 tuerer
1382 2418 1535 2469 socios,

136 2572 175 2600 14
202 2572 291 2609 regis
315 2569 523 2601 Parthorum
534 2570 666 2611 filium]
692 2570 792 2600 Paeo·
833 2572 1065 2602 Armeniorum
1083 2582 1136 2602 rex
1151 2577 1199 2601 est
1214 2570 1400 2602 Artvasdes.

96 2620 170 2641 rum
186 2611 287 2643 Orodi
301 2613 348 2643 fil.
365 2618 402 2643 ut
417 2624 467 2653 ep.
488 2616 515 2643 l.
880 2615 918 2644 16
938 2614 1188 2654 vill-possmnus]
1208 2613 1268 2643 ΜΞ.
1286 2613 1354 2643 Erf.
1364 2615 1534 2653 possimus.

138 2656 175 2684 15
197 2664 333 2693 quocum
345 2660 424 2686 esset
435 2654 554 2695 nupta]
587 2653 670 2685 Mihi
688 2659 793 2694 nupta
835 2656 887 2686 Sic
903 2661 936 2686 et
952 2667 969 2686 a
986 2667 1030 2686 ni.
1048 2666 1096 2694 pr.
1108 2656 1172 2686 fuit
1188 2656 1221 2685 in
1240 2660 1366 2685 nostro.
1390 2664 1456 2685 non
1473 2655 1535 2684 dis-

94 2694 236 2734 giossam
252 2697 345 2727 oluit.
356 2707 420 2728 esne
435 2708 509 2728 cum
525 2697 632 2736 aliquo
650 2697 730 2728 bene
746 2696 794 2726 la·
837 2698 946 2738 plicet.
963 2699 997 2728 in
1021 2698 1110 2727 libris
1125 2697 1317 2735 quibusdam
1334 2706 1395 2726 scr.
1410 2703 1443 2727 et
1459 2697 1531 2728 edd.

91 2737 163 2768 tine
185 2738 305 2768 dicitur
317 2739 356 2769 de
370 2750 483 2777 uxore,
499 2749 537 2769 ut
561 2749 580 2769 a
594 2738 716 2770 Graecis
731 2752 794 2771 συν.
837 2747 887 2770 est
901 2745 1055 2774 tenemus,
1071 2738 1144 2769 inde
1169 2744 1201 2768 et
1218 2749 1391 2780 possumus·
1411 2739 1535 2770 fantum

93 2781 171 2812 εἶναι.
218 2780 339 2811 Noster
365 2782 482 2821 Quint.
508 2784 560 2812 34.
586 2779 682 2820 cujus
705 2791 795 2812 soror
839 2783 981 2812 videtur.

90 2826 136 2852 est
151 2831 227 2854 cum
248 2822 396 2863 Quintio.
441 2824 494 2854 Sic
515 2828 630 2853 tamen
657 2823 796 2854 Comici.
