1817 3196
266 80 322 118 34
616 72 797 116 EPIST.
834 73 1020 115 LIBER
1055 73 1367 115 SECUNDUS

269 180 396 239 perit,
418 180 554 237 possis
583 195 722 222 meum
759 181 985 221 recordari.
1046 180 1172 221 Brevi
1197 188 1338 221 tamen
1368 179 1428 221 sic
1462 179 1635 231 habeto,
1657 179 1701 222 in

270 253 368 280 eum
391 248 548 279 statum
572 247 812 294 temporum
837 248 954 277 tuum
985 237 1167 277 reditum
1200 237 1399 286 incidere,
1423 246 1468 277 ut
1491 237 1539 277 iis
1564 237 1701 287 bonis,

272 310 370 351 quae
402 295 480 337 tibi
515 304 677 344 natura,
699 295 855 343 studio,
882 293 1054 334 fortuna
1083 294 1183 333 data
1213 302 1325 343 sunt,
1349 292 1514 334 facilius
1545 294 1704 344 omnia,

272 366 370 408 quae
402 362 501 392 sunt
530 352 790 407 amplissima
822 351 863 390 in
898 364 939 390 re
976 350 1129 399 ublica,
1159 349 1363 405 consequi
1395 351 1544 405 possis,
1575 364 1704 406 quam

274 410 546 451 muneribus:
569 422 750 463 quorum
775 421 911 462 neque
934 365 1181 447 {cultatem
1204 407 1427 461 quisquam
1451 406 1705 448 admiratur:

273 470 357 519 (est
394 466 507 506 enim
546 466 782 521 copiarum,
821 478 906 503 non
945 463 1111 504 virtutis
1133 464 1162 511 :)
1198 477 1334 518 neque
1372 464 1594 518 quisquam
1628 472 1708 514 est,

272 523 378 578 quin
403 524 597 563 satietate
621 522 710 576 jam
735 519 923 561 defessus
946 519 1015 561 sit.
1076 519 1157 559 Sed
1190 520 1324 570 aliter,
1355 530 1482 575 atque
1511 520 1709 561 ostende-

276 594 381 630 ram,
407 579 532 628 facio,
554 579 626 632 qui
660 577 872 634 ingrediar
897 576 948 617 ad
971 576 1269 632 explicandam
1303 578 1508 617 rationem
1541 587 1710 617 senten-

276 637 349 678 tiae
377 650 496 676 mear.
559 635 702 681 Quare
724 648 894 675 omnem
917 633 1027 674 hanc
1049 633 1383 689 disputationem
1414 634 1455 673 in
1479 634 1711 674 adventum

276 706 399 733 tuum
423 692 587 733 differo.
622 693 798 733 Summa
820 691 927 732 scito
952 691 994 731 in
1017 690 1339 745 exspectatione
1359 700 1398 731 te
1417 705 1520 740 esse,
1539 704 1671 745 eaque
1687 705 1713 731 a
1773 682 1787 692 ’
1813 707 1815 714 ·

280 758 321 790 te
343 749 599 805 exspectari,
619 764 714 803 quae
739 763 761 788 a
783 762 949 788 summa
972 747 1142 797 virtute,
1166 762 1417 802 summoque
1442 748 1615 803 ingemo
1637 762 1714 789 ex-

280 806 515 863 spectanda
537 816 633 846 sunt
655 823 664 846 :
697 805 748 846 ad
772 819 867 859 quae
892 805 924 844 si
957 819 1014 854 ες,
1037 814 1084 845 ut
1114 805 1256 853 dech,
1282 814 1476 859 paratus:
1509 804 1622 859 quod
1655 803 1716 844 ita

279 878 369 904 esse
401 862 597 903 confido:
634 862 822 917 plurimis
854 862 1140 916 maximisque
1167 862 1427 910 muneribus,
1447 869 1489 901 et
1510 875 1587 901 nos
1609 861 1716 901 ami-

280 935 369 970 cos,
392 929 434 959 et
456 919 569 959 cives
594 928 688 959 tuos
714 918 947 969 universos,
970 927 1012 958 ct
1035 918 1341 974 rempublicam
1370 917 1545 959 afficies.
1606 916 1718 958 Illud

281 990 517 1031 cognosces
552 975 760 1031 profecto,
783 974 888 1015 mihi
916 986 958 1016 te
988 990 1125 1030 neque
1156 975 1376 1027 cariorem,
1399 989 1536 1031 neque
1559 974 1720 1031 jucun-

282 1033 447 1074 diorem
469 1038 559 1073 esse
581 1046 853 1088 quemquam.

246 1125 272 1161 4
798 1118 1204 1158 ARGUMENTUM.

284 1192 444 1228 Diversa
461 1193 550 1228 dicit
570 1191 774 1226 litterarum
791 1201 923 1237 genera
941 1200 1022 1228 esse,
1045 1201 1194 1235 quornm
1212 1194 1378 1225 neutrum
1403 1189 1471 1225 sibi
1488 1187 1571 1235 jam
1598 1201 1723 1226 conve-

335 1246 426 1280 niat.
483 1244 713 1291 Quapropter
740 1242 788 1277 ad
816 1241 1099 1276 cohortationem
1128 1243 1271 1282 transit,
1302 1246 1341 1276 ut
1373 1246 1505 1289 pergat
1537 1242 1645 1278 Curio
1674 1244 1722 1278 ad

337 1297 494 1343 gloriam
524 1298 587 1338 ire,
609 1296 694 1343 quia
720 1295 841 1341 gravis
871 1295 939 1341 ipsi
967 1294 1188 1334 adversaria,
1211 1295 1367 1329 omnium
1388 1296 1619 1342 exspectatio,
1640 1307 1721 1330 con·

339 1349 471 1384 stituta
488 1350 546 1385 sit.

628 1412 697 1454 M.
719 1411 770 1453 T.
794 1411 846 1454 C.
879 1411 931 1452 C.
956 1409 1241 1462 CURIONI,
1263 1412 1306 1453 S.
1333 1411 1388 1453 D.

292 1469 749 1523 EPISTOLARUM
792 1493 948 1536 genera
988 1478 1123 1519 multa
1162 1493 1251 1519 esse
1294 1494 1379 1520 non
1421 1479 1617 1534 ignoras:
1655 1481 1728 1522 sed

289 1554 421 1582 unum
456 1539 555 1579 illud
588 1537 887 1587 certissimum,
910 1535 1033 1591 cujus
1064 1550 1193 1577 causa
1223 1537 1397 1577 inventa
1428 1551 1492 1578 res
1524 1537 1616 1593 ipsa
1646 1548 1725 1589 est,

292 1607 339 1639 ut
377 1597 578 1637 certiores
613 1594 846 1636 faceremus
881 1594 1091 1643 absentes,
1125 1593 1158 1633 si
1198 1593 1301 1648 quid
1339 1603 1463 1643 esset,
1501 1595 1616 1650 quod
1653 1610 1726 1636 eos

292 1655 414 1703 scire,
453 1661 526 1693 aut
559 1661 717 1701 nostra,
753 1659 827 1691 aut
857 1650 1048 1706 ipsorum
1086 1650 1322 1691 interesset.
1385 1650 1530 1705 Hujus
1561 1653 1728 1707 generis

261 1748 264 1751 ,
291 1712 454 1754 litteras
484 1726 508 1750 a
539 1723 604 1749 me
638 1707 832 1764 profecto
865 1721 948 1748 uon
980 1707 1163 1762 expetis.
1223 1706 1409 1748 Tuarum
1443 1708 1557 1749 enim
1588 1724 1729 1751 rerum

292 1768 625 1810 domesticarum
667 1765 798 1806 habes
839 1773 882 1805 et
923 1765 1150 1820 scriptores
1192 1773 1234 1804 et
1276 1765 1463 1806 nuntios.
1531 1764 1581 1806 In
1625 1767 1732 1808 meis

295 1835 436 1867 autem
462 1824 585 1864 rebus
618 1822 722 1862 nihil
746 1833 809 1862 est
831 1835 930 1862 sane
953 1822 1067 1862 novi.
1131 1820 1314 1877 Reliqua
1336 1830 1434 1862 sunt
1454 1823 1733 1880 epistolarum

297 1897 455 1939 genera
476 1881 575 1931 duo,
599 1895 694 1933 qua:
719 1893 786 1920 me
816 1893 1075 1934 magnopere
1089 1878 1332 1926 delectant:
1366 1894 1498 1921 unum
1522 1880 1730 1922 familiare

297 1940 571 1993 etjocosum,
594 1936 773 1977 alterum
799 1950 990 1976 severum
1013 1944 1055 1976 et
1075 1949 1217 1991 grave.
1279 1935 1388 1976 Utro
1410 1951 1478 1978 me
1499 1938 1640 1979 minus
1663 1938 1737 1979 de-

254 2006 392 2043 b,ceat
418 1996 494 2045 uti,
518 2009 601 2034 non
627 1993 834 2048 intelligo.
894 1992 1078 2034 Jocerne
1100 2002 1241 2033 tecum
1279 2007 1352 2047 per
1374 1992 1564 2036 litteras?
1595 1995 1735 2036 civem

299 2052 542 2096 mehercule
573 2066 658 2091 non
690 2059 795 2105 puto
826 2064 931 2100 esse,
952 2050 1024 2104 qui
1050 2049 1314 2105 temporibus
1338 2049 1403 2090 his
1426 2052 1561 2093 ridere
1584 2052 1734 2107 possit.

300 2111 370 2153 An
395 2110 564 2163 gravius
587 2107 746 2162 aliquid
771 2107 985 2148 scribam?
1015 2107 1116 2161 quid
1140 2115 1217 2157 est,
1240 2107 1353 2161 quod
1385 2110 1520 2162 possit
1550 2109 1738 2164 graviter

302 2185 326 2209 a
350 2163 559 2209 Cicerone
581 2165 708 2206 scribi
732 2164 783 2204 ad
809 2163 1057 2215 Curionem,
1081 2163 1160 2204 nisi
1183 2163 1235 2203 de
1258 2163 1502 2219 republica?
1529 2165 1673 2220 Atque
1694 2166 1739 2207 in

301 2225 386 2266 hoc
409 2237 563 2277 genere
587 2222 680 2263 haec
704 2236 798 2261 mea
818 2235 945 2261 causa
966 2230 1044 2271 est,
1068 2222 1148 2260 6ut
1170 2234 1306 2275 neque
1328 2235 1390 2271 ea,
1414 2236 1510 2276 quae
1533 2237 1619 2264 non
1642 2237 1737 2264 sen-

303 2283 381 2331 tio,
421 2281 545 2320 velim
585 2280 782 2318 scribere.
846 2278 1155 2327 Quamobrem,
1193 2278 1396 2332 quoniam
1432 2279 1537 2320 mihi
1573 2279 1737 2321 nullum

305 2337 518 2380 scribendi
553 2344 853 2391 argumentum
888 2335 1081 2375 relictum
1113 2343 1191 2383 est,
1226 2344 1320 2374 utar
1352 2349 1401 2376 ea
1432 2336 1632 2387 clausula,
1655 2352 1740 2391 qua

303 2395 435 2445 soleo,
470 2403 594 2447 teque
627 2392 679 2432 ad
713 2391 901 2431 studium
939 2406 1117 2432 summae
1156 2391 1291 2432 laudis
1329 2392 1603 2434 cohortabor.
1664 2393 1742 2434 Est

306 2453 421 2494 enim
445 2451 523 2491 tibi
548 2449 690 2505 gravis
713 2448 952 2490 adversaria
973 2448 1210 2490 constituta
1230 2457 1273 2488 et
1297 2457 1455 2503 parata,
1478 2450 1740 2492 incredibilis

348 2602 368 2633 6
390 2605 428 2631 ιιι
441 2608 541 2640 neque
555 2609 603 2634 ea,
617 2607 686 2636 quoe
698 2607 761 2627 non
782 2597 893 2632 sentio,
908 2598 1005 2627 velim
1047 2600 1143 2633 esset,
1168 2597 1247 2627 ordo
1268 2601 1378 2628 tamen
1403 2598 1485 2629 alius
1508 2607 1575 2628 esse
1597 2597 1742 2636 deberet,

306 2644 385 2682 scra]
414 2643 485 2672 Hoc
508 2646 557 2671 est
579 2652 597 2671 a
619 2640 770 2669 Manutio
793 2645 826 2668 et
850 2639 1004 2675 Grutem,
1047 2643 1094 2673 ut,
1111 2648 1180 2678 quoe
1193 2649 1255 2670 non
1269 2642 1380 2675 sentio,
1393 2650 1431 2671 ea
1454 2650 1510 2670 nec
1531 2641 1669 2671 seribere
1688 2650 1742 2671 ve-

307 2696 325 2715 e
353 2686 441 2715 libris
465 2693 527 2714 scr.
556 2687 681 2716 tamen,
705 2682 867 2720 habetque
893 2686 926 2710 et
952 2682 1003 2711 ed.
1049 2682 1116 2711 lim.
1162 2678 1269 2711 lmmo
1292 2683 1404 2713 Cicero
1433 2683 1565 2713 nolebat
1590 2683 1742 2718 scribere,

309 2727 397 2758 Med.
440 2726 526 2756 Ante
549 2730 619 2755 erat
636 2733 705 2763 quoe
727 2733 814 2753 nuuc
828 2723 946 2753 sentio.-
971 2724 1005 2753 in
1048 2728 1081 2752 et
1098 2723 1200 2753 literis
1216 2723 1357 2760 credere,
1375 2734 1446 2763 quae
1461 2725 1609 2755 sentiret.
1647 2725 1680 2753 Si
1695 2727 1746 2754 ta-

306 2778 374 2808 quo
387 2774 500 2798 tamen
514 2773 548 2797 et
562 2776 649 2797 nunc
665 2766 810 2805 languet.
845 2764 931 2794 Illud
948 2775 1005 2794 au·
1049 2775 1125 2794 men
1149 2765 1247 2795 etiam
1275 2765 1356 2796 illud
1379 2767 1474 2803 dixit,
1497 2766 1623 2806 scripsit
1646 2775 1747 2805 neque

309 2816 378 2842 tem
401 2811 551 2851 ineptum
571 2813 622 2841 est
643 2817 762 2841 sensw,
785 2807 841 2848 qui
863 2806 889 2837 si
911 2816 1005 2838 verus
1049 2816 1086 2838 ea
1102 2817 1171 2847 ραις
1184 2808 1295 2846 sentio,
1310 2817 1410 2849 neque
1423 2817 1493 2849 quoe
1506 2818 1570 2839 non
1584 2810 1696 2840 sentio.
