<?xml version="1.0" encoding="UTF-8"?>
<!DOCTYPE html PUBLIC "-//W3C//DTD XHTML 1.0 Transitional//EN"
    "http://www.w3.org/TR/xhtml1/DTD/xhtml1-transitional.dtd">
<html xmlns="http://www.w3.org/1999/xhtml" xml:lang="en" lang="en">
 <head>
  <title>
</title>
<meta http-equiv="Content-Type" content="text/html;charset=utf-8" />
  <meta name='ocr-system' content='tesseract 3.04.00' />
  <meta name='ocr-capabilities' content='ocr_page ocr_carea ocr_par ocr_line ocrx_word'/>
</head>
<body>
  <div class='ocr_page' id='page_1' title='image "./p1operaomnia03ciceuoft_0015.png"; bbox 0 0 1817 3196; ppageno 0'>
   <div class='ocr_carea' id='block_1_1' title="bbox 367 298 766 357">
    <p class='ocr_par' dir='ltr' id='par_1_1' title="bbox 367 298 766 357">
     <span class='ocr_line' id='line_1_1' title="bbox 367 298 766 357; baseline -0.003 0"><span class='ocrx_word' id='word_1_1' title='bbox 367 298 451 357; x_wconf 94' lang='lat' dir='ltr'><em>M.</em></span> <span class='ocrx_word' id='word_1_2' title='bbox 478 301 766 356; x_wconf 92' lang='lat' dir='ltr'><strong>TULLII</strong></span> 
     </span>
    </p>
   </div>
   <div class='ocr_carea' id='block_1_2' title="bbox 808 302 1241 361">
    <p class='ocr_par' dir='ltr' id='par_1_2' title="bbox 808 302 1241 361">
     <span class='ocr_line' id='line_1_2' title="bbox 808 302 1241 361; baseline 0.009 -4"><span class='ocrx_word' id='word_1_3' title='bbox 808 302 1241 361; x_wconf 89' lang='lat' dir='ltr'>CICERONIS</span> 
     </span>
    </p>
   </div>
   <div class='ocr_carea' id='block_1_3' title="bbox 229 392 1392 511">
    <p class='ocr_par' dir='ltr' id='par_1_3' title="bbox 229 392 1392 511">
     <span class='ocr_line' id='line_1_3' title="bbox 229 392 1392 511; baseline 0.008 -9"><span class='ocrx_word' id='word_1_4' title='bbox 229 392 1392 511; x_wconf 82' lang='lat' dir='ltr'>EPISTOLARUM</span> 
     </span>
    </p>
   </div>
   <div class='ocr_carea' id='block_1_4' title="bbox 786 571 840 595">
    <p class='ocr_par' dir='ltr' id='par_1_4' title="bbox 786 571 840 595">
     <span class='ocr_line' id='line_1_4' title="bbox 786 571 840 595; baseline 0 0"><span class='ocrx_word' id='word_1_5' title='bbox 786 571 840 595; x_wconf 70' lang='lat' dir='ltr'><em>AD</em></span> 
     </span>
    </p>
   </div>
   <div class='ocr_carea' id='block_1_5' title="bbox 486 661 1133 835">
    <p class='ocr_par' dir='ltr' id='par_1_5' title="bbox 486 661 1133 835">
     <span class='ocr_line' id='line_1_5' title="bbox 486 661 1133 720; baseline 0.011 -7"><span class='ocrx_word' id='word_1_6' title='bbox 486 661 1133 720; x_wconf 61' lang='lat' dir='ltr'>1)IVEI{SOS</span> 
     </span>
     <span class='ocr_line' id='line_1_6' title="bbox 586 783 1029 835; baseline 0.009 -4"><span class='ocrx_word' id='word_1_7' title='bbox 586 783 819 833; x_wconf 86' lang='lat' dir='ltr'>LIBRI</span> <span class='ocrx_word' id='word_1_8' title='bbox 866 786 1029 835; x_wconf 88' lang='lat' dir='ltr'><strong>XVI.</strong></span> 
     </span>
    </p>
   </div>
   <div class='ocr_carea' id='block_1_6' title="bbox 673 906 946 928">
    <p class='ocr_par' dir='ltr' id='par_1_6' title="bbox 673 906 946 928">
     <span class='ocr_line' id='line_1_7' title="bbox 673 906 946 928; baseline 0 2268"><span class='ocrx_word' id='word_1_9' title='bbox 673 906 946 928; x_wconf 95' lang='lat' dir='ltr'><em> </em></span> 
     </span>
    </p>
   </div>
   <div class='ocr_carea' id='block_1_7' title="bbox 665 981 950 1024">
    <p class='ocr_par' dir='ltr' id='par_1_7' title="bbox 665 981 950 1024">
     <span class='ocr_line' id='line_1_8' title="bbox 665 981 950 1024; baseline 0.004 -1"><span class='ocrx_word' id='word_1_10' title='bbox 665 981 881 1024; x_wconf 85' lang='lat' dir='ltr'>LIBER</span> <span class='ocrx_word' id='word_1_11' title='bbox 912 982 950 1024; x_wconf 92' lang='lat' dir='ltr'><em>I.</em></span> 
     </span>
    </p>
   </div>
   <div class='ocr_carea' id='block_1_8' title="bbox 487 1143 765 1191">
    <p class='ocr_par' dir='ltr' id='par_1_8' title="bbox 487 1143 765 1191">
     <span class='ocr_line' id='line_1_9' title="bbox 487 1143 765 1191; baseline 0.004 -1"><span class='ocrx_word' id='word_1_12' title='bbox 487 1144 539 1191; x_wconf 92' lang='lat' dir='ltr'><em>P.</em></span> <span class='ocrx_word' id='word_1_13' title='bbox 595 1143 765 1191; x_wconf 88' lang='lat' dir='ltr'><em>LEN</em></span> 
     </span>
    </p>
   </div>
   <div class='ocr_carea' id='block_1_9' title="bbox 781 1074 834 1098">
    <p class='ocr_par' dir='ltr' id='par_1_9' title="bbox 781 1074 834 1098">
     <span class='ocr_line' id='line_1_10' title="bbox 781 1074 834 1098; baseline 0 0"><span class='ocrx_word' id='word_1_14' title='bbox 781 1074 834 1098; x_wconf 77' lang='lat' dir='ltr'><em>AD</em></span> 
     </span>
    </p>
   </div>
   <div class='ocr_carea' id='block_1_10' title="bbox 789 1143 1123 1193">
    <p class='ocr_par' dir='ltr' id='par_1_10' title="bbox 789 1143 1123 1193">
     <span class='ocr_line' id='line_1_11' title="bbox 789 1143 1123 1193; baseline 0.009 -3"><span class='ocrx_word' id='word_1_15' title='bbox 789 1143 1123 1193; x_wconf 91' lang='lat' dir='ltr'>TULUM.</span> 
     </span>
    </p>
   </div>
   <div class='ocr_carea' id='block_1_11' title="bbox 657 1251 937 1271">
    <p class='ocr_par' dir='ltr' id='par_1_11' title="bbox 657 1251 937 1271">
     <span class='ocr_line' id='line_1_12' title="bbox 657 1251 937 1271; baseline 0 1925"><span class='ocrx_word' id='word_1_16' title='bbox 657 1251 937 1271; x_wconf 95' lang='lat' dir='ltr'><em> </em></span> 
     </span>
    </p>
   </div>
   <div class='ocr_carea' id='block_1_12' title="bbox 88 1324 1521 1442">
    <p class='ocr_par' dir='ltr' id='par_1_12' title="bbox 88 1324 1521 1442">
     <span class='ocr_line' id='line_1_13' title="bbox 603 1324 1006 1363; baseline 0.002 -1"><span class='ocrx_word' id='word_1_17' title='bbox 603 1324 1006 1363; x_wconf 82' lang='lat' dir='ltr'>ARGUMENTUM.</span> 
     </span>
     <span class='ocr_line' id='line_1_14' title="bbox 88 1392 1521 1442; baseline 0.001 -10"><span class='ocrx_word' id='word_1_18' title='bbox 88 1395 167 1436; x_wconf 77' lang='lat' dir='ltr'><em>Rex</em></span> <span class='ocrx_word' id='word_1_19' title='bbox 184 1394 344 1442; x_wconf 78' lang='lat' dir='ltr'><em>AEgypti</em></span> <span class='ocrx_word' id='word_1_20' title='bbox 372 1393 598 1432; x_wconf 81' lang='lat' dir='ltr'><em>Ptolemaeus,</em></span> <span class='ocrx_word' id='word_1_21' title='bbox 620 1406 642 1429; x_wconf 87' lang='grc' dir='ltr'>α</span> <span class='ocrx_word' id='word_1_22' title='bbox 669 1395 742 1429; x_wconf 82' lang='lat' dir='ltr'><em>suis</em></span> <span class='ocrx_word' id='word_1_23' title='bbox 760 1392 900 1440; x_wconf 82' lang='lat' dir='ltr'><em>ejectus,</em></span> <span class='ocrx_word' id='word_1_24' title='bbox 920 1399 962 1429; x_wconf 82' lang='lat' dir='ltr'><em>ut</em></span> <span class='ocrx_word' id='word_1_25' title='bbox 989 1394 1033 1429; x_wconf 84' lang='lat' dir='ltr'><em>ab</em></span> <span class='ocrx_word' id='word_1_26' title='bbox 1057 1393 1234 1431; x_wconf 83' lang='lat' dir='ltr'><em>Romanis</em></span> <span class='ocrx_word' id='word_1_27' title='bbox 1257 1398 1521 1441; x_wconf 68' lang='lat' dir='ltr'><em>restitueretur,</em></span> 
     </span>
    </p>
   </div>
   <div class='ocr_carea' id='block_1_13' title="bbox 139 1446 756 1495">
    <p class='ocr_par' dir='ltr' id='par_1_13' title="bbox 139 1446 756 1495">
     <span class='ocr_line' id='line_1_15' title="bbox 139 1446 756 1495; baseline -0.003 -11"><span class='ocrx_word' id='word_1_28' title='bbox 139 1448 267 1495; x_wconf 80' lang='lat' dir='ltr'><em>cupide</em></span> <span class='ocrx_word' id='word_1_29' title='bbox 295 1446 548 1494; x_wconf 75' lang='lat' dir='ltr'><em>largitionibus</em></span> <span class='ocrx_word' id='word_1_30' title='bbox 568 1446 756 1482; x_wconf 74' lang='lat' dir='ltr'><em>laboravit.</em></span> 
     </span>
    </p>
   </div>
   <div class='ocr_carea' id='block_1_14' title="bbox 135 1445 1524 1546">
    <p class='ocr_par' dir='ltr' id='par_1_14' title="bbox 135 1445 1524 1546">
     <span class='ocr_line' id='line_1_16' title="bbox 812 1445 1524 1497; baseline 0.007 -16"><span class='ocrx_word' id='word_1_31' title='bbox 812 1446 985 1482; x_wconf 82' lang='lat' dir='ltr'><em>Obstabut</em></span> <span class='ocrx_word' id='word_1_32' title='bbox 1013 1445 1232 1494; x_wconf 76' lang='lat' dir='ltr'><em>Sibyllinum</em></span> <span class='ocrx_word' id='word_1_33' title='bbox 1253 1461 1405 1489; x_wconf 83' lang='lat' dir='ltr'><em>carmen,</em></span> <span class='ocrx_word' id='word_1_34' title='bbox 1427 1452 1524 1497; x_wconf 78' lang='lat' dir='ltr'><em>quod</em></span> 
     </span>
     <span class='ocr_line' id='line_1_17' title="bbox 135 1496 875 1546; baseline -0.001 -11"><span class='ocrx_word' id='word_1_35' title='bbox 135 1500 281 1536; x_wconf 86' lang='lat' dir='ltr'><em>vetabat</em></span> <span class='ocrx_word' id='word_1_36' title='bbox 308 1498 529 1546; x_wconf 80' lang='lat' dir='ltr'><em>AEgyptium</em></span> <span class='ocrx_word' id='word_1_37' title='bbox 556 1500 713 1533; x_wconf 74' lang='lat' dir='ltr'><em>exercitu</em></span> <span class='ocrx_word' id='word_1_38' title='bbox 730 1496 875 1544; x_wconf 80' lang='lat' dir='ltr'><em>juvare.</em></span> 
     </span>
    </p>
   </div>
   <div class='ocr_carea' id='block_1_15' title="bbox 932 1498 1522 1542">
    <p class='ocr_par' dir='ltr' id='par_1_15' title="bbox 932 1498 1522 1542">
     <span class='ocr_line' id='line_1_18' title="bbox 932 1498 1522 1542; baseline 0.01 -10"><span class='ocrx_word' id='word_1_39' title='bbox 932 1498 1090 1538; x_wconf 79' lang='lat' dir='ltr'><em>Quidam</em></span> <span class='ocrx_word' id='word_1_40' title='bbox 1116 1505 1339 1542; x_wconf 82' lang='lat' dir='ltr'><em>censuerunt,</em></span> <span class='ocrx_word' id='word_1_41' title='bbox 1359 1507 1398 1537; x_wconf 84' lang='lat' dir='ltr'><em>ut</em></span> <span class='ocrx_word' id='word_1_42' title='bbox 1428 1502 1522 1538; x_wconf 85' lang='lat' dir='ltr'><em>Len-</em></span> 
     </span>
    </p>
   </div>
   <div class='ocr_carea' id='block_1_16' title="bbox 137 1550 1522 1650">
    <p class='ocr_par' dir='ltr' id='par_1_16' title="bbox 137 1550 1522 1650">
     <span class='ocr_line' id='line_1_19' title="bbox 137 1550 1522 1602; baseline 0.002 -15"><span class='ocrx_word' id='word_1_43' title='bbox 137 1552 246 1590; x_wconf 81' lang='lat' dir='ltr'><em>tulus,</em></span> <span class='ocrx_word' id='word_1_44' title='bbox 269 1550 404 1586; x_wconf 84' lang='lat' dir='ltr'><em>Ciliciae</em></span> <span class='ocrx_word' id='word_1_45' title='bbox 420 1550 625 1597; x_wconf 71' lang='lat' dir='ltr'><em>proconsul,</em></span> <span class='ocrx_word' id='word_1_46' title='bbox 641 1551 718 1585; x_wconf 72' lang='lat' dir='ltr'><em>sine</em></span> <span class='ocrx_word' id='word_1_47' title='bbox 739 1552 894 1585; x_wconf 78' lang='lat' dir='ltr'><em>exercitu</em></span> <span class='ocrx_word' id='word_1_48' title='bbox 912 1551 1118 1586; x_wconf 79' lang='lat' dir='ltr'><em>reduceret:</em></span> <span class='ocrx_word' id='word_1_49' title='bbox 1147 1552 1226 1591; x_wconf 80' lang='lat' dir='ltr'><em>alii,</em></span> <span class='ocrx_word' id='word_1_50' title='bbox 1252 1557 1293 1588; x_wconf 85' lang='lat' dir='ltr'><em>ut</em></span> <span class='ocrx_word' id='word_1_51' title='bbox 1317 1553 1522 1602; x_wconf 81' lang='lat' dir='ltr'><em>Pompeius.</em></span> 
     </span>
     <span class='ocr_line' id='line_1_20' title="bbox 142 1601 1214 1650; baseline 0.001 -12"><span class='ocrx_word' id='word_1_52' title='bbox 142 1603 240 1645; x_wconf 82' lang='lat' dir='ltr'><em>Quid</em></span> <span class='ocrx_word' id='word_1_53' title='bbox 255 1607 376 1638; x_wconf 85' lang='lat' dir='ltr'><em>actum</em></span> <span class='ocrx_word' id='word_1_54' title='bbox 396 1603 439 1637; x_wconf 83' lang='lat' dir='ltr'><em>de</em></span> <span class='ocrx_word' id='word_1_55' title='bbox 456 1601 511 1637; x_wconf 79' lang='lat' dir='ltr'><em>his</em></span> <span class='ocrx_word' id='word_1_56' title='bbox 528 1603 566 1637; x_wconf 87' lang='lat' dir='ltr'><em>in</em></span> <span class='ocrx_word' id='word_1_57' title='bbox 583 1606 710 1636; x_wconf 80' lang='lat' dir='ltr'><em>senatu</em></span> <span class='ocrx_word' id='word_1_58' title='bbox 716 1601 850 1650; x_wconf 69' lang='lat' dir='ltr'><em>fuerit,</em></span> <span class='ocrx_word' id='word_1_59' title='bbox 875 1602 996 1638; x_wconf 83' lang='lat' dir='ltr'><em>Cicero</em></span> <span class='ocrx_word' id='word_1_60' title='bbox 1012 1603 1214 1649; x_wconf 83' lang='lat' dir='ltr'><em>perscribit.</em></span> 
     </span>
    </p>
   </div>
   <div class='ocr_carea' id='block_1_17' title="bbox 275 1683 1333 1727">
    <p class='ocr_par' dir='ltr' id='par_1_17' title="bbox 275 1683 1333 1727">
     <span class='ocr_line' id='line_1_21' title="bbox 275 1683 1333 1727; baseline 0.002 -2"><span class='ocrx_word' id='word_1_61' title='bbox 275 1683 343 1726; x_wconf 91' lang='lat' dir='ltr'><em>M.</em></span> <span class='ocrx_word' id='word_1_62' title='bbox 362 1683 413 1725; x_wconf 87' lang='lat' dir='ltr'><em>T.</em></span> <span class='ocrx_word' id='word_1_63' title='bbox 439 1683 491 1725; x_wconf 91' lang='lat' dir='ltr'><em>C.</em></span> <span class='ocrx_word' id='word_1_64' title='bbox 525 1683 576 1725; x_wconf 90' lang='lat' dir='ltr'><em>P.</em></span> <span class='ocrx_word' id='word_1_65' title='bbox 600 1683 888 1725; x_wconf 71' lang='lat' dir='ltr'>LENTULO</span> <span class='ocrx_word' id='word_1_66' title='bbox 912 1683 1172 1725; x_wconf 85' lang='lat' dir='ltr'><em>PROCOS.</em></span> <span class='ocrx_word' id='word_1_67' title='bbox 1206 1685 1250 1726; x_wconf 89' lang='lat' dir='ltr'><em>S.</em></span> <span class='ocrx_word' id='word_1_68' title='bbox 1277 1685 1333 1727; x_wconf 88' lang='lat' dir='ltr'><em>D.</em></span> 
     </span>
    </p>
   </div>
   <div class='ocr_carea' id='block_1_18' title="bbox 85 1740 1610 1884">
    <p class='ocr_par' dir='ltr' id='par_1_18' title="bbox 85 1740 1610 1884">
     <span class='ocr_line' id='line_1_22' title="bbox 88 1740 1610 1829; baseline 0.003 -15"><span class='ocrx_word' id='word_1_69' title='bbox 88 1740 256 1815; x_wconf 84' lang='lat' dir='ltr'><em>EGO</em></span> <span class='ocrx_word' id='word_1_70' title='bbox 277 1772 394 1813; x_wconf 91' lang='lat' dir='ltr'><em>omni</em></span> <span class='ocrx_word' id='word_1_71' title='bbox 418 1772 577 1824; x_wconf 87' lang='lat' dir='ltr'><em>officio,</em></span> <span class='ocrx_word' id='word_1_72' title='bbox 599 1787 649 1813; x_wconf 86' lang='lat' dir='ltr'><em>ac</em></span> <span class='ocrx_word' id='word_1_73' title='bbox 679 1772 821 1828; x_wconf 85' lang='lat' dir='ltr'><em>potius</em></span> <span class='ocrx_word' id='word_1_74' title='bbox 849 1772 1006 1827; x_wconf 82' lang='lat' dir='ltr'><em>pietate</em></span> <span class='ocrx_word' id='word_1_75' title='bbox 1027 1787 1129 1828; x_wconf 83' lang='lat' dir='ltr'><em>erga</em></span> <span class='ocrx_word' id='word_1_76' title='bbox 1162 1782 1217 1824; x_wconf 88' lang='lat' dir='ltr'><em>te,</em></span> <span class='ocrx_word' id='word_1_77' title='bbox 1246 1775 1425 1816; x_wconf 81' lang='lat' dir='ltr'><em>¹ceteris</em></span> <span class='ocrx_word' id='word_1_78' title='bbox 1455 1790 1519 1817; x_wconf 86' lang='lat' dir='ltr'><em>sa·</em></span> <span class='ocrx_word' id='word_1_79' title='bbox 1531 1798 1562 1829; x_wconf 87' lang='lat' dir='ltr'><em>p.</em></span> <span class='ocrx_word' id='word_1_80' title='bbox 1578 1791 1610 1821; x_wconf 79' lang='lat'><em>2.</em></span> 
     </span>
     <span class='ocr_line' id='line_1_23' title="bbox 85 1829 1321 1884; baseline -0.002 -11"><span class='ocrx_word' id='word_1_81' title='bbox 85 1830 256 1873; x_wconf 83' lang='lat' dir='ltr'><em>tisfacio</em></span> <span class='ocrx_word' id='word_1_82' title='bbox 300 1830 524 1871; x_wconf 81' lang='lat' dir='ltr'><em>omnibus:</em></span> <span class='ocrx_word' id='word_1_83' title='bbox 567 1829 673 1869; x_wconf 85' lang='lat' dir='ltr'><em>mihi</em></span> <span class='ocrx_word' id='word_1_84' title='bbox 710 1829 791 1884; x_wconf 83' lang='lat' dir='ltr'><em>ipsi</em></span> <span class='ocrx_word' id='word_1_85' title='bbox 823 1844 1054 1884; x_wconf 84' lang='lat' dir='ltr'><em>numquam</em></span> <span class='ocrx_word' id='word_1_86' title='bbox 1089 1830 1321 1872; x_wconf 71' lang='lat' dir='ltr'><em>satisfacio.</em></span> 
     </span>
    </p>
   </div>
   <div class='ocr_carea' id='block_1_19' title="bbox 84 1887 768 1999">
    <p class='ocr_par' dir='ltr' id='par_1_19' title="bbox 84 1887 768 1999">
     <span class='ocr_line' id='line_1_24' title="bbox 85 1887 768 1942; baseline -0.007 -12"><span class='ocrx_word' id='word_1_87' title='bbox 85 1889 201 1930; x_wconf 88' lang='lat' dir='ltr'><em>enim</em></span> <span class='ocrx_word' id='word_1_88' title='bbox 231 1887 484 1942; x_wconf 84' lang='lat' dir='ltr'><em>magnitudo</em></span> <span class='ocrx_word' id='word_1_89' title='bbox 511 1897 575 1927; x_wconf 87' lang='lat' dir='ltr'><em>est</em></span> <span class='ocrx_word' id='word_1_90' title='bbox 598 1895 768 1926; x_wconf 85' lang='lat' dir='ltr'><em>tuorum</em></span> 
     </span>
     <span class='ocr_line' id='line_1_25' title="bbox 84 1943 758 1999; baseline -0.004 -13"><span class='ocrx_word' id='word_1_91' title='bbox 84 1954 148 1997; x_wconf 89' lang='lat' dir='ltr'><em>tu,</em></span> <span class='ocrx_word' id='word_1_92' title='bbox 191 1944 270 1985; x_wconf 86' lang='lat' dir='ltr'><em>nisi</em></span> <span class='ocrx_word' id='word_1_93' title='bbox 305 1943 493 1999; x_wconf 84' lang='lat' dir='ltr'><em>perfecta</em></span> <span class='ocrx_word' id='word_1_94' title='bbox 523 1957 581 1994; x_wconf 87' lang='lat' dir='ltr'><em>re,</em></span> <span class='ocrx_word' id='word_1_95' title='bbox 600 1944 652 1984; x_wconf 88' lang='lat' dir='ltr'><em>de</em></span> <span class='ocrx_word' id='word_1_96' title='bbox 690 1957 758 1983; x_wconf 90' lang='lat' dir='ltr'><em>me</em></span> 
     </span>
    </p>
   </div>
   <div class='ocr_carea' id='block_1_20' title="bbox 791 1888 1522 2000">
    <p class='ocr_par' dir='ltr' id='par_1_20' title="bbox 791 1888 1522 2000">
     <span class='ocr_line' id='line_1_26' title="bbox 800 1888 1522 1945; baseline 0.008 -19"><span class='ocrx_word' id='word_1_97' title='bbox 800 1900 903 1942; x_wconf 84' lang='lat' dir='ltr'><em>erga</em></span> <span class='ocrx_word' id='word_1_98' title='bbox 923 1901 992 1926; x_wconf 87' lang='lat' dir='ltr'><em>me</em></span> <span class='ocrx_word' id='word_1_99' title='bbox 1014 1888 1279 1937; x_wconf 79' lang='lat' dir='ltr'><em>meritorum,</em></span> <span class='ocrx_word' id='word_1_100' title='bbox 1304 1898 1363 1939; x_wconf 90' lang='lat' dir='ltr'><em>ut,</em></span> <span class='ocrx_word' id='word_1_101' title='bbox 1388 1891 1522 1945; x_wconf 73' lang='lat' dir='ltr'><em>2q11ia</em></span> 
     </span>
     <span class='ocr_line' id='line_1_27' title="bbox 791 1944 1522 2000; baseline 0.008 -18"><span class='ocrx_word' id='word_1_102' title='bbox 791 1957 877 1983; x_wconf 90' lang='lat' dir='ltr'><em>non</em></span> <span class='ocrx_word' id='word_1_103' title='bbox 908 1944 1164 1998; x_wconf 83' lang='lat' dir='ltr'><em>conquiesti‚</em></span> <span class='ocrx_word' id='word_1_104' title='bbox 1187 1959 1268 2000; x_wconf 83' lang='lat' dir='ltr'><em>ego</em></span> <span class='ocrx_word' id='word_1_105' title='bbox 1291 1959 1378 1985; x_wconf 90' lang='lat' dir='ltr'><em>non</em></span> <span class='ocrx_word' id='word_1_106' title='bbox 1407 1947 1522 1988; x_wconf 84' lang='lat' dir='ltr'><em>idem</em></span> 
     </span>
    </p>
   </div>
   <div class='ocr_carea' id='block_1_21' title="bbox 83 2000 1524 2228">
    <p class='ocr_par' dir='ltr' id='par_1_21' title="bbox 83 2000 1524 2228">
     <span class='ocr_line' id='line_1_28' title="bbox 87 2000 1523 2056; baseline 0.001 -13"><span class='ocrx_word' id='word_1_107' title='bbox 87 2002 134 2043; x_wconf 87' lang='lat' dir='ltr'><em>in</em></span> <span class='ocrx_word' id='word_1_108' title='bbox 168 2011 241 2042; x_wconf 88' lang='lat' dir='ltr'><em>tua</em></span> <span class='ocrx_word' id='word_1_109' title='bbox 264 2014 393 2041; x_wconf 88' lang='lat' dir='ltr'><em>causa</em></span> <span class='ocrx_word' id='word_1_110' title='bbox 422 2000 579 2051; x_wconf 83' lang='lat' dir='ltr'><em>efficio,</em></span> <span class='ocrx_word' id='word_1_111' title='bbox 613 2000 745 2041; x_wconf 84' lang='lat' dir='ltr'><em>vitam</em></span> <span class='ocrx_word' id='word_1_112' title='bbox 767 2000 874 2040; x_wconf 86' lang='lat' dir='ltr'><em>mihi</em></span> <span class='ocrx_word' id='word_1_113' title='bbox 908 2014 998 2040; x_wconf 86' lang='lat' dir='ltr'><em>esse</em></span> <span class='ocrx_word' id='word_1_114' title='bbox 1028 2003 1225 2041; x_wconf 82' lang='lat' dir='ltr'><em>acerbam</em></span> <span class='ocrx_word' id='word_1_115' title='bbox 1261 2012 1422 2056; x_wconf 85' lang='lat' dir='ltr'><em>putem.</em></span> <span class='ocrx_word' id='word_1_116' title='bbox 1470 2003 1523 2045; x_wconf 87' lang='lat' dir='ltr'><em>In</em></span> 
     </span>
     <span class='ocr_line' id='line_1_29' title="bbox 84 2056 1524 2114; baseline 0.001 -14"><span class='ocrx_word' id='word_1_117' title='bbox 84 2073 216 2101; x_wconf 86' lang='lat' dir='ltr'><em>causa</em></span> <span class='ocrx_word' id='word_1_118' title='bbox 237 2058 330 2098; x_wconf 85' lang='lat' dir='ltr'><em>haec</em></span> <span class='ocrx_word' id='word_1_119' title='bbox 353 2066 466 2098; x_wconf 86' lang='lat' dir='ltr'><em>sunt.</em></span> <span class='ocrx_word' id='word_1_120' title='bbox 521 2056 793 2106; x_wconf 86' lang='lat' dir='ltr'><em>Ammonius,</em></span> <span class='ocrx_word' id='word_1_121' title='bbox 817 2057 927 2112; x_wconf 83' lang='lat' dir='ltr'><em>regis</em></span> <span class='ocrx_word' id='word_1_122' title='bbox 950 2057 1130 2113; x_wconf 81' lang='lat' dir='ltr'><em>legatus,</em></span> <span class='ocrx_word' id='word_1_123' title='bbox 1159 2069 1304 2114; x_wconf 81' lang='lat' dir='ltr'><em>aperte</em></span> <span class='ocrx_word' id='word_1_124' title='bbox 1341 2062 1524 2114; x_wconf 76' lang='lat' dir='ltr'><em>pecunia</em></span> 
     </span>
     <span class='ocr_line' id='line_1_30' title="bbox 87 2113 1521 2172; baseline 0 -14"><span class='ocrx_word' id='word_1_125' title='bbox 87 2130 168 2158; x_wconf 88' lang='lat' dir='ltr'><em>nos</em></span> <span class='ocrx_word' id='word_1_126' title='bbox 187 2124 428 2170; x_wconf 84' lang='lat' dir='ltr'><em>oppugnat.</em></span> <span class='ocrx_word' id='word_1_127' title='bbox 470 2113 556 2154; x_wconf 84' lang='lat' dir='ltr'><em>Res</em></span> <span class='ocrx_word' id='word_1_128' title='bbox 579 2114 721 2169; x_wconf 83' lang='lat' dir='ltr'><em>agitur</em></span> <span class='ocrx_word' id='word_1_129' title='bbox 743 2127 817 2169; x_wconf 87' lang='lat' dir='ltr'><em>per</em></span> <span class='ocrx_word' id='word_1_130' title='bbox 839 2114 1010 2154; x_wconf 76' lang='lat' dir='ltr'><em>eosdem</em></span> <span class='ocrx_word' id='word_1_131' title='bbox 1034 2117 1279 2164; x_wconf 81' lang='lat' dir='ltr'><em>creditores,</em></span> <span class='ocrx_word' id='word_1_132' title='bbox 1302 2131 1377 2171; x_wconf 88' lang='lat' dir='ltr'><em>per</em></span> <span class='ocrx_word' id='word_1_133' title='bbox 1399 2132 1521 2172; x_wconf 84' lang='lat' dir='ltr'><em>quos,</em></span> 
     </span>
     <span class='ocr_line' id='line_1_31' title="bbox 83 2170 1523 2228; baseline 0.001 -14"><span class='ocrx_word' id='word_1_134' title='bbox 83 2187 184 2214; x_wconf 88' lang='lat' dir='ltr'><em>cum</em></span> <span class='ocrx_word' id='word_1_135' title='bbox 202 2185 246 2212; x_wconf 85' lang='lat' dir='ltr'><em>tu</em></span> <span class='ocrx_word' id='word_1_136' title='bbox 263 2175 424 2222; x_wconf 81' lang='lat' dir='ltr'><em>aderas,</em></span> <span class='ocrx_word' id='word_1_137' title='bbox 444 2171 666 2227; x_wconf 84' lang='lat' dir='ltr'><em>agebatur.</em></span> <span class='ocrx_word' id='word_1_138' title='bbox 689 2170 824 2226; x_wconf 83' lang='lat' dir='ltr'><em>Regis</em></span> <span class='ocrx_word' id='word_1_139' title='bbox 839 2185 980 2221; x_wconf 82' lang='lat' dir='ltr'><em>causa,</em></span> <span class='ocrx_word' id='word_1_140' title='bbox 999 2171 1032 2211; x_wconf 83' lang='lat' dir='ltr'><em>si</em></span> <span class='ocrx_word' id='word_1_141' title='bbox 1055 2172 1128 2226; x_wconf 86' lang='lat' dir='ltr'><em>qui</em></span> <span class='ocrx_word' id='word_1_142' title='bbox 1154 2182 1266 2223; x_wconf 82' lang='lat' dir='ltr'><em>sunt,</em></span> <span class='ocrx_word' id='word_1_143' title='bbox 1283 2174 1354 2228; x_wconf 85' lang='lat' dir='ltr'><em>qui</em></span> <span class='ocrx_word' id='word_1_144' title='bbox 1377 2175 1523 2227; x_wconf 86' lang='lat' dir='ltr'><em>velint,</em></span> 
     </span>
    </p>
   </div>
   <div class='ocr_carea' id='block_1_22' title="bbox 80 2282 787 2829">
    <p class='ocr_par' dir='ltr' id='par_1_22' title="bbox 80 2282 784 2692">
     <span class='ocr_line' id='line_1_32' title="bbox 127 2282 781 2322; baseline -0.003 -8"><span class='ocrx_word' id='word_1_145' title='bbox 127 2287 142 2314; x_wconf 88' lang='lat'>1</span> <span class='ocrx_word' id='word_1_146' title='bbox 178 2284 291 2314; x_wconf 75' lang='lat' dir='ltr'><em>ceteris</em></span> <span class='ocrx_word' id='word_1_147' title='bbox 318 2293 344 2313; x_wconf 81' lang='lat' dir='ltr'><em>s.</em></span> <span class='ocrx_word' id='word_1_148' title='bbox 374 2283 519 2313; x_wconf 78' lang='lat' dir='ltr'><em>omnibus</em></span> <span class='ocrx_word' id='word_1_149' title='bbox 544 2282 616 2322; x_wconf 84' lang='lat' dir='ltr'><em>&amp;c.]</em></span> <span class='ocrx_word' id='word_1_150' title='bbox 655 2282 693 2312; x_wconf 93' lang='lat' dir='ltr'><em>In</em></span> <span class='ocrx_word' id='word_1_151' title='bbox 718 2283 781 2313; x_wconf 89' lang='lat' dir='ltr'><em>Ms.</em></span> 
     </span>
     <span class='ocr_line' id='line_1_33' title="bbox 82 2324 782 2360; baseline -0.004 -2"><span class='ocrx_word' id='word_1_152' title='bbox 82 2330 197 2359; x_wconf 85' lang='lat' dir='ltr'><em>nostro</em></span> <span class='ocrx_word' id='word_1_153' title='bbox 218 2326 330 2356; x_wconf 79' lang='lat' dir='ltr'><em>ceteris</em></span> <span class='ocrx_word' id='word_1_154' title='bbox 344 2325 377 2355; x_wconf 85' lang='lat' dir='ltr'><em>in</em></span> <span class='ocrx_word' id='word_1_155' title='bbox 393 2329 487 2354; x_wconf 81' lang='lat' dir='ltr'><em>textu</em></span> <span class='ocrx_word' id='word_1_156' title='bbox 511 2334 577 2354; x_wconf 88' lang='lat' dir='ltr'><em>non</em></span> <span class='ocrx_word' id='word_1_157' title='bbox 593 2330 655 2360; x_wconf 85' lang='lat' dir='ltr'><em>est,</em></span> <span class='ocrx_word' id='word_1_158' title='bbox 671 2324 727 2354; x_wconf 85' lang='lat' dir='ltr'><em>sed</em></span> <span class='ocrx_word' id='word_1_159' title='bbox 748 2326 782 2356; x_wconf 85' lang='grc'><em>111</em></span> 
     </span>
     <span class='ocr_line' id='line_1_34' title="bbox 82 2367 783 2408; baseline -0.006 -8"><span class='ocrx_word' id='word_1_160' title='bbox 82 2369 232 2408; x_wconf 84' lang='lat' dir='ltr'><em>margine</em></span> <span class='ocrx_word' id='word_1_161' title='bbox 255 2367 319 2398; x_wconf 83' lang='lat' dir='ltr'><em>alia</em></span> <span class='ocrx_word' id='word_1_162' title='bbox 344 2376 465 2397; x_wconf 82' lang='lat' dir='ltr'><em>manu:</em></span> <span class='ocrx_word' id='word_1_163' title='bbox 499 2372 669 2406; x_wconf 82' lang='lat' dir='ltr'><em>potestque</em></span> <span class='ocrx_word' id='word_1_164' title='bbox 694 2377 783 2397; x_wconf 83' lang='lat' dir='ltr'><em>com·</em></span> 
     </span>
     <span class='ocr_line' id='line_1_35' title="bbox 83 2408 782 2448; baseline -0.006 -6"><span class='ocrx_word' id='word_1_165' title='bbox 83 2410 181 2442; x_wconf 81' lang='lat' dir='ltr'><em>mode</em></span> <span class='ocrx_word' id='word_1_166' title='bbox 196 2409 316 2440; x_wconf 86' lang='lat' dir='ltr'><em>abesse.</em></span> <span class='ocrx_word' id='word_1_167' title='bbox 332 2418 390 2448; x_wconf 87' lang='lat' dir='ltr'><em>pro</em></span> <span class='ocrx_word' id='word_1_168' title='bbox 404 2409 484 2438; x_wconf 73' lang='lat' dir='ltr'><em>mihi</em></span> <span class='ocrx_word' id='word_1_169' title='bbox 499 2410 564 2448; x_wconf 82' lang='lat' dir='ltr'><em>ipse</em></span> <span class='ocrx_word' id='word_1_170' title='bbox 576 2408 782 2439; x_wconf 83' lang='lat' dir='ltr'><em>scribendum</em></span> 
     </span>
     <span class='ocr_line' id='line_1_36' title="bbox 82 2451 782 2492; baseline -0.001 -9"><span class='ocrx_word' id='word_1_171' title='bbox 82 2453 166 2483; x_wconf 73' lang='lat' dir='ltr'><em>mihi</em></span> <span class='ocrx_word' id='word_1_172' title='bbox 179 2452 239 2492; x_wconf 74' lang='lat' dir='ltr'><em>ipsi·</em></span> <span class='ocrx_word' id='word_1_173' title='bbox 251 2463 260 2480; x_wconf 90' lang='lat'><em>:</em></span> <span class='ocrx_word' id='word_1_174' title='bbox 283 2460 359 2481; x_wconf 86' lang='lat' dir='ltr'><em>nam</em></span> <span class='ocrx_word' id='word_1_175' title='bbox 372 2459 421 2480; x_wconf 90' lang='lat' dir='ltr'><em>est</em></span> <span class='ocrx_word' id='word_1_176' title='bbox 435 2451 467 2480; x_wconf 90' lang='lat' dir='ltr'><em>in</em></span> <span class='ocrx_word' id='word_1_177' title='bbox 483 2451 687 2491; x_wconf 73' lang='lat' dir='ltr'><em>oppositione</em></span> <span class='ocrx_word' id='word_1_178' title='bbox 700 2463 707 2480; x_wconf 93' lang='lat'>:</span> <span class='ocrx_word' id='word_1_179' title='bbox 733 2461 782 2482; x_wconf 86' lang='lat' dir='ltr'><em>ce-</em></span> 
     </span>
     <span class='ocr_line' id='line_1_37' title="bbox 80 2493 783 2532; baseline -0.004 -7"><span class='ocrx_word' id='word_1_180' title='bbox 80 2495 161 2525; x_wconf 72' lang='lat' dir='ltr'><em>teris</em></span> <span class='ocrx_word' id='word_1_181' title='bbox 181 2493 450 2524; x_wconf 66' lang='lat' dir='ltr'><em>omnibus-milii</em></span> <span class='ocrx_word' id='word_1_182' title='bbox 475 2493 545 2532; x_wconf 74' lang='lat' dir='ltr'><em>ipsi.</em></span> <span class='ocrx_word' id='word_1_183' title='bbox 568 2493 615 2522; x_wconf 82' lang='lat' dir='ltr'><em>ita</em></span> <span class='ocrx_word' id='word_1_184' title='bbox 637 2493 783 2523; x_wconf 83' lang='lat' dir='ltr'><em>latinitas</em></span> 
     </span>
     <span class='ocr_line' id='line_1_38' title="bbox 82 2533 783 2575; baseline -0.001 -9"><span class='ocrx_word' id='word_1_185' title='bbox 82 2533 160 2566; x_wconf 81' lang='lat' dir='ltr'><em>vera</em></span> <span class='ocrx_word' id='word_1_186' title='bbox 175 2534 333 2575; x_wconf 77' lang='lat' dir='ltr'><em>postulat,</em></span> <span class='ocrx_word' id='word_1_187' title='bbox 349 2540 383 2565; x_wconf 88' lang='lat' dir='ltr'><em>et</em></span> <span class='ocrx_word' id='word_1_188' title='bbox 405 2535 450 2564; x_wconf 89' lang='lat' dir='ltr'><em>sic</em></span> <span class='ocrx_word' id='word_1_189' title='bbox 463 2535 584 2564; x_wconf 85' lang='lat' dir='ltr'><em>centies</em></span> <span class='ocrx_word' id='word_1_190' title='bbox 600 2534 687 2564; x_wconf 91' lang='lat' dir='ltr'><em>alibi.</em></span> <span class='ocrx_word' id='word_1_191' title='bbox 731 2535 783 2565; x_wconf 82' lang='lat' dir='ltr'><em>Sic</em></span> 
     </span>
     <span class='ocr_line' id='line_1_39' title="bbox 83 2577 784 2616; baseline -0.004 -7"><span class='ocrx_word' id='word_1_192' title='bbox 83 2577 123 2610; x_wconf 85' lang='lat' dir='ltr'><em>L.</em></span> <span class='ocrx_word' id='word_1_193' title='bbox 147 2578 212 2614; x_wconf 88' lang='lat' dir='ltr'><em>Ill,</em></span> <span class='ocrx_word' id='word_1_194' title='bbox 231 2580 258 2608; x_wconf 91' lang='lat' dir='ltr'><em>l.</em></span> <span class='ocrx_word' id='word_1_195' title='bbox 282 2586 376 2616; x_wconf 82' lang='lat' dir='ltr'><em>quem</em></span> <span class='ocrx_word' id='word_1_196' title='bbox 399 2577 681 2616; x_wconf 81' lang='lat' dir='ltr'><em>omnibus—quem</em></span> <span class='ocrx_word' id='word_1_197' title='bbox 704 2577 784 2606; x_wconf 86' lang='lat' dir='ltr'><em>mihi</em></span> 
     </span>
     <span class='ocr_line' id='line_1_40' title="bbox 81 2618 784 2661; baseline -0.003 -11"><span class='ocrx_word' id='word_1_198' title='bbox 81 2620 144 2661; x_wconf 76' lang='lat' dir='ltr'><em>ipsi</em></span> <span class='ocrx_word' id='word_1_199' title='bbox 166 2624 343 2660; x_wconf 79' lang='lat' dir='ltr'><em>antepono.-</em></span> <span class='ocrx_word' id='word_1_200' title='bbox 364 2618 418 2648; x_wconf 87' lang='lat' dir='ltr'><em>ubi</em></span> <span class='ocrx_word' id='word_1_201' title='bbox 436 2618 520 2649; x_wconf 86' lang='lat' dir='ltr'><em>male</em></span> <span class='ocrx_word' id='word_1_202' title='bbox 537 2618 684 2649; x_wconf 84' lang='lat' dir='ltr'><em>Graevius</em></span> <span class='ocrx_word' id='word_1_203' title='bbox 704 2619 784 2649; x_wconf 72' lang='lat' dir='ltr'><em>mihi·</em></span> 
     </span>
     <span class='ocr_line' id='line_1_41' title="bbox 84 2670 164 2692; baseline 0 0"><span class='ocrx_word' id='word_1_204' title='bbox 84 2670 97 2692; x_wconf 79' lang='grc' dir='ltr'>ι</span> <span class='ocrx_word' id='word_1_205' title='bbox 121 2671 164 2692; x_wconf 85' lang='lat' dir='ltr'><em>se.</em></span> 
     </span>
    </p>

    <p class='ocr_par' dir='ltr' id='par_1_23' title="bbox 84 2671 787 2829">
     <span class='ocr_line' id='line_1_42' title="bbox 93 2671 784 2743; baseline -0.006 -8"><span class='ocrx_word' id='word_1_206' title='bbox 93 2671 148 2735; x_wconf 64' lang='grc' dir='ltr'><em>ΡΞ</em></span> <span class='ocrx_word' id='word_1_207' title='bbox 169 2704 226 2743; x_wconf 81' lang='lat' dir='ltr'><em>qui</em></span> <span class='ocrx_word' id='word_1_208' title='bbox 239 2707 392 2742; x_wconf 76' lang='lat' dir='ltr'><em>tio-ego,</em></span> <span class='ocrx_word' id='word_1_209' title='bbox 409 2702 486 2742; x_wconf 81' lang='lat' dir='ltr'><em>quia</em></span> <span class='ocrx_word' id='word_1_210' title='bbox 499 2711 563 2731; x_wconf 83' lang='lat' dir='ltr'><em>non</em></span> <span class='ocrx_word' id='word_1_211' title='bbox 578 2701 652 2741; x_wconf 78' lang='lat' dir='ltr'><em>&amp;e.]</em></span> <span class='ocrx_word' id='word_1_212' title='bbox 681 2701 784 2732; x_wconf 88' lang='lat' dir='ltr'><em>Valde</em></span> 
     </span>
     <span class='ocr_line' id='line_1_43' title="bbox 84 2743 785 2785; baseline -0.003 -10"><span class='ocrx_word' id='word_1_213' title='bbox 84 2744 271 2785; x_wconf 83' lang='lat' dir='ltr'><em>discrepant</em></span> <span class='ocrx_word' id='word_1_214' title='bbox 291 2746 404 2785; x_wconf 84' lang='lat' dir='ltr'><em>scripti</em></span> <span class='ocrx_word' id='word_1_215' title='bbox 427 2750 461 2774; x_wconf 88' lang='lat' dir='ltr'><em>et</em></span> <span class='ocrx_word' id='word_1_216' title='bbox 483 2743 557 2774; x_wconf 86' lang='lat' dir='ltr'><em>edd.</em></span> <span class='ocrx_word' id='word_1_217' title='bbox 579 2744 612 2773; x_wconf 89' lang='lat' dir='ltr'><em>in</em></span> <span class='ocrx_word' id='word_1_218' title='bbox 637 2744 702 2774; x_wconf 86' lang='lat' dir='ltr'><em>his:</em></span> <span class='ocrx_word' id='word_1_219' title='bbox 728 2743 785 2774; x_wconf 84' lang='lat' dir='ltr'><em>alii</em></span> 
     </span>
     <span class='ocr_line' id='line_1_44' title="bbox 85 2786 787 2829; baseline 0 -11"><span class='ocrx_word' id='word_1_220' title='bbox 85 2795 149 2829; x_wconf 75' lang='lat' dir='ltr'><em>pro</em></span> <span class='ocrx_word' id='word_1_221' title='bbox 162 2788 218 2828; x_wconf 78' lang='lat' dir='ltr'><em>qui</em></span> <span class='ocrx_word' id='word_1_222' title='bbox 231 2790 269 2817; x_wconf 79' lang='lat' dir='ltr'><em>tu</em></span> <span class='ocrx_word' id='word_1_223' title='bbox 289 2786 414 2819; x_wconf 84' lang='lat' dir='ltr'><em>habent</em></span> <span class='ocrx_word' id='word_1_224' title='bbox 427 2787 506 2827; x_wconf 81' lang='lat' dir='ltr'><em>quia</em></span> <span class='ocrx_word' id='word_1_225' title='bbox 520 2790 571 2826; x_wconf 85' lang='lat' dir='ltr'><em>tu,</em></span> <span class='ocrx_word' id='word_1_226' title='bbox 585 2792 624 2818; x_wconf 88' lang='lat' dir='ltr'><em>ut</em></span> <span class='ocrx_word' id='word_1_227' title='bbox 636 2786 738 2818; x_wconf 85' lang='lat' dir='ltr'><em>edidit</em></span> <span class='ocrx_word' id='word_1_228' title='bbox 751 2790 787 2818; x_wconf 88' lang='lat' dir='ltr'><em>et</em></span> 
     </span>
    </p>
   </div>
   <div class='ocr_carea' id='block_1_23' title="bbox 824 2282 1527 2830">
    <p class='ocr_par' dir='ltr' id='par_1_24' title="bbox 824 2282 1527 2830">
     <span class='ocr_line' id='line_1_45' title="bbox 824 2282 1524 2326; baseline 0.009 -14"><span class='ocrx_word' id='word_1_229' title='bbox 824 2282 991 2321; x_wconf 77' lang='lat' dir='ltr'><em>Graeviu53</em></span> <span class='ocrx_word' id='word_1_230' title='bbox 1019 2283 1072 2313; x_wconf 79' lang='lat' dir='ltr'><em>alii</em></span> <span class='ocrx_word' id='word_1_231' title='bbox 1095 2293 1183 2321; x_wconf 85' lang='lat' dir='ltr'><em>cum,</em></span> <span class='ocrx_word' id='word_1_232' title='bbox 1198 2289 1236 2314; x_wconf 83' lang='lat' dir='ltr'><em>ut</em></span> <span class='ocrx_word' id='word_1_233' title='bbox 1251 2285 1304 2320; x_wconf 64' lang='lat'><em>210.</em></span> <span class='ocrx_word' id='word_1_234' title='bbox 1329 2286 1412 2326; x_wconf 86' lang='lat' dir='ltr'><em>Spir.</em></span> <span class='ocrx_word' id='word_1_235' title='bbox 1427 2287 1524 2319; x_wconf 86' lang='lat' dir='ltr'><em>Rom.</em></span> 
     </span>
     <span class='ocr_line' id='line_1_46' title="bbox 824 2325 1524 2366; baseline 0.01 -13"><span class='ocrx_word' id='word_1_236' title='bbox 824 2325 879 2354; x_wconf 86' lang='lat' dir='ltr'><em>alii</em></span> <span class='ocrx_word' id='word_1_237' title='bbox 896 2331 932 2355; x_wconf 92' lang='lat' dir='ltr'><em>ut</em></span> <span class='ocrx_word' id='word_1_238' title='bbox 949 2326 1010 2356; x_wconf 92' lang='lat' dir='ltr'><em>Gu.</em></span> <span class='ocrx_word' id='word_1_239' title='bbox 1027 2327 1179 2366; x_wconf 75' lang='lat' dir='ltr'><em>quoniam</em></span> <span class='ocrx_word' id='word_1_240' title='bbox 1191 2340 1201 2357; x_wconf 89' lang='lat'><em>.·</em></span> <span class='ocrx_word' id='word_1_241' title='bbox 1229 2337 1288 2357; x_wconf 88' lang='lat' dir='ltr'><em>nec</em></span> <span class='ocrx_word' id='word_1_242' title='bbox 1311 2331 1524 2360; x_wconf 78' lang='lat' dir='ltr'><em>consentiunt</em></span> 
     </span>
     <span class='ocr_line' id='line_1_47' title="bbox 825 2367 1524 2409; baseline 0.009 -13"><span class='ocrx_word' id='word_1_243' title='bbox 825 2367 882 2397; x_wconf 78' lang='lat' dir='ltr'><em>viri</em></span> <span class='ocrx_word' id='word_1_244' title='bbox 902 2367 1002 2399; x_wconf 85' lang='lat' dir='ltr'><em>docti.</em></span> <span class='ocrx_word' id='word_1_245' title='bbox 1050 2368 1175 2408; x_wconf 87' lang='lat' dir='ltr'><em>Nempe</em></span> <span class='ocrx_word' id='word_1_246' title='bbox 1200 2378 1264 2398; x_wconf 83' lang='grc'><strong>11011</strong></span> <span class='ocrx_word' id='word_1_247' title='bbox 1283 2373 1449 2409; x_wconf 71' lang='lat' dir='ltr'><em>cognitam</em></span> <span class='ocrx_word' id='word_1_248' title='bbox 1467 2371 1524 2402; x_wconf 83' lang='lat' dir='ltr'><em>ha·</em></span> 
     </span>
     <span class='ocr_line' id='line_1_48' title="bbox 825 2408 1525 2443; baseline 0.007 -5"><span class='ocrx_word' id='word_1_249' title='bbox 825 2408 924 2439; x_wconf 88' lang='lat' dir='ltr'><em>buere</em></span> <span class='ocrx_word' id='word_1_250' title='bbox 960 2420 1068 2440; x_wconf 84' lang='lat' dir='ltr'><em>veram</em></span> <span class='ocrx_word' id='word_1_251' title='bbox 1105 2416 1306 2441; x_wconf 77' lang='lat' dir='ltr'><em>structuram</em></span> <span class='ocrx_word' id='word_1_252' title='bbox 1344 2414 1525 2443; x_wconf 80' lang='lat' dir='ltr'><em>sententia-</em></span> 
     </span>
     <span class='ocr_line' id='line_1_49' title="bbox 825 2452 1524 2492; baseline 0.007 -11"><span class='ocrx_word' id='word_1_253' title='bbox 825 2460 909 2481; x_wconf 84' lang='lat' dir='ltr'><em>rum.</em></span> <span class='ocrx_word' id='word_1_254' title='bbox 955 2452 1053 2483; x_wconf 86' lang='lat' dir='ltr'><em>Ratio</em></span> <span class='ocrx_word' id='word_1_255' title='bbox 1077 2459 1127 2482; x_wconf 86' lang='lat' dir='ltr'><em>est</em></span> <span class='ocrx_word' id='word_1_256' title='bbox 1148 2452 1266 2492; x_wconf 77' lang='lat' dir='ltr'><em>duplex</em></span> <span class='ocrx_word' id='word_1_257' title='bbox 1281 2459 1314 2482; x_wconf 91' lang='lat' dir='ltr'><em>et</em></span> <span class='ocrx_word' id='word_1_258' title='bbox 1340 2455 1524 2492; x_wconf 80' lang='lat' dir='ltr'><em>subjectum</em></span> 
     </span>
     <span class='ocr_line' id='line_1_50' title="bbox 826 2491 1525 2534; baseline 0.009 -13"><span class='ocrx_word' id='word_1_259' title='bbox 826 2491 957 2531; x_wconf 80' lang='lat' dir='ltr'><em>duplex,</em></span> <span class='ocrx_word' id='word_1_260' title='bbox 980 2498 1016 2523; x_wconf 83' lang='lat' dir='ltr'><em>tu</em></span> <span class='ocrx_word' id='word_1_261' title='bbox 1036 2498 1070 2523; x_wconf 77' lang='lat' dir='ltr'><em>et</em></span> <span class='ocrx_word' id='word_1_262' title='bbox 1091 2503 1169 2532; x_wconf 79' lang='lat' dir='ltr'><em>ego.-</em></span> <span class='ocrx_word' id='word_1_263' title='bbox 1190 2495 1245 2524; x_wconf 81' lang='lat' dir='ltr'><em>sed</em></span> <span class='ocrx_word' id='word_1_264' title='bbox 1268 2496 1427 2534; x_wconf 82' lang='lat' dir='ltr'><em>particula</em></span> <span class='ocrx_word' id='word_1_265' title='bbox 1449 2507 1525 2526; x_wconf 88' lang='lat' dir='ltr'><em>cau-</em></span> 
     </span>
     <span class='ocr_line' id='line_1_51' title="bbox 826 2534 1524 2575; baseline 0.007 -12"><span class='ocrx_word' id='word_1_266' title='bbox 826 2534 900 2564; x_wconf 81' lang='lat' dir='ltr'><em>salis</em></span> <span class='ocrx_word' id='word_1_267' title='bbox 923 2536 1000 2575; x_wconf 83' lang='lat' dir='ltr'><em>quia</em></span> <span class='ocrx_word' id='word_1_268' title='bbox 1030 2541 1162 2566; x_wconf 80' lang='lat' dir='ltr'><em>tantum</em></span> <span class='ocrx_word' id='word_1_269' title='bbox 1192 2537 1291 2566; x_wconf 87' lang='lat' dir='ltr'><em>semel</em></span> <span class='ocrx_word' id='word_1_270' title='bbox 1319 2537 1414 2567; x_wconf 84' lang='lat' dir='ltr'><em>debet</em></span> <span class='ocrx_word' id='word_1_271' title='bbox 1443 2548 1524 2575; x_wconf 78' lang='lat' dir='ltr'><em>esse,</em></span> 
     </span>
     <span class='ocr_line' id='line_1_52' title="bbox 826 2576 1526 2618; baseline 0.006 -12"><span class='ocrx_word' id='word_1_272' title='bbox 826 2576 892 2606; x_wconf 86' lang='lat' dir='ltr'><em>sic:</em></span> <span class='ocrx_word' id='word_1_273' title='bbox 918 2584 968 2613; x_wconf 74' lang='grc'><strong>111,</strong></span> <span class='ocrx_word' id='word_1_274' title='bbox 991 2579 1068 2617; x_wconf 80' lang='lat' dir='ltr'><em>quia</em></span> <span class='ocrx_word' id='word_1_275' title='bbox 1091 2584 1141 2614; x_wconf 74' lang='lat' dir='ltr'><em>tu,</em></span> <span class='ocrx_word' id='word_1_276' title='bbox 1166 2578 1226 2607; x_wconf 79' lang='lat' dir='ltr'><em>nisi</em></span> <span class='ocrx_word' id='word_1_277' title='bbox 1250 2579 1392 2618; x_wconf 69' lang='lat' dir='ltr'><em>perf-:cta</em></span> <span class='ocrx_word' id='word_1_278' title='bbox 1415 2588 1460 2615; x_wconf 86' lang='lat' dir='ltr'><em>re,</em></span> <span class='ocrx_word' id='word_1_279' title='bbox 1486 2580 1526 2610; x_wconf 79' lang='lat' dir='ltr'><em>de</em></span> 
     </span>
     <span class='ocr_line' id='line_1_53' title="bbox 827 2620 1527 2658; baseline 0.006 -10"><span class='ocrx_word' id='word_1_280' title='bbox 827 2628 892 2655; x_wconf 85' lang='lat' dir='ltr'><em>me,</em></span> <span class='ocrx_word' id='word_1_281' title='bbox 916 2628 982 2649; x_wconf 89' lang='lat' dir='ltr'><em>non</em></span> <span class='ocrx_word' id='word_1_282' title='bbox 1006 2621 1198 2658; x_wconf 84' lang='lat' dir='ltr'><em>conquiesti,</em></span> <span class='ocrx_word' id='word_1_283' title='bbox 1222 2630 1279 2658; x_wconf 77' lang='lat' dir='ltr'><em>ego</em></span> <span class='ocrx_word' id='word_1_284' title='bbox 1294 2630 1359 2649; x_wconf 86' lang='lat' dir='ltr'><em>non</em></span> <span class='ocrx_word' id='word_1_285' title='bbox 1384 2620 1468 2651; x_wconf 87' lang='lat' dir='ltr'><em>idem</em></span> <span class='ocrx_word' id='word_1_286' title='bbox 1491 2622 1527 2652; x_wconf 89' lang='lat' dir='ltr'><em>in</em></span> 
     </span>
     <span class='ocr_line' id='line_1_54' title="bbox 826 2662 1527 2702; baseline 0.007 -13"><span class='ocrx_word' id='word_1_287' title='bbox 826 2665 886 2690; x_wconf 74' lang='lat' dir='ltr'><em>tua</em></span> <span class='ocrx_word' id='word_1_288' title='bbox 900 2670 996 2691; x_wconf 85' lang='lat' dir='ltr'><em>eausa</em></span> <span class='ocrx_word' id='word_1_289' title='bbox 1011 2662 1114 2691; x_wconf 83' lang='lat' dir='ltr'><em>efficio</em></span> <span class='ocrx_word' id='word_1_290' title='bbox 1132 2663 1190 2692; x_wconf 66' lang='grc' dir='ltr'><em>ἃς.</em></span> <span class='ocrx_word' id='word_1_291' title='bbox 1209 2662 1348 2691; x_wconf 72' lang='lat' dir='ltr'><em>alterum</em></span> <span class='ocrx_word' id='word_1_292' title='bbox 1361 2672 1437 2701; x_wconf 78' lang='lat' dir='ltr'><em>ergo</em></span> <span class='ocrx_word' id='word_1_293' title='bbox 1449 2664 1527 2702; x_wconf 80' lang='lat' dir='ltr'><em>quia</em></span> 
     </span>
     <span class='ocr_line' id='line_1_55' title="bbox 827 2701 1527 2739; baseline 0.006 -8"><span class='ocrx_word' id='word_1_294' title='bbox 827 2701 1015 2739; x_wconf 87' lang='lat' dir='ltr'><em>delendum,</em></span> <span class='ocrx_word' id='word_1_295' title='bbox 1030 2713 1089 2733; x_wconf 86' lang='lat' dir='ltr'><em>nee</em></span> <span class='ocrx_word' id='word_1_296' title='bbox 1111 2704 1200 2734; x_wconf 81' lang='lat' dir='ltr'><em>salva</em></span> <span class='ocrx_word' id='word_1_297' title='bbox 1216 2703 1381 2734; x_wconf 82' lang='lat' dir='ltr'><em>latinitate</em></span> <span class='ocrx_word' id='word_1_298' title='bbox 1403 2709 1436 2735; x_wconf 85' lang='lat' dir='ltr'><em>et</em></span> <span class='ocrx_word' id='word_1_299' title='bbox 1458 2705 1527 2736; x_wconf 82' lang='lat' dir='ltr'><em>eol-</em></span> 
     </span>
     <span class='ocr_line' id='line_1_56' title="bbox 828 2742 1525 2785; baseline 0.009 -13"><span class='ocrx_word' id='word_1_300' title='bbox 828 2742 991 2775; x_wconf 80' lang='lat' dir='ltr'><em>locatione</em></span> <span class='ocrx_word' id='word_1_301' title='bbox 1014 2745 1162 2784; x_wconf 72' lang='lat' dir='ltr'><em>legitima</em></span> <span class='ocrx_word' id='word_1_302' title='bbox 1181 2752 1266 2776; x_wconf 84' lang='lat' dir='ltr'><em>stare</em></span> <span class='ocrx_word' id='word_1_303' title='bbox 1291 2751 1410 2785; x_wconf 78' lang='lat' dir='ltr'><em>potest.</em></span> <span class='ocrx_word' id='word_1_304' title='bbox 1436 2747 1525 2779; x_wconf 87' lang='lat' dir='ltr'><em>addi-</em></span> 
     </span>
     <span class='ocr_line' id='line_1_57' title="bbox 827 2787 1486 2830; baseline 0.006 -16"><span class='ocrx_word' id='word_1_305' title='bbox 827 2789 901 2815; x_wconf 88' lang='lat' dir='ltr'><em>tum</em></span> <span class='ocrx_word' id='word_1_306' title='bbox 913 2791 964 2818; x_wconf 85' lang='lat' dir='ltr'><em>est</em></span> <span class='ocrx_word' id='word_1_307' title='bbox 977 2797 997 2818; x_wconf 91' lang='lat' dir='ltr'><em>a</em></span> <span class='ocrx_word' id='word_1_308' title='bbox 1009 2787 1200 2828; x_wconf 83' lang='lat' dir='ltr'><em>glossatore.</em></span> <span class='ocrx_word' id='word_1_309' title='bbox 1241 2787 1358 2830; x_wconf 82' lang='lat' dir='ltr'><em>ltaque</em></span> <span class='ocrx_word' id='word_1_310' title='bbox 1371 2788 1486 2820; x_wconf 87' lang='lat' dir='ltr'><em>delevi.</em></span> 
     </span>
    </p>
   </div>
   <div class='ocr_carea' id='block_1_24' title="bbox 825 2834 901 2872">
    <p class='ocr_par' dir='ltr' id='par_1_25' title="bbox 825 2834 901 2872">
     <span class='ocr_line' id='line_1_58' title="bbox 825 2834 901 2872; baseline 0.039 -3"><span class='ocrx_word' id='word_1_311' title='bbox 825 2834 901 2872; x_wconf 72' lang='lat'><em>1³4</em></span> 
     </span>
    </p>
   </div>
   <div class='ocr_carea' id='block_1_25' title="bbox 1536 1358 1554 1387">
    <p class='ocr_par' dir='ltr' id='par_1_26' title="bbox 1536 1358 1554 1387">
     <span class='ocr_line' id='line_1_59' title="bbox 1536 1358 1554 1387; baseline 0 0"><span class='ocrx_word' id='word_1_312' title='bbox 1536 1358 1554 1387; x_wconf 83' lang='lat'>1</span> 
     </span>
    </p>
   </div>
   <div class='ocr_carea' id='block_1_26' title="bbox 1381 1832 1562 1875">
    <p class='ocr_par' dir='ltr' id='par_1_27' title="bbox 1381 1832 1562 1875">
     <span class='ocr_line' id='line_1_60' title="bbox 1381 1832 1562 1875; baseline 0.011 -2"><span class='ocrx_word' id='word_1_313' title='bbox 1381 1832 1520 1875; x_wconf 84' lang='lat' dir='ltr'><em>Tanta</em></span> <span class='ocrx_word' id='word_1_314' title='bbox 1531 1841 1562 1862; x_wconf 87' lang='lat' dir='ltr'><em>a.</em></span> 
     </span>
    </p>
   </div>
  </div>
 </body>
</html>
