1860 3228
538 79 718 119 COELII
746 79 825 117 AD
851 76 1215 117 CICERONEM.
1522 82 1594 116 198

173 182 356 236 Coelius,
380 185 428 226 L.
450 183 660 235 Vinicius,
685 182 734 223 P.
759 182 999 234 Cornelius,
1022 181 1074 223 C.
1097 180 1250 222 Vibius
1274 179 1428 220 Pansa.
1489 179 1595 220 Item

164 242 324 283 senatui
352 241 530 296 placere,
563 240 612 281 de
647 239 859 291 militibus,
895 239 1017 296 9⁴quz'
1052 238 1097 279 in
1129 237 1304 278 exercita
1344 234 1394 276 C.
1427 234 1597 276 Caesaris

166 297 274 339 sint:
303 299 376 354 qui
408 312 542 340 eorum
560 296 761 352 stipendia
782 297 948 337 emerita
969 302 1042 337 aut
1062 308 1214 345 causas,
1236 293 1380 349 quibus
1400 291 1448 332 de
1468 292 1597 332 causis

165 355 274 395 missi
277 355 381 410 fieri
398 356 582 404 debeant,
603 354 794 405 babeant,
815 352 870 394 ad
889 353 992 394 hunc
1014 351 1194 393 ordinem
1214 347 1373 406 referri,
1393 355 1439 389 nt
1460 362 1595 390 eorum

164 412 273 452 ratio
302 411 514 461 habeatur,
543 424 748 466 causaeque
777 416 1083 468 cognoscantur.
1145 408 1193 450 Si
1223 407 1312 462 quis
1339 405 1431 447 huic
1462 404 1509 446 S.
1542 403 1592 445 C.

164 467 440 520 intercesserit,
459 467 616 508 senatui
632 470 808 522 placere,
828 468 1113 509 auctoritatem
1126 463 1340 520 perscribi,
1358 469 1396 504 et
1416 461 1465 503 de
1485 476 1530 502 ea
1551 477 1595 503 re

163 524 222 564 ad
247 532 427 566 senatum
449 524 724 580 populumque
753 523 912 581 referri.
974 524 1091 566 Huic
1126 525 1170 564 S.
1195 521 1246 563 C.
1270 519 1509 561 intercessit
1540 517 1592 559 C.

167 580 348 632 Coelius,
372 581 423 622 C.
449 582 601 631 Pansa,
625 582 785 622 tribuni
819 581 969 637 plebis.
1032 579 1215 635 Itemque
1235 577 1394 619 senatui
1417 575 1592 631 placere,

161 637 206 678 in
231 636 421 679 Ciliciam
433 638 705 693 provinciam,
727 638 772 678 in
792 645 880 680 octo
902 637 1077 694 reliquas
1092 635 1338 691 provincias,
1360 648 1459 689 quas
1482 647 1592 688 prce-

160 694 258 734 torii
272 709 349 749 pro
365 702 538 750 praetore
559 695 799 746 obtinerent,
817 709 891 746 eos,
904 694 976 751 qui
986 700 1177 750 praetores
1182 691 1378 748 fuerunt,
1402 705 1527 746 neque
1547 689 1591 730 in

153 751 371 805 provincia
403 767 492 793 cum
525 752 692 807 imperio
706 750 902 808 fuerunt,
923 766 1018 807 qnos
1039 765 1173 791 eorum
1195 764 1242 790 er
1265 748 1309 790 S.
1335 746 1384 789 C.
1407 761 1495 788 cum
1515 747 1591 787 irn-

152 808 270 862 perio
291 809 336 849 in
352 809 584 864 provincias
601 824 676 864 pro
692 815 865 864 praetore
884 809 996 849 mitti
1024 812 1250 863 oporteret3
1281 820 1342 846 eos
1371 804 1514 846 sortito
1546 804 1590 844 in

150 865 388 919 provincias
407 866 517 907 mitti
527 866 704 921 placere.
722 867 755 907 si
774 881 822 907 ex
841 880 884 907 eo
905 879 1084 917 numero,
1106 878 1201 920 qnos
1221 877 1268 904 ex
1290 862 1335 903 S.
1358 861 1408 903 C.
1430 862 1475 902 in
1487 875 1588 916 pro-

157 921 311 963 vincias
338 923 398 964 ire
427 930 640 978 oporteret,
660 923 717 964 ad
748 937 955 964 numerum
987 937 1068 963 non
1100 927 1237 970 essent,
1256 920 1327 975 qui
1347 919 1391 960 in
1412 933 1477 960 eas
1489 933 1589 974 pro-

156 978 312 1020 vincias
335 980 709 1034 prcficiscerentur:
741 987 827 1021 tam
856 980 920 1021 uti
953 980 1136 1035 quodque
1172 976 1383 1033 collegium
1409 975 1589 1030 primum

148 1042 372 1089 praetorum
379 1036 546 1092 ficisset,
566 1051 692 1093 neque
712 1037 756 1078 in
779 1037 1015 1092 provincias
1034 1034 1212 1092 profecti
1240 1040 1377 1084 essent,
1399 1033 1459 1074 ita
1486 1039 1591 1073 sorte

155 1091 202 1133 in
231 1093 467 1147 provincias
495 1094 857 1148 prtficiscerentnr.
888 1094 922 1134 si
959 1094 990 1134 ii
1022 1092 1078 1134 ad
1108 1106 1316 1133 numerum
1344 1105 1425 1131 non
1453 1096 1590 1139 essent,

156 1154 253 1190 tunc
275 1149 457 1206 deinceps
468 1151 650 1205 proximi
679 1152 867 1207 cujusque
895 1149 1071 1206 collegii,
1092 1149 1163 1205 qui
1186 1154 1380 1202 praetores
1393 1145 1632 1203 fuissent,b-

157 1220 287 1262 neque
317 1207 362 1248 in
388 1208 622 1262 provincias
645 1206 824 1264 projecti
852 1213 989 1255 essent,
1021 1206 1066 1246 in
1103 1211 1247 1246 sortem
1281 1204 1591 1259 conjicerentur,

155 1263 295 1319 quoad
311 1264 345 1304 is
366 1279 552 1305 numerus
572 1263 729 1319 effectus
758 1270 865 1313 esset,
887 1278 1002 1319 quem
1032 1261 1087 1303 ad
1115 1275 1323 1302 numerum
1352 1261 1397 1301 in
1419 1261 1592 1314 provin-

151 1319 242 1361 cias
269 1320 381 1361 mitti
409 1328 622 1376 oporteret.
685 1321 734 1361 Si
754 1321 842 1376 quis
871 1320 963 1361 hnic
997 1319 1042 1360 S.
1069 1318 1119 1360 C.
1140 1317 1430 1368 intercessisset,
1452 1323 1591 1357 aucto-

154 1376 259 1417 ritas
282 1378 611 1432 perscriberetur.
670 1377 791 1419 Huic
821 1387 992 1418 senatus
1033 1375 1231 1418 consulto
1264 1374 1505 1415 intercessit
1539 1372 1591 1414 C.

155 1432 341 1485 Coelius,
365 1434 416 1476 C.
441 1435 595 1486 Pansa,
621 1435 781 1475 tribuni
806 1435 956 1490 plebis.
1017 1433 1096 1474 Illa
1117 1442 1326 1489 praeterea
1352 1431 1435 1472 Cn.
1462 1430 1590 1472 Pom—

153 1491 241 1546 peii
276 1501 374 1532 sunt
406 1493 713 1543 animadversa,
744 1507 841 1546 quae
876 1491 1063 1532 maxime
1096 1489 1402 1530 confidentiam
1436 1488 1590 1528 attule-

153 1556 256 1590 runt
288 1548 551 1598 hominibus,
582 1551 622 1583 95
637 1558 684 1589 ut
715 1548 891 1598 diceret,
914 1563 957 1589 se
989 1557 1088 1588 ante
1124 1546 1306 1587 Kalend.
1338 1544 1473 1585 Mart.
1504 1559 1589 1586 non

152 1618 281 1664 posse
302 1605 393 1646 sine
415 1606 572 1661 injuria
592 1605 645 1646 de
669 1606 902 1661 provinciis
932 1605 1116 1646 Caesaris
1146 1612 1346 1653 statuere,
1370 1611 1468 1658 post
1493 1600 1590 1643 Kal.

155 1661 294 1703 Mart.
316 1676 361 1703 se
391 1677 477 1704 non
509 1663 819 1703 dubitaturum.
882 1662 994 1703 Cum
1025 1662 1374 1716 interrogaretur,
1396 1660 1437 1693 96
1451 1659 1484 1698 si
1515 1660 1590 1714 qui

154 1727 249 1759 tum
271 1719 605 1762 intercederent:
635 1720 763 1771 dixit,
786 1719 868 1760 hoc
889 1719 994 1760 nihil
1017 1719 1235 1769 interesse,
1258 1726 1400 1758 utrum
1425 1715 1476 1756 C.
1492 1715 1591 1756 Cae-

152 1790 224 1817 sar
245 1777 410 1818 senatui
432 1777 550 1818 dicto
574 1777 749 1818 audiens
775 1776 942 1817 futurus
971 1790 1058 1817 non
1088 1784 1213 1825 esset,
1236 1789 1288 1814 an
1314 1782 1494 1829 pararet,
1517 1773 1591 1828 qui

153 1842 352 1875 senatum
373 1834 599 1875 decernere
621 1849 707 1875 non
731 1843 960 1890 pateretur.
1021 1833 1137 1879 Quid
1164 1832 1215 1882 si,
1238 1831 1377 1885 inquit
1406 1829 1528 1881 alius,
1550 1842 1593 1870 et

152 1890 305 1932 consul
336 1905 442 1942 esse,
463 1902 507 1932 et
536 1892 775 1932 exercitum
808 1891 964 1931 habere
986 1890 1128 1931 volet?
1168 1888 1230 1929 At
1251 1888 1334 1938 ille,
1357 1902 1485 1942 quam
1508 1887 1593 1928 cle-

153 1949 345 1990 menter!
398 1948 515 1995 Quid
538 1950 570 1989 si
594 1948 706 1990 filius
727 1963 847 1989 meus
869 1947 1027 1989 fustem
1050 1946 1156 1987 mihi
1187 1946 1428 2001 impingere
1450 1945 1593 1986 volet?

154 2003 242 2046 His
266 2005 459 2057 vocibus,
482 2015 528 2047 ut
561 2006 859 2047 existimarent
886 2005 1097 2054 homines,
1122 2002 1333 2057 Pompeio
1365 2016 1463 2042 cuni
1494 2001 1591 2042 Cae-

155 2075 249 2103 sare
279 2076 372 2104 esse
402 2063 642 2119 negotium,
663 2063 822 2104 effecit.
885 2062 1036 2117 Itaque
1062 2061 1171 2116 jam,
1205 2069 1252 2100 ut
1276 2059 1414 2109 video,
1436 2058 1592 2099 alteru-

156 2127 269 2160 tram
301 2119 355 2160 ad
388 2121 681 2161 conditionem
714 2120 971 2161 descendere
1004 2118 1094 2160 vult
1128 2116 1289 2167 Caesar,
1313 2126 1362 2156 ut
1393 2125 1467 2156 aut
1505 2130 1592 2155 ma-

156 2184 274 2227 neat,
295 2190 434 2230 neque
466 2177 550 2218 hoc
582 2191 695 2218 anno
723 2181 763 2211 97
778 2192 853 2217 sua
888 2177 997 2217 ratio
1029 2175 1261 2216 habeatur:
1293 2183 1380 2223 aut,
1416 2174 1449 2213 si
1483 2173 1594 2214 desi-

156 2233 281 2287 gnari
305 2233 477 2288 poterit,
499 2234 692 2275 decedat.
753 2233 886 2274 Curio
909 2248 952 2273 se
975 2243 1126 2274 contra
1150 2245 1247 2272 eum
1283 2240 1422 2272 totum
1457 2242 1591 2288 parat.

156 2289 262 2344 quid
291 2291 457 2345 assequi
489 2291 638 2346 possit,
662 2292 822 2331 nescio.
883 2289 994 2331 Illud
1019 2290 1156 2339 video,
1180 2289 1288 2329 bene
1320 2288 1590 2338 sentientem,

156 2346 238 2387 etsi
263 2346 370 2387 nihil
389 2346 594 2397 effecerit,
616 2348 768 2388 cadere
788 2362 874 2388 non
899 2362 1036 2404 posse.
1085 2346 1162 2387 Me
1184 2354 1341 2387 tractat
1362 2345 1593 2387 liberaliter

160 2402 310 2455 Curio,
338 2413 382 2444 et
412 2405 518 2446 mihi
552 2419 628 2446 suo
658 2419 833 2446 munere
869 2405 1093 2461 negotium
1126 2403 1348 2459 imposuit.
1409 2403 1522 2444 Nam
1557 2402 1589 2442 si

203 2528 245 2561 94
263 2527 373 2567 quiin
394 2529 536 2559 exercitu
563 2527 596 2558 C.
615 2529 695 2568 sint]
721 2529 855 2560 Cori-exi
938 2527 979 2561 96
1007 2529 1035 2558 si
1064 2527 1119 2567 qui
1148 2531 1220 2557 tum
1247 2525 1495 2563 intercederent]
1527 2525 1588 2555 int.

162 2569 251 2609 vulg.
263 2573 354 2600 sunt.
378 2579 454 2600 nam
473 2571 622 2610 sequitur
635 2571 782 2605 debeant,
798 2573 856 2601 ha-
897 2569 973 2611 qnid
988 2570 1134 2600 facturus
1147 2574 1244 2605 esset,
1257 2567 1440 2599 faciendum
1457 2567 1541 2597 foret
1554 2568 1567 2596 ?

161 2613 268 2643 beant·
940 2615 980 2646 97
1002 2622 1063 2643 sua
1084 2613 1170 2643 ratio
1192 2610 1365 2649 habeatur]
1393 2609 1463 2639 Sua
1479 2619 1496 2637 e
1513 2608 1591 2639 Mss.

205 2656 246 2688 95
268 2658 306 2684 ut
325 2653 458 2693 diceret]
483 2654 614 2686 Scribe:
637 2665 712 2686 cum
728 2656 857 2686 diceret.
899 2655 963 2685 Gu.
979 2654 1070 2685 Gorl.
1084 2659 1118 2685 et
1139 2653 1210 2684 edd.
1236 2652 1325 2683 Med.
1342 2654 1415 2682 Asc.
1437 2650 1508 2681 dedi
1533 2661 1591 2691 pro

164 2704 239 2726 nam
253 2699 292 2726 ut
307 2697 399 2727 nullo
420 2695 517 2726 modo
540 2697 593 2728 hic
613 2698 722 2728 locum
744 2698 855 2728 habet.
897 2699 959 2727 sut.
974 2707 1007 2727 v.
1021 2706 1119 2737 supra
1133 2696 1174 2726 ad
1188 2705 1240 2736 ep.
1259 2698 1290 2726 5.
1306 2695 1356 2724 sui
1372 2694 1466 2725 fluxit
1488 2703 1526 2723 ex
1541 2693 1591 2723 ed.

162 2746 240 2768 mox
254 2747 286 2768 se
299 2747 364 2768 non
377 2739 606 2770 dubitaturum
622 2740 684 2771 int.
699 2745 856 2770 statuere.
899 2739 973 2770 Ald.
993 2741 1084 2770 1502.
1103 2747 1177 2768 mox
1194 2750 1200 2767 :
1224 2738 1252 2766 si
1267 2736 1432 2774 designari
1450 2736 1569 2774 poterit
1584 2748 1592 2763 .-

165 2779 312 2809 Graevius
336 2781 449 2811 omisit
473 2790 560 2819 mm,-
581 2786 662 2822 puto
683 2792 751 2813 esse
776 2782 858 2813 vitio
900 2782 1002 2812 inimo
1018 2782 1131 2821 possit,
1147 2784 1187 2809 ut
1207 2778 1401 2818 respondeat
1418 2779 1459 2817 τῷ
1475 2778 1592 2808 habea-

164 2829 338 2861 operarum
350 2821 487 2852 factum.
901 2828 970 2854 tur.

225 2875 334 2904 voL.
355 2876 433 2906 111.
460 2877 500 2906 P.
526 2878 557 2906 1.
853 2878 881 2904 0
