1817 3196
257 73 330 106 130
610 68 789 108 EPIST.
818 69 1005 108 LIBER
1040 68 1268 108 SEXTUS

255 185 325 212 ma
347 170 416 211 illa
437 170 673 213 consolatio
695 181 773 224 est,
799 174 836 205 16
852 173 1004 214 vidisse
1020 188 1088 214 me
1102 173 1214 229 pluS,
1235 186 1363 226 quam
1381 179 1558 222 ceteros„
1581 184 1676 214 cum

254 227 495 283 cupiebam,
531 230 724 283 quamvis
757 231 902 285 iniqua
923 230 1185 280 conditione,
1219 242 1380 284 pacem.
1441 227 1570 274 Quod
1599 229 1678 269 etsi

256 299 371 335 casu,
401 299 486 325 non
517 285 779 327 divinatione
803 301 895 327 mea
917 286 1075 328 factum
1108 297 1197 328 est:
1231 296 1370 326 tamen
1398 286 1456 318 ¹7
1447 299 1488 324 ln
1512 284 1623 325 hac
1614 299 1678 326 in·

257 341 325 382 ani
347 341 582 396 prudentiae
606 342 728 383 laude
749 343 949 384 delector.
989 342 1169 394 Deinde,
1191 342 1304 397 quod
1327 340 1430 382 mihi
1454 341 1506 381 ad
1528 355 1680 381 conso-

257 398 459 438 lationem
481 413 708 439 commune
732 409 871 440 tecum
894 409 972 449 est,
995 400 1028 439 si
1043 400 1135 453 jam
1159 413 1284 439 vocer
1305 399 1357 438 ad
1379 397 1543 437 exitum
1565 397 1680 448 vitae,

260 469 344 494 non
383 455 436 495 ab
473 469 522 495 ea
556 455 772 509 republica
802 455 970 505 aveller,
1006 470 1089 508 qua
1121 456 1349 495 carendum
1379 468 1469 494 esse
1499 453 1680 504 doleam,

260 511 493 566 praesertim
534 525 630 550 cum
667 510 708 551 id
743 511 831 551 sine
870 511 954 551 ullo
983 525 1104 550 sensu
1140 510 1328 552 futurum
1364 512 1432 551 sit.
1492 510 1684 565 Adjuvat

259 568 389 608 etiam
421 577 548 617 aetas;
579 576 622 607 et
650 578 746 608 acta
768 568 859 622 jam
886 568 985 617 vita,
1016 581 1112 621 quae
1148 569 1182 596 ¹2
1196 581 1293 607 cum
1325 582 1446 608 cursu
1477 582 1552 608 suo
1578 567 1683 608 bene

260 622 460 664 confecto
491 623 739 674 delectatur,
771 634 858 665 tum
886 633 999 664 vetat
1032 624 1076 662 in
1106 637 1157 663 eo
1182 623 1267 662 vim
1298 624 1460 674 timere,
1491 638 1576 678 quo
1606 638 1683 664 nos

254 679 348 734 jam
387 689 539 720 natura
574 681 666 735 ipsa
701 696 821 735 paene
853 679 1113 736 perduxerit.
1176 679 1413 731 Postremo,
1445 682 1478 720 is
1512 681 1588 731 vir,
1620 679 1683 720 vel

261 737 390 777 etiam
414 737 442 777 ii
468 737 560 786 ιὶι·ἰ,
590 737 672 777 hoc
697 737 806 778 bello
828 737 1092 787 occiderunt,
1122 749 1169 776 ut
1192 737 1455 791 impudentia
1478 737 1684 786 videatur,

262 793 440 834 ειηᾶεω
473 792 703 843 fortunam,
736 794 768 834 si
803 808 867 834 res
897 803 1040 849 cogat,
1072 806 1277 834 lecusare.
1338 792 1546 847 Equidem
1579 793 1684 834 mihi

263 850 409 890 omnia
438 863 655 904 przopono
687 864 765 891 nec
799 850 928 891 ullum
958 859 1022 890 est
1053 858 1219 890 tantum
1250 848 1424 899 malum,
1454 849 1566 904 quod
1599 863 1685 890 non

261 915 409 961 putem
448 906 706 960 impendere
768 907 850 947 Sed
883 921 981 947 cum
1015 905 1107 962 plus
1145 906 1187 946 iu
1221 906 1449 947 metuendo
1481 905 1580 946 mali
1617 907 1686 956 sit,

260 976 387 1017 quam
412 962 453 1002 in
477 963 570 1017 ipso
594 962 679 1014 illo,
701 963 814 1018 quod
837 964 1023 1012 timetur,
1044 962 1214 1004 desino:
1240 962 1474 1018 praesertim
1491 976 1590 1003 cum
1610 962 1688 1003 im-

258 1019 459 1074 pendeat,
491 1020 533 1059 in
564 1034 650 1074 quo
682 1035 764 1060 non
797 1020 925 1060 modo
955 1019 1075 1060 dolor
1096 1019 1250 1070 nullus,
1274 1034 1416 1060 verum
1441 1019 1537 1060 finis
1558 1019 1687 1060 etiam

260 1075 418 1116 d0101is
442 1075 608 1116 futurus
631 1077 700 1117 sit.
761 1077 843 1117 Sed
874 1076 968 1117 haec
1001 1075 1101 1116 satis
1123 1075 1270 1126 multa,
1295 1076 1358 1116 vel
1381 1075 1500 1131 plura
1531 1076 1687 1132 potius,

262 1147 388 1188 quam
415 1147 583 1173 necesse
606 1132 702 1173 fuit.
735 1132 839 1174 facit
860 1141 1002 1173 autem
1027 1146 1113 1172 non
1136 1131 1370 1187 loquacitas
1394 1146 1500 1183 mea,
1522 1133 1592 1174 sed
1620 1133 1690 1173 be-

152 1210 184 1240 p.
201 1189 498 1230 32.nuole11t1a
520 1190 734 1245 longiores
756 1189 971 1253 epistolas.
1015 1188 1208 1229 Servium
1231 1189 1472 1230 discessisse
1493 1188 1690 1239 Athenis,

222 1253 250 1272 *-
265 1246 442 1287 moleste
473 1245 566 1287 tuli.
598 1261 683 1287 non
714 1261 826 1287 enim
859 1244 1025 1296 dubito,
1056 1245 1159 1300 quin
1191 1260 1358 1300 magnae
1386 1246 1465 1286 tibi
1486 1245 1688 1287 levationi

264 1304 413 1344 solitus
436 1303 491 1344 sit
513 1317 602 1343 esse
625 1303 899 1357 quotidianus
921 1316 1187 1367 congl-‚essus
1218 1313 1261 1342 et
1282 1317 1418 1344 sermo
1442 1317 1464 1344 ‹·
1471 1317 1538 1342 um
1566 1302 1690 1344 fami·-

263 1360 476 1401 liarissimi
509 1360 710 1410 hominis,
742 1369 833 1400 tum
863 1360 1017 1414 optimi
1048 1369 1091 1399 et
1123 1359 1439 1414 piudentissimi
1474 1359 1565 1400 viri.
1624 1358 1688 1399 Tu

265 1417 392 1458 velim
426 1426 525 1466 tete,
558 1426 606 1457 ut
635 1416 764 1457 debes
794 1426 837 1457 et
868 1416 990 1466 soles,
1021 1424 1096 1456 tua
1117 1416 1273 1456 virtute
1295 1426 1518 1456 sustentes
1580 1414 1691 1472 Ego,

263 1489 360 1528 quae
385 1484 425 1514 te
449 1472 568 1523 velle,
590 1487 772 1528 quaeque
802 1472 854 1513 ad
878 1481 918 1512 te
947 1481 990 1512 et
1011 1472 1063 1512 ad
1088 1481 1182 1513 tuos
1207 1473 1417 1527 pertinere
1437 1459 1691 1522 arbitrabor,

266 1531 412 1571 omnia
434 1529 623 1570 studiose
644 1529 956 1585 diligenterque
974 1528 1156 1570 curabo:
1191 1543 1286 1584 quae
1306 1543 1404 1570 cum
1426 1528 1596 1579 faciam,
1621 1529 1692 1569 be·-

266 1587 545 1627 nivolentiam
579 1595 694 1628 tuam
726 1601 829 1643 erga
857 1600 924 1626 me
947 1585 1162 1637 imitabor,
1193 1585 1344 1626 merita
1373 1600 1459 1626 non
1480 1599 1694 1640 assequar.

272 1643 388 1685 Vale.

231 1697 256 1734 5
723 1745 725 1747 r
781 1699 1181 1738 ARGUMENTUM.

268 1767 314 1802 A.
337 1765 489 1806 Caecz'na,
510 1765 676 1812 Pompeii
700 1768 824 1810 partes
853 1765 890 1799 in
908 1763 998 1799 bello
1024 1768 1174 1804 secutus,
1194 1764 1304 1798 etiam
1320 1764 1455 1810 scripto
1474 1757 1563 1799 libro
1580 1763 1694 1799 Caesa-

320 1829 396 1853 rem
419 1817 628 1865 offenderat.
684 1816 734 1851 Ob
753 1817 792 1851 id
814 1817 940 1864 patria
959 1820 1135 1851 carentem
1152 1816 1292 1850 solatur
1311 1814 1446 1857 Cicero,
1465 1819 1500 1850 et
1517 1815 1600 1851 bene
1616 1827 1695 1862 spe-

321 1881 404 1905 rare
432 1870 475 1904 de
500 1880 537 1903 se
564 1873 598 1903 et
608 1866 775 1916 fortunis
792 1869 864 1909 suis
873 1866 988 1913 jubet.
1042 1866 1190 1915 Scripta
1207 1867 1348 1902 videtur
1368 1868 1460 1902 inter
1477 1866 1694 1915 Africanum

321 1926 355 1956 et
374 1920 614 1969 Hispaniense
631 1919 761 1955 bellum
778 1920 894 1955 medio
913 1924 1080 1966 tempore.

261 2023 263 2025 ,
602 1979 669 2020 Μ.
692 1979 743 2020 Τ.
767 1980 818 2021 c.
849 1979 903 2020 A.
928 1979 1210 2031 CAECINAE,
1243 1980 1287 2021 5.
1313 1980 1369 2022 D.

274 2038 828 2100 QUOTIESCUMQUE
849 2047 983 2088 filium
1004 2057 1123 2088 tuum
1147 2048 1426 2101 videomdeo
1448 2056 1589 2088 autem
1609 2046 1698 2089 fere

273 2106 486 2161 quotidie)
521 2104 725 2168 polliceor
757 2105 795 2145 ei
831 2105 1019 2145 studium
1052 2105 1223 2160 quidem
1260 2119 1402 2145 meum
1435 2115 1478 2145 et
1508 2118 1697 2160 operam,

273 2164 364 2203 sine
387 2162 470 2203 ulla
491 2161 748 2217 exceptione
769 2171 843 2202 aut
864 2161 1036 2211 laboris,
1068 2172 1142 2202 aut
1163 2161 1474 2218 occupationiS,
1495 2170 1568 2202 aut
1590 2171 1698 2202 tem-

274 2220 404 2275 poris,
428 2219 609 2274 gratiam
632 2227 774 2259 autem
796 2227 923 2273 atque
945 2219 1259 2269 auctoritatem,
1281 2233 1379 2260 cum
1402 2219 1482 2260 hac
1502 2218 1696 2274 excepti·

274 2291 370 2326 one,
392 2286 598 2331 quantum
625 2274 798 2326 valeam,
831 2286 1124 2331 quantumque
1151 2277 1325 2332 possim.
1387 2275 1515 2316 Liber
1537 2284 1632 2316 tuus
1653 2283 1697 2315 et

272 2333 407 2374 lectus
429 2342 506 2381 est,
528 2341 571 2372 et
604 2331 758 2387 legitur
790 2347 814 2372 a
845 2347 911 2372 me
931 2333 1173 2388 diligenter,
1195 2344 1237 2373 et
1258 2332 1498 2374 custoditur
1514 2331 1697 2387 diligen-

273 2390 449 2431 tissime.
491 2388 577 2429 Res
599 2398 643 2428 et
664 2388 846 2429 f·01tunae
872 2398 955 2430 tuae
979 2390 1083 2430 mihi
1107 2390 1306 2431 maximae
1328 2403 1442 2430 curae
1466 2397 1578 2439 sunt,
1600 2402 1697 2443 quae

316 2504 353 2534 16
367 2503 481 2533 vidisse
494 2511 570 2540 mel
568 2500 639 2540 lus]
656 2501 708 2531 Sic
721 2506 808 2532 recte
820 2501 965 2532 Graevius
1007 2503 1040 2533 in
1056 2503 1152 2534 Rom.
1177 2507 1211 2533 et
1224 2513 1253 2534 a.
1276 2503 1366 2536 1469.
1387 2500 1464 2530 hinc
1477 2500 1570 2531 duxit
1585 2499 1697 2531 Victo-

271 2555 330 2585 pro
340 2546 436 2584 prius
451 2544 607 2580 restituit,
622 2543 707 2582 quod
720 2544 819 2574 efficit
832 2549 963 2574 senten
1002 2545 1092 2575 sius:
1117 2546 1192 2584 quia
1212 2545 1353 2575 insolens
1371 2548 1421 2573 est
1435 2544 1470 2572 in
1484 2553 1520 2572 re
1533 2543 1698 2573 delectari.

271 2588 352 2617 tiam
369 2596 434 2616 non
449 2591 557 2625 aptam
575 2584 650 2616 huic
664 2584 753 2615 loco·
779 2595 837 2616 nec
854 2586 888 2616 in
903 2586 964 2616 hoc
1007 2586 1091 2616 Puto
1106 2597 1219 2617 verum
1240 2596 1307 2616 esse
1327 2587 1438 2616 etiam.
1475 2584 1515 2615 In
1537 2594 1610 2615 meo
1632 2584 1696 2615 Ms.

271 2629 385 2659 Cicero
401 2628 493 2668 glori
494 2633 573 2663 itur,
593 2626 679 2665 quod
693 2632 769 2657 ante
784 2628 864 2658 alios
879 2628 964 2658 vide·
1006 2636 1054 2659 est
1070 2639 1112 2659 m.
1128 2628 1201 2658 inde
1215 2629 1307 2667 origo
1324 2628 1404 2657 vitii.

271 2672 327 2705 rit,
343 2670 399 2701 sed
412 2669 498 2709 quod
513 2669 583 2700 aliis
598 2668 670 2709 plus
684 2668 811 2700 viderit.
1051 2673 1087 2700 18
1109 2680 1184 2700 cum
1197 2680 1295 2700 cursu
1311 2680 1367 2700 suo
1389 2670 1417 2699 b.
1440 2667 1594 2708 consecto]
1619 2667 1694 2698 Non

319 2716 351 2746 17
375 2714 410 2742 in
424 2714 485 2743 hac
503 2710 787 2750 inani—delector]
812 2711 856 2742 In
876 2711 963 2742 addi-
1006 2712 1113 2752 placet
1127 2722 1183 2742 suo
1194 2726 1202 2742 :
1227 2713 1311 2751 quod
1326 2711 1486 2752 quomodo
1501 2711 1588 2741 nasci
1603 2716 1696 2749 potu·

270 2761 343 2785 tum
359 2761 407 2784 est
423 2755 455 2784 in
470 2753 549 2784 Mss.
566 2752 746 2790 nonnullis,
761 2758 796 2783 et
809 2753 964 2790 editione,
1006 2755 1081 2791 erit,
1097 2754 1190 2785 facile
1206 2754 1412 2793 intelligitur.

270 2800 310 2827 ut
325 2795 514 2828 Gebhardus
535 2796 595 2832 ait,
619 2795 732 2835 prima.
778 2794 836 2825 Est
851 2795 965 2835 utique
