1817 3196
224 86 298 120 120
539 103 544 107 ·
579 82 759 122 EPIST.
799 82 986 121 LIBER
1021 84 1289 124 QUINTUS

221 187 317 228 loco
341 186 526 242 primum
547 188 799 243 respondeo,
821 203 903 237 me,
925 202 1179 243 quamquam
1200 188 1331 243 justis
1354 186 1406 227 de
1424 186 1561 227 causis
1584 199 1648 226 ra-

222 244 360 285 tiones
395 243 557 284 deferre
586 246 861 300 properatim,
888 254 1031 287 ,tamen
1064 254 1104 285 te
1135 253 1481 301 exspectaturum
1505 242 1650 292 fuisse,

222 301 304 342 nisi
339 301 380 340 in
419 302 643 356 provincia
680 301 845 343 relictas
880 303 1063 342 rationes
1097 304 1226 358 80pro
1264 302 1403 342 relatis
1433 301 1650 340 haberem.

225 357 515 404 Quamobrem
541 358 593 398 de
617 358 792 398 Volusio
815 359 929 412 quod
963 358 1126 408 scribis,
1154 374 1238 400 non
1267 368 1330 399 est
1352 358 1394 399 id
1419 358 1648 397 rationum.

224 415 460 456 docuerunt
482 415 593 454 enim
620 428 687 454 me
715 417 752 445 81
775 413 895 469 periti
920 414 1139 465 homines3
1170 416 1211 456 in
1245 416 1308 456 his
1339 429 1435 455 cum
1460 412 1651 453 omnium

224 471 521 527 peritissimus,
552 481 643 510 tum
673 470 778 510 mihi
809 471 1104 516 amicissimus,
1129 471 1179 512 C.
1205 471 1423 521 Camillus,
1443 471 1494 511 ad
1518 468 1651 509 Volu-

225 530 332 570 sium
365 527 581 567 transferri
612 540 766 567 nomen
791 542 815 566 a
838 526 1006 567 Valerio
1030 541 1113 566 non
1146 528 1360 582 potuisse:
1393 528 1463 568 sed
1490 525 1651 582 praedes

223 584 474 626 Valerianos
506 584 655 623 teneri.
688 597 824 639 neque
855 584 895 624 id
928 594 1018 624 erat
1050 582 1128 623 HS
1161 598 1282 634 xxx,
1314 595 1360 624 ut
1382 584 1546 632 scribis,
1578 581 1650 622 sed

226 641 305 682 HS
329 654 435 682 xix.
501 639 601 681 Erat
633 641 746 681 enim
777 641 901 680 nobis
931 643 970 670 82
983 652 1130 681 curata
1152 641 1332 695 pecunia
1353 641 1509 682 Valerii
1534 653 1653 680 man-

224 698 332 754 cipis
356 697 551 738 nomine:
585 712 637 737 ex
661 711 744 751 qua
768 696 974 751 reliquum
998 697 1112 751 quod
1135 707 1239 745 erat,
1262 697 1304 737 in
1329 698 1566 738 rationibus
1589 709 1652 736 re-

186 754 317 795 ‘'tuli.
370 754 451 795 Sed
476 755 536 794 sic
558 768 626 793 me
648 764 691 793 et
712 754 977 794 liberalitatis
997 753 1137 794 fructu
1160 754 1317 809 privas,
1336 763 1378 794 et
1401 753 1652 808 diligentiae,

225 821 268 853 et
288 811 421 865 (quod
442 810 618 850 minime
643 821 782 851 tamen
805 809 971 860 laboro)
994 810 1218 851 mediocris
1240 811 1369 850 etiam
1394 809 1652 865 prudentiae:

223 867 506 917 liberalitatis,
541 867 655 921 quod
684 867 820 907 mavis
851 867 1001 908 scribae
1031 868 1114 908 mei
1146 867 1370 915 beneficio,
1392 880 1519 921 quam
1542 880 1653 916 meo,

223 925 413 979 legatum
452 937 609 975 meum,
642 923 977 979 praefectumque
1009 924 1065 969 Q.
1100 924 1294 980 Leptam,
1327 923 1515 964 maxima
1543 921 1655 962 cala-

222 982 374 1022 mitate
396 979 582 1032 levat0s;
614 995 711 1021 cum
737 982 970 1036 praesertim
994 995 1080 1020 non
1102 981 1306 1021 deberent
1325 994 1415 1020 esse
1437 978 1616 1034 obligati
1642 995 1650 1019 ι

222 1037 478 1093 diligentia),
498 1038 613 1092 quod
635 1038 855 1078 existimas
873 1038 926 1078 de
948 1046 1068 1077 tanto
1090 1037 1234 1078 officio
1255 1051 1363 1086 meo,
1386 1047 1507 1077 tanto
1523 1036 1653 1076 etiam

224 1094 429 1150 periculo,
467 1108 545 1134 nec
584 1095 712 1135 scisse
742 1108 810 1135 me
844 1094 1093 1148 quidquam,
1126 1108 1203 1134 nec
1233 1094 1520 1148 cogitavisse3
1552 1092 1654 1132 scri-

224 1153 339 1202 bam,
370 1151 579 1207 quidquid
603 1152 819 1201 voluisset,
850 1165 947 1191 cum
981 1151 1022 1191 id
1053 1150 1159 1191 mihi
1192 1165 1244 1191 ne
1276 1150 1540 1190 recitavisset
1559 1148 1654 1202 qui-

221 1209 336 1259 dem,
358 1208 575 1249 retulisse:
609 1208 862 1264 prudentiae,
894 1221 991 1248 cum
1023 1221 1111 1247 rem
1143 1222 1167 1247 a
1199 1222 1266 1248 ine
1297 1221 1380 1248 non
1404 1205 1655 1261 insipienter

220 1267 533 1321 excogitatam,
555 1268 594 1295 83
607 1280 660 1306 ne
676 1265 910 1321 cogitatam
931 1264 1103 1319 quidem
1121 1273 1259 1320 putas.
1294 1263 1406 1304 Nam
1425 1275 1468 1303 et
1488 1261 1653 1302 Volusii

223 1322 431 1364 liberandi
455 1336 597 1362 meum
621 1322 703 1362 fuit
725 1321 972 1363 consilium:
997 1331 1054 1371 et,
1079 1330 1126 1361 ut
1147 1321 1384 1361 multatam
1407 1320 1549 1374 gravis
1569 1318 1653 1358 Va-

222 1379 393 1420 lerianis
434 1379 665 1434 praedibus,
707 1378 874 1434 ipsique
914 1377 964 1418 T.
1009 1377 1152 1418 Mario
1189 1377 1484 1432 depelleretur,
1524 1391 1549 1416 a
1587 1389 1653 1415 nie

223 1437 333 1477 inita
367 1437 476 1476 ratio
507 1445 595 1487 est;
627 1450 754 1490 quam
783 1435 957 1489 quidem
988 1449 1134 1474 omnes
1168 1449 1253 1474 non
1284 1433 1419 1473 solum
1455 1433 1652 1487 probant,

225 1492 296 1534 sed
326 1493 455 1533 etiam
490 1492 688 1532 laudant:
721 1501 778 1541 et,
809 1491 842 1530 si
868 1506 1013 1532 verum
1045 1491 1152 1531 scire
1175 1491 1251 1540 vis,
1283 1490 1365 1530 hoc
1398 1490 1467 1529 uni
1502 1488 1652 1529 scribae

221 1564 320 1591 meo
344 1549 533 1590 intellexi
557 1563 641 1589 non
664 1548 842 1589 nimium
867 1548 1048 1603 placere.
1081 1547 1163 1588 Sed
1184 1561 1266 1602 ego
1293 1545 1438 1601 putavi
1461 1559 1552 1586 esse
1575 1545 1653 1585 viri

222 1607 342 1656 boni,
381 1620 479 1647 cum
515 1605 699 1661 populus
730 1620 851 1647 suum
884 1613 1084 1653 servaret,
1121 1604 1339 1644 consulere
1370 1602 1554 1663 fortunis
1591 1610 1655 1642 tot

223 1663 290 1704 vel
312 1664 563 1712 amicorum,
586 1662 652 1703 vel
672 1662 846 1703 civium.
879 1665 919 1692 84
933 1662 1046 1703 Nam
1068 1662 1120 1702 de
1144 1660 1303 1702 Luceio
1326 1668 1390 1700 est
1412 1660 1472 1699 ita
1492 1666 1652 1708 actum,

223 1729 286 1771 ut,
321 1729 494 1761 auctore
517 1719 599 1760 Cn.
623 1719 847 1774 Pompeio,
883 1718 964 1758 ista
998 1718 1178 1774 pecunia
1206 1718 1246 1757 in
1272 1717 1371 1757 fano
1395 1724 1651 1771 poneretur:

210 1777 284 1830 .(id
307 1791 389 1833 ego
412 1777 568 1833 agnovi
591 1790 686 1816 meo
703 1776 825 1830 jussu
851 1789 940 1815 esse
962 1774 1120 1815 factum
1140 1776 1170 1823 :)
1201 1788 1286 1829 qua
1318 1773 1500 1828 pecunia
1523 1771 1653 1812 Pom-

221 1835 342 1890 peius
371 1844 436 1874 est
459 1848 572 1883 usus,
594 1835 633 1864 85
647 1842 693 1873 ut
716 1847 778 1883 ea,
801 1846 927 1887 quam
957 1842 1001 1872 tu
1025 1832 1296 1888 deposueraS,
1320 1829 1508 1870 Sextius.
1569 1828 1653 1869 Sed

263 1977 374 2015 &Opi-o
391 1975 467 2004 latis
481 1973 644 2013 haberem]
664 1973 763 2004 Ferre
778 1973 917 2002 rationes
959 1982 994 2002 sa
1020 1971 1140 2001 mutati
1169 1969 1268 2000 modi.
1313 1969 1358 1999 Et
1381 1970 1425 1999 sic
1449 1976 1498 1999 est
1524 1970 1558 1999 in
1580 1968 1653 1999 edd.

222 2018 267 2047 sic
283 2026 350 2047 non
366 2017 485 2047 die-itur
500 2017 637 2056 uspiam.
663 2022 749 2045 recte
772 2014 825 2044 alii
850 2014 915 2043 edi·
964 2016 1051 2047 1471.
1067 2013 1163 2044 Rom.
1182 2013 1272 2045 1469.
1290 2012 1347 2041 διο.

221 2059 296 2089 dere
310 2060 441 2089 relatis:
460 2067 539 2097 quos
554 2064 684 2088 secutus
699 2066 782 2087 sum.
797 2056 850 2095 qui
869 2058 913 2085 Ia·
1003 2057 1043 2086 84
1066 2055 1161 2086 Nam
1177 2055 1214 2084 de
1230 2053 1364 2092 Lus-ein]
1390 2053 1503 2083 Lectio
1519 2051 1590 2082 haee
1605 2058 1654 2082 est

222 2103 264 2131 tis
272 2101 466 2141 probabant,
478 2100 638 2130 debebant
649 2098 834 2138 exemplum
845 2108 917 2138 pro-
959 2098 1088 2127 vitiosa.
1128 2097 1179 2127 De
1194 2095 1421 2126 emendatione
1439 2095 1485 2124 nil
1500 2094 1579 2124 certi
1595 2100 1654 2124 est.

219 2143 317 2180 ferre,
330 2153 395 2181 quo
408 2143 574 2177 docerent,
587 2142 647 2171 dici
659 2141 760 2171 latine
771 2139 915 2179 sicserre
958 2139 1102 2178 Scaliger
1117 2138 1156 2169 ad
1171 2137 1340 2169 Catullum
1363 2147 1394 2177 p.
1421 2139 1472 2166 30.
1489 2135 1540 2166 ed.
1555 2137 1655 2166 Com-

219 2186 370 2215 rationes.
413 2184 475 2215 Sed
489 2185 602 2214 relatis
615 2183 794 2213 rationibus
814 2183 912 2213 etiam
958 2182 1033 2211 mel.
1071 2180 1225 2211 emendat
1254 2180 1385 2209 lucello.-
1421 2177 1507 2218 quod
1535 2178 1655 2208 refellit

219 2226 305 2257 infra
320 2231 379 2257 est.
957 2223 1101 2253 Gronov.
1117 2223 1156 2252 de
1171 2223 1244 2252 Pec.
1260 2225 1324 2251 vet.
1341 2220 1405 2256 111,
1422 2223 1469 2253 17.
1487 2219 1574 2250 Illud
1589 2219 1654 2250 cla-

264 2271 299 2299 ΒΙ
319 2269 420 2308 periti
435 2267 588 2306 homines]
612 2277 655 2296 sc.
673 2266 756 2304 juris
779 2265 913 2306 pra-dia·
958 2275 1029 2295 rum
1046 2270 1107 2303 est,
1131 2263 1378 2303 intelligendam
1400 2262 1570 2302 pecuniam
1593 2271 1654 2301 pu-

219 2310 309 2340 torii.
344 2310 376 2340 C.
398 2310 554 2340 Camillus
570 2309 743 2349 praediator
758 2309 833 2344 fuit,
849 2309 868 2338 i.
885 2318 913 2338 e.
960 2307 1091 2343 blicam,
1107 2315 1180 2346 quae
1195 2306 1309 2336 a‘rario
1323 2305 1512 2334 deberetur:
1528 2313 1579 2338 ea,
1593 2313 1651 2333 au-

214 2353 300 2391 juris
315 2351 403 2382 illius
417 2352 551 2392 peritus.
958 2354 1047 2379 ctore
1064 2349 1232 2389 Pompeio,
1249 2348 1282 2377 in
1305 2347 1383 2376 fauo
1397 2345 1543 2384 deposita
1566 2350 1649 2380 erat,

262 2396 302 2425 32
323 2398 441 2424 euram
459 2392 612 2433 pecunia]
637 2401 666 2421 v.
691 2391 781 2422 Clav.
805 2391 837 2421 in
860 2402 914 2422 cu-
957 2391 996 2422 de
1012 2401 1101 2421 more
1119 2390 1273 2429 antiquo:
1298 2387 1383 2427 quod
1406 2388 1449 2416 ibi
1471 2391 1547 2416 tnta
1567 2391 1652 2417 esset

217 2446 305 2466 rare.
328 2435 434 2466 intell.
458 2434 628 2475 pecuniam
655 2444 740 2468 eam,
764 2444 835 2472 qua’
859 2435 913 2464 Ci-
957 2434 1111 2473 pecunia:
1137 2431 1309 2471 Pompeius
1322 2435 1431 2460 autem
1444 2429 1511 2467 ejus
1526 2428 1652 2468 depdsi-

218 2478 328 2508 ccroni
351 2477 480 2508 decreta
494 2481 526 2506 et
542 2476 706 2515 assignata
728 2482 798 2506 erat
821 2486 840 2505 a
861 2485 910 2506 se-

219 2524 299 2551 natu
316 2530 352 2550 ex
371 2519 494 2550 aerario.
518 2528 589 2548 eam
615 2517 762 2548 Ciceroni
786 2517 911 2547 solven-

218 2561 293 2593 dam
308 2561 455 2592 valerius
471 2564 647 2599 receperat,
663 2568 764 2597 eoque
780 2560 913 2589 nornine

216 2604 340 2643 prm-des
353 2603 497 2639 dederat,
512 2608 548 2631 ut
563 2611 632 2631 mos
647 2606 717 2631 erat
729 2601 761 2631 in
778 2602 914 2640 pecunia

215 2646 358 2683 publica.
404 2646 481 2675 Post
510 2643 697 2683 interpunxi
727 2649 799 2682 post
828 2648 912 2679 erat,

217 2696 283 2717 non
300 2689 333 2717 in
350 2687 538 2717 rationibus.

259 2732 297 2759 83
316 2739 356 2759 ne
369 2730 547 2768 cogitatam
561 2727 686 2767 quidem
700 2726 807 2766 putes]
833 2728 912 2757 Cor-

217 2771 284 2801 rexi
308 2776 409 2809 putas
420 2785 429 2799 .·
465 2780 541 2801 nam
571 2776 604 2799 et
634 2770 667 2799 in
696 2769 913 2808 superioribus

217 2813 369 2844 membris
384 2817 462 2844 sunt
478 2812 643 2844 indicativi
658 2823 665 2842 :
683 2820 742 2842 nec
759 2817 808 2842 est
824 2821 913 2842 caus-

954 2476 1052 2505 tionis
1068 2480 1184 2504 auctor
1198 2473 1318 2508 fuerat,
1343 2477 1382 2500 nt
1405 2471 1471 2510 ipse
1493 2471 1568 2500 eam
1592 2480 1651 2500 au-

955 2517 1038 2547 ferre
1062 2521 1181 2556 posset,
1204 2523 1278 2544 cum
1300 2513 1436 2553 pecunia
1451 2520 1532 2551 opus
1545 2517 1649 2542 esset:

957 2558 1042 2598 quod
1063 2567 1137 2588 eum
1160 2556 1272 2587 fecisse
1288 2556 1320 2585 in
1337 2554 1497 2594 princ-ipio
1513 2553 1588 2584 belli
1606 2555 1651 2584 ci.

956 2601 1040 2635 vilis,
1070 2601 1147 2630 satis
1176 2604 1319 2633 constat,
1351 2596 1446 2635 idque
1475 2596 1649 2635 exprobrat

957 2643 1067 2673 Caesar
1081 2642 1119 2672 B.
1138 2642 1174 2672 C.
1192 2640 1219 2676 1,
1235 2640 1264 2670 6.
1280 2643 1362 2668 extr.

999 2687 1038 2714 85
1053 2688 1090 2713 ut
1105 2688 1176 2718 tua,
1192 2691 1290 2721 quam
1303 2686 1339 2711 tu.
1353 2680 1554 2720 deposueras,
1568 2678 1649 2710 Sea·-

957 2726 1047 2765 Iiue]
1074 2727 1210 2756 Secutus
1233 2733 1305 2753 sum
1328 2722 1502 2752 lectionem
1518 2721 1651 2757 Graevii,

957 2778 1052 2807 quam
1067 2774 1099 2797 et
1111 2768 1183 2797 libri
1199 2775 1259 2795 scr.
1277 2765 1393 2804 optimi
1403 2763 1539 2800 habent,
1553 2768 1587 2793 et
1603 2773 1651 2794 res

956 2810 1113 2851 postulat.
1152 2809 1195 2840 Et
1211 2809 1256 2838 sic
1269 2807 1367 2838 habet
1382 2806 1433 2837 ed.
1448 2804 1537 2836 Med.
1572 2805 1651 2838 Sine

1805 1653 1808 1664 *
1804 1636 1809 1645 ⁷
1804 1147 1817 1630 *ww-*1²²¹*
1806 1090 1817 1148 'm
1806 761 1817 1083 ··A.³-?um-²-nz--
1806 175 1817 754 Q
