1817 3196
313 116 339 153 4
817 105 1221 154 PRAEFATIO.

310 221 419 279 latus
457 238 560 265 esse.
622 222 877 279 Exemplum
917 238 1108 265 nostrum
1149 223 1278 279 hujus
1318 222 1516 265 editionis
1553 234 1730 279 operum

310 293 503 334 omnium
541 302 655 334 caret
696 293 912 348 epistolis:
965 293 1036 333 sed
1076 292 1177 347 quia
1216 291 1307 346 ejus
1348 291 1545 347 repetitio
1586 300 1650 331 est
1686 290 1731 330 in

311 358 589 409 Ascensiano‚
640 359 740 399 hine
789 359 881 415 ejus
932 358 1117 399 indolem
1174 373 1432 413 cognoscere
1483 358 1616 399 licuit.
1677 355 1734 397 Et

311 425 406 467 haec
447 426 618 480 quidem
661 426 788 467 seculi
830 425 1127 480 quintidecimi
1176 425 1373 481 exempla
1414 433 1526 475 sunt,
1577 424 1731 479 quibus

312 508 412 535 usus
452 508 559 534 sum.
1331 544 1338 550 .

372 560 430 601 Iis
453 561 584 617 igitur
605 560 901 616 comparandis
920 559 1002 600 hoc
1034 559 1216 615 primum
1238 558 1383 610 didici,
1407 558 1619 614 principes
1641 558 1734 599 illos

315 636 459 669 textus
492 627 762 668 Ciceroniani
801 627 1092 667 emendatores
1127 626 1176 666 iis
1214 625 1420 681 exemplis
1456 634 1530 666 aut
1561 626 1738 667 omnino

314 710 416 747 non,
439 704 512 736 aut
542 703 706 735 tantum
732 708 815 735 uno
837 703 879 734 et
900 693 1048 744 altero,
1080 707 1158 734 nee
1180 693 1364 748 denique
1386 693 1487 733 satis
1510 692 1738 748 diligenter

315 777 414 803 usos
435 776 540 803 esse.
602 761 799 802 Romano
821 761 993 815 quidem
1015 760 1213 817 exemplo
1234 760 1395 801 nullum
1417 760 1591 801 omnino
1614 775 1738 802 usum

314 845 420 881 esse,
443 829 603 884 liquido
629 829 908 884 pronunciare
939 843 1126 884 possum.
1188 828 1300 869 Nam
1325 843 1450 869 nemo
1471 842 1617 868 eorum
1649 842 1742 869 om-

315 897 433 938 nium
467 896 558 951 ejus
591 896 853 937 mentionem
884 895 1002 946 facit,
1034 905 1107 936 aut
1137 895 1228 950 ejus
1260 911 1384 936 usum
1414 905 1740 947 commemorat,

315 978 415 1004 cum
438 973 480 1004 et
504 978 579 1019 pro
604 963 863 1018 conjecturis
885 963 1098 1004 interdum
1126 972 1368 1018 proponant
1393 962 1613 1013 lectiones,
1645 977 1743 1017 quae

315 1031 360 1072 iu
383 1045 433 1071 eo
456 1040 576 1080 sunt3
607 1041 681 1070 aut
704 1030 906 1070 lectiones
929 1044 1059 1070 novas
1083 1029 1274 1080 afferant,
1297 1044 1400 1084 quas
1423 1031 1466 1070 in
1489 1029 1603 1070 nullo
1625 1030 1742 1070 edito

316 1097 516 1153 exemplo
537 1110 627 1137 esse
648 1097 808 1147 dicant,
831 1110 929 1138 cum
952 1096 1037 1136 sint
1058 1096 1102 1136 in
1125 1095 1195 1136 illo
1214 1096 1436 1151 exemplo3
1457 1106 1531 1136 aut
1552 1097 1745 1138 haereant

315 1165 362 1206 in
383 1164 557 1220 vulgata
578 1163 775 1214 lectione,
797 1178 895 1204 cum
930 1178 1003 1218 per
1027 1163 1128 1204 illud
1151 1162 1395 1218 exemplum
1432 1177 1475 1203 se
1505 1163 1745 1218 potuissent

317 1231 545 1287 expedir03
568 1239 641 1271 aut
662 1231 844 1286 denique
867 1230 972 1271 vitia
993 1245 1079 1271 non
1100 1230 1298 1281 viderint,
1320 1245 1417 1285 quae
1439 1230 1511 1271 illo
1535 1230 1747 1272 admoniti

319 1299 464 1340 tollere
499 1298 752 1354 potuissent.
813 1297 912 1339 Uno
944 1306 987 1338 et
1017 1297 1148 1338 altero
1179 1297 1378 1353 exemplo
1408 1296 1632 1354 defungar.
1694 1298 1747 1340 In

322 1367 369 1408 L.
403 1366 491 1408 IX.
522 1380 590 1422 ep.
612 1372 681 1407 22.
704 1365 756 1406 ad
781 1364 948 1406 Paeturn
972 1374 1035 1405 est
1063 1365 1193 1416 locus,
1217 1365 1290 1405 ubi
1315 1365 1468 1406 Cicero
1492 1375 1648 1417 narrat,
1671 1366 1748 1407 ali-

319 1448 447 1490 quem
471 1434 515 1474 in
537 1442 685 1474 senatu
709 1433 968 1488 perobscene
989 1432 1162 1483 dixisse,
1185 1431 1344 1486 culpam
1362 1431 1464 1473 hanc
1482 1434 1674 1488 majorem
1695 1449 1750 1475 an

318 1501 434 1543 illam
455 1498 619 1542 dicam?
658 1500 745 1541 Hic
767 1500 940 1554 quidam
963 1499 1127 1540 haerent
1149 1499 1191 1540 in
1215 1500 1345 1540 verbo
1368 1498 1541 1554 culpam.
1592 1501 1751 1542 Grute-

320 1585 392 1611 rus
415 1575 636 1619 memorat,
669 1566 931 1608 Politianum
962 1567 1003 1607 in
1036 1567 1144 1608 libro
1175 1581 1251 1607 suo
1276 1566 1433 1622 corrigi
1456 1567 1639 1608 voluisse
1656 1567 1753 1623 pul-

315 1652 431 1693 pam.
474 1636 705 1676 Enimvero
731 1635 772 1675 id
796 1635 933 1690 ipsum
957 1635 1133 1675 verbum
1156 1642 1220 1674 est
1241 1633 1284 1674 in
1303 1634 1501 1689 exemplo
1525 1633 1752 1678 Romano:

324 1704 437 1759 quod
460 1718 542 1758 ego
573 1703 663 1743 sine
684 1701 957 1742 haesitatione
979 1702 1022 1742 in
1047 1709 1211 1742 textum
1235 1701 1390 1756 recepi.
1449 1700 1560 1742 Tum
1584 1701 1687 1743 XV.
1709 1709 1752 1745 4.

323 1786 453 1828 quam
476 1769 677 1812 Victorius
698 1769 872 1824 quidem
895 1768 1122 1810 lectionem
1144 1783 1219 1824 pro
1241 1768 1490 1823 conjectura
1507 1783 1583 1809 sua
1600 1763 1754 1822 adfert,

324 1839 488 1882 omnino
519 1838 582 1889 iis,
613 1836 847 1878 notabilem
874 1836 1003 1888 illam,
1036 1834 1278 1877 Gebhardus
1299 1845 1442 1876 autem
1470 1836 1576 1878 dicit
1597 1851 1687 1878 esse
1709 1838 1755 1879 in

327 1906 418 1950 Ms.
437 1906 663 1957 Vaticano,
683 1919 733 1945 ea
755 1904 848 1960 ipsa
868 1912 933 1945 est
955 1904 998 1945 in
1021 1903 1092 1944 illo
1114 1903 1311 1945 Romano
1333 1904 1554 1959 exemplo:
1578 1905 1689 1946 unde
1710 1913 1756 1946 et

326 1975 487 2031 conjici
520 1982 675 2030 potest,
711 1972 753 2013 id
786 1986 840 2014 ex
874 1971 946 2013 illo
978 1972 1165 2013 maxime
1194 1971 1302 2012 libro
1335 1971 1546 2014 Vaticano
1576 1973 1754 2016 ductum

329 2057 435 2084 esse.
478 2041 597 2082 Idem
621 2040 755 2096 reperi
778 2040 830 2080 de
851 2038 1050 2095 exemplo
1071 2038 1403 2091 Mediolanensi,
1423 2040 1540 2094 quod
1557 2054 1638 2097 ego
1657 2055 1757 2083 cum

331 2109 532 2152 Romano
554 2107 948 2149 emendatissimum
970 2107 1171 2163 cognovi.
1220 2106 1359 2148 Nemo
1382 2107 1473 2162 ejus
1495 2107 1758 2150 mentionem

329 2179 448 2229 feeit,
480 2191 606 2218 nemo
639 2190 694 2217 ex
726 2189 777 2216 eo
813 2173 1011 2230 profecit,
1044 2189 1142 2216 cum
1170 2174 1212 2215 in
1242 2189 1293 2216 eo
1320 2175 1404 2216 sint
1430 2175 1551 2231 plura
1573 2176 1759 2232 vulgatis

329 2246 520 2296 meliora,
548 2254 595 2285 ut
620 2258 642 2284 e
668 2243 782 2283 notis
805 2242 960 2283 nostris
982 2242 1129 2283 licebit
1150 2256 1423 2298 cognoscere.
1487 2243 1762 2299 Quocunque

331 2314 468 2370 pretio
499 2310 742 2366 exemplum
775 2308 1086 2351 Jensonianum
1109 2309 1174 2350 vel
1205 2309 1345 2364 ipsum
1375 2310 1662 2361 redemissem,
1693 2310 1761 2354 vel

331 2381 422 2436 ejus
455 2393 602 2420 usum:
636 2377 708 2418 sed
740 2376 854 2417 nulla
883 2377 1074 2417 neutrius
1108 2375 1287 2417 facultas
1320 2376 1420 2417 data
1451 2386 1528 2417 cst.
1589 2377 1759 2434 Nempe

330 2448 492 2503 reliqua
515 2455 614 2486 sunt
635 2444 736 2484 talia
757 2454 946 2484 veterum
970 2444 1226 2499 scriptorum
1259 2443 1478 2499 exempla:
1521 2444 1592 2485 sed
1626 2445 1762 2487 latent

330 2516 374 2558 in
391 2512 744 2556 bibliothecarum
769 2519 859 2551 tum
880 2511 1154 2566 privatarum,
1169 2520 1258 2550 tum
1279 2510 1543 2566 publicarum
1566 2511 1761 2568 inprimis

333 2581 533 2631 tenebris,
555 2588 598 2620 et
619 2578 752 2620 oculis
774 2578 1005 2632 usibusque
1026 2578 1289 2618 eruditorum
1316 2577 1647 2629 subtrahuntur3
1678 2579 1762 2621 nisi

334 2651 367 2694 si
390 2648 660 2690 dominorum
685 2645 751 2685 vel
774 2645 980 2695 vivorum,
1005 2645 1119 2699 quod
1143 2653 1284 2685 tamen
1308 2659 1399 2686 raro
1422 2644 1485 2695 fit,
1508 2645 1764 2688 liberalitate

334 2716 497 2757 idoneis
520 2714 618 2755 viris
640 2714 928 2761 innotescunt,
952 2712 1017 2751 vel
1035 2720 1172 2752 morte
1194 2712 1233 2752 in
1254 2712 1392 2753 lucem
1411 2712 1611 2753 redeunt:
1633 2712 1763 2754 veluti

333 2795 470 2840 nuper
492 2782 535 2821 in
559 2795 709 2821 manus
731 2793 846 2819 meas
870 2778 986 2820 venit
1006 2778 1251 2835 exemplum
1271 2778 1475 2821 librorum
1497 2780 1550 2822 de
1569 2779 1779 2831 Oratore,-

1810 3063 1817 3196 ..2-20-75..
1810 3039 1817 3055 z·
1810 2979 1817 3032 ⁹5-
1811 2965 1814 2971 -
1813 2907 1817 2919 4
