1903 3218
433 93 512 131 AD
537 94 593 131 M.
621 94 963 133 VARRONEM
990 94 1063 133 ET
1091 94 1371 134 CETEROS.
1539 100 1616 140 207

194 208 334 236 eausa.
380 195 496 243 Quid
521 196 617 240 istic
639 197 808 240 facitis?
840 198 1033 254 praelium
1057 199 1333 253 exspectatis,
1354 199 1523 252 85quod
1546 199 1615 240 fir-

189 252 428 294 missimum
450 257 542 296 est?
575 254 745 295 Vestras
766 256 912 312 copias
936 269 1021 296 non
1045 255 1160 295 novi.
1183 255 1316 295 nostri
1342 253 1462 296 valde
1483 255 1616 311 depu-

191 320 337 363 gnare,
359 319 402 351 et
425 309 548 352 facile
570 311 711 367 algere
733 322 776 352 et
796 312 953 354 esurire
975 321 1250 352 consuerunt.

426 515 507 569 Μ.
547 516 853 570 TULLII
907 517 1378 572 CICERONIS
1627 537 1746 608 9126.

263 601 1658 709 EPISTOLARUM'

733 763 940 806 LIBER
983 764 1073 807 IX.

878 872 932 896 AD

190 947 260 996 M.
290 950 704 1000 TERENTIUM
744 953 1139 1001 VARRONEM
1178 953 1263 1000 ET
1298 953 1614 1002 CETEROS.

699 1143 1043 1181 ARGUMENTU
1047 1144 1104 1182 M.

188 1207 361 1244 Varronis
374 1207 566 1243 adventum
584 1211 777 1255 exspectat,
798 1211 838 1242 ut
853 1218 896 1242 ex
914 1208 1168 1242 consuetudine
1181 1206 1256 1253 ejus
1273 1219 1346 1243 non
1359 1209 1488 1248 minus,
1512 1221 1621 1256 quam

237 1272 279 1295 ex
295 1260 426 1295 studiis
442 1271 485 1295 ac
504 1259 618 1300 libris,
639 1271 716 1294 cum
736 1258 862 1306 quibus
880 1259 918 1293 z'n
934 1260 1094 1305 gratiam
1114 1260 1274 1299 redierit,
1294 1260 1467 1296 solatium
1486 1261 1621 1296 doloris

234 1315 352 1359 petat,
374 1322 477 1358 quem
495 1322 537 1346 ex
555 1310 703 1359 adflicta
721 1310 906 1358 republica
925 1315 1078 1357 ceperat.

244 1377 312 1418 M.
334 1376 385 1418 T.
419 1375 653 1418 CICERO
685 1375 752 1417 M.
776 1375 1094 1418 TERENTIO
1117 1376 1404 1419 VARRONI
1438 1378 1482 1420 S.
1507 1378 1565 1420 D.

184 1433 295 1499 EX
319 1453 386 1495 his
408 1453 576 1505 litteris,
598 1468 703 1509 quas
730 1452 905 1494 Atticus
937 1468 962 1493 a
992 1462 1033 1494 te
1062 1454 1212 1495 missas
1242 1453 1349 1495 mihi
1371 1454 1492 1510 legit,
1516 1456 1619 1510 quid

186 1524 348 1566 ageres,
371 1520 414 1551 et
434 1511 508 1552 ubi
531 1524 657 1561 esses,
680 1510 892 1566 cognovi:
924 1510 1096 1564 quando
1117 1521 1261 1551 autem
1286 1520 1327 1552 te
1349 1511 1480 1552 visuri
1510 1525 1621 1553 esse-

182 1581 295 1619 mus,
317 1567 425 1608 nihil
447 1581 546 1609 sane
569 1582 622 1608 ex
647 1567 797 1607 iisdem
822 1566 973 1606 litteris
997 1568 1117 1622 potui
1141 1567 1362 1623 suspicari.
1426 1565 1476 1608 In
1500 1583 1620 1624 spem

185 1633 328 1666 tamen
349 1624 490 1676 venio,
512 1625 858 1680 appropinquare
881 1633 1002 1664 tuum
1025 1624 1256 1665 adventum
1275 1641 1283 1665 :
1307 1624 1380 1679 qui
1404 1625 1510 1665 mihi
1536 1626 1618 1666 nti-

184 1695 284 1722 nam
316 1681 468 1723 solatio
500 1681 579 1723 sit!
614 1680 705 1722 Etsi
731 1690 795 1721 tot
818 1681 1035 1735 tantisque
1058 1682 1183 1722 rebus
1207 1695 1422 1737 urgemur,
1446 1692 1494 1722 ut
1524 1683 1618 1723 nul-

183 1737 267 1778 lam
288 1738 586 1780 allevationem
608 1738 833 1793 quisquam
857 1752 943 1777 non
963 1737 1237 1778 stultissimus
1253 1752 1421 1794 sperare
1439 1739 1611 1781 debeat:

186 1797 200 1825 ¹
227 1795 300 1837 sed
331 1803 473 1837 tamen
505 1804 578 1835 aut
611 1805 656 1835 tu
690 1804 811 1850 potes
835 1808 916 1845 me,
939 1804 1013 1835 aut
1034 1808 1116 1849 ego
1141 1805 1182 1835 te
1206 1794 1388 1835 fortasse
1409 1795 1552 1850 aliqua
1573 1810 1616 1837 re

176 1851 346 1907 juvare.
399 1851 518 1893 Scito
541 1851 654 1893 enim
677 1865 760 1901 me,
784 1861 1062 1906 posteaquam
1087 1852 1128 1892 in
1153 1852 1303 1892 urbem
1327 1852 1530 1903 venerim,
1554 1867 1617 1894 re-

183 1908 296 1951 disse
316 1923 415 1952 cum
437 1909 652 1950 veteribus
674 1908 822 1949 amicis
846 1908 939 1961 9[id
973 1918 1051 1958 est,
1082 1923 1181 1950 cum
1212 1909 1351 1962 libris]
1384 1909 1540 1950 nostris
1573 1912 1616 1951 in

184 1966 384 2022 gratiam.
415 1967 494 2007 etsi
521 1980 605 2006 non
630 1965 790 2006 idcirco
811 1979 960 2006 eorum
983 1979 1106 2006 usum
1128 1965 1388 2017 dimiseram,
1421 1966 1536 2021 quod
1566 1966 1617 2007 iis

185 2036 505 2065 succenserem:
551 2023 623 2063 sed
654 2023 769 2078 quod
801 2036 948 2063 eorum
981 2036 1049 2062 me
1080 2023 1366 2078 suppudebat.
1429 2023 1617 2064 Videbar

184 2080 299 2121 enim
332 2080 454 2131 mihi,
486 2094 584 2121 eum
618 2093 686 2120 me
717 2079 759 2120 in
791 2093 855 2120 res
887 2078 1277 2120 turbulentissimas
1311 2079 1615 2122 infidelissimis

184 2137 312 2178 sociis
354 2137 633 2187 demisissem,
677 2136 905 2192 praeceptis
946 2135 1115 2177 illorum
1155 2151 1241 2177 non
1276 2137 1378 2178 satis
1412 2137 1616 2192 paruisse.

160 2203 164 2205 “
187 2191 428 2249 Ignoscunt
447 2194 570 2244 mihi,
592 2202 797 2234 revocant
827 2195 869 2234 in
894 2193 1250 2234 consuetudinem
1273 2194 1522 2249 pristinam:
1557 2204 1618 2235 te-

183 2264 281 2305 que,
304 2250 450 2305 3quod
473 2251 515 2290 in
538 2264 589 2290 eo
622 2251 918 2305 permanseris,
942 2251 1263 2305 sapientiorem,
1287 2265 1416 2306 quam
1447 2265 1530 2302 me,
1553 2252 1618 2292 di-

184 2317 290 2348 cunt
310 2306 456 2349 fuisse.
510 2307 819 2358 Quamobrem,
841 2307 1013 2362 quando
1040 2307 1221 2363 placatis
1245 2307 1312 2348 his
1334 2318 1446 2359 utor,
1469 2308 1618 2350 videor

225 2417 266 2446 85
281 2416 366 2456 quod
368 2416 606 2458 firmissimum
618 2415 677 2455 est]
703 2415 790 2446 Puto
801 2425 882 2452 esse,
927 2414 1040 2455 Eurip.
1057 2414 1186 2455 Fragm.
1200 2425 1232 2456 p.
1252 2418 1319 2449 194.
1334 2416 1430 2453 Vere,
1443 2422 1481 2447 ut
1494 2417 1621 2457 opinor.

184 2457 271 2497 quod
285 2462 335 2488 est
351 2459 392 2489 ad
407 2457 645 2489 decernendam
667 2467 797 2488 causam
814 2467 884 2488 cer-
926 2462 1043 2499 natum
1058 2462 1108 2488 est
1123 2468 1141 2488 e
1155 2457 1272 2497 glossa.
1316 2458 1377 2488 Sed
1392 2469 1411 2488 a
1426 2458 1532 2498 glossa
1545 2464 1620 2489 tan-

185 2500 363 2541 tissimum.
927 2505 1000 2530 tum
1016 2503 1066 2529 est
1081 2500 1118 2530 id
1130 2503 1188 2536 est,
1204 2510 1279 2531 cum
1295 2501 1396 2531 libris.
1419 2502 1535 2531 nostris
1550 2511 1622 2541 per·

232 2544 244 2572 1
269 2542 326 2572 sed
345 2542 473 2582 tamen]
496 2542 553 2573 sed
566 2541 695 2572 videtur
710 2540 885 2572 delendum
928 2542 1015 2572 tinet
1031 2541 1072 2572 ad
1086 2543 1220 2572 amicos.

191 2581 225 2612 in
258 2583 319 2614 hac
358 2584 636 2625 interpunctione.
681 2583 714 2613 Si
747 2585 807 2613 etsz'
842 2588 888 2614 tot
972 2585 991 2614 3
1016 2584 1099 2623 quod
1114 2585 1149 2614 in
1163 2594 1197 2614 eo
1212 2583 1395 2624 permanan]
1421 2594 1455 2614 eo
1470 2584 1530 2614 int.
1547 2594 1622 2622 usu,

187 2625 344 2657 —debeat
359 2626 627 2657 antecedentibus
642 2625 889 2665 adjungendum
931 2636 949 2655 e
972 2626 1070 2656 verbo
1092 2627 1365 2663 consuetudinem,
1397 2627 1487 2662 cujus
1510 2626 1624 2657 formae

189 2671 252 2704 est,
268 2672 303 2697 et
316 2668 477 2708 punctum
493 2672 566 2708 post
580 2668 703 2705 debeat,
717 2672 803 2698 stare
817 2672 890 2708 pot·
933 2667 1042 2698 multa
1065 2668 1216 2708 exempla
1242 2674 1321 2698 sunt
1350 2677 1404 2707 ap.
1432 2667 1562 2698 Graecos
1590 2675 1624 2700 et

188 2711 410 2750 esu—aliqua
431 2721 466 2740 re
480 2711 618 2753 juvare,
636 2710 677 2741 ad
692 2709 888 2741 consolatio·
933 2709 1082 2741 Latinos.
1106 2710 1146 2741 In
1169 2711 1234 2741 Ms.
1258 2720 1331 2740 meo
1346 2715 1380 2740 et
1395 2709 1458 2739 Gu.
1485 2712 1511 2741 1.
1526 2716 1575 2741 est
1592 2713 1625 2741 in

187 2757 264 2780 nem
282 2753 435 2791 pertinet.
931 2762 983 2789 ea,
999 2752 1056 2782 sed
1077 2763 1095 2782 a
1116 2758 1315 2782 correctore:
1343 2752 1375 2781 in
1400 2751 1464 2782 Gu.
1491 2755 1517 2783 1.
1542 2763 1560 2783 a
1582 2763 1626 2783 m.

232 2795 251 2821 2
273 2793 310 2822 id
321 2798 381 2831 est,
395 2804 470 2825 cum
486 2793 577 2824 libris
591 2792 722 2832 nostris]
750 2793 823 2824 Hoc
837 2794 888 2824 in·
932 2804 981 2834 pr.
997 2794 1076 2824 Mox
1090 2804 1148 2833 pro
1160 2803 1261 2834 quum
1273 2793 1353 2823 Mss.
1369 2793 1458 2826 Gorl.
1473 2794 1536 2826 Gu.
1559 2798 1582 2826 l.
1599 2800 1628 2827 2,

192 2832 334 2865 sititium
344 2835 472 2876 judicat
489 2835 721 2873 Valkenarius,
739 2835 777 2867 V.
795 2836 832 2869 C.
850 2835 891 2867 ad
933 2836 1074 2877 quando,
1091 2840 1127 2867 ut
1143 2835 1213 2867 edd.
1229 2843 1342 2867 omnes
1358 2845 1406 2877 pr.
