1865 3223
488 92 567 131 AD
592 93 635 130 C.
664 91 930 130 CASSIUM
957 90 1035 128 ET
1062 89 1246 128 Amos,
1353 119 1365 137 ,
1505 96 1582 130 813

161 205 418 247 contractam,
449 197 491 238 in
527 196 659 259 Lycia
687 209 712 236 a
741 193 873 236 classe
902 193 995 250 ejus
1017 193 1221 234 obsideri.
1282 193 1428 250 Hujus
1450 196 1509 236 rei
1534 196 1587 237 ti·

161 263 293 304 more,
325 263 463 310 patres
495 251 743 306 conscripti,
777 251 978 307 percituS,
1012 250 1190 304 injurias
1221 252 1402 314 perpeti,
1424 262 1466 292 et
1488 266 1586 292 cum

161 310 420 352 contumelia
441 311 571 352 etiam
589 319 752 359 nostra,
773 322 918 348 omnia
943 308 1057 363 prius
1083 308 1268 372 experiri
1294 308 1438 348 malui.
1500 307 1588 348 Ita·

161 382 244 423 que
265 368 316 408 ad
341 367 504 408 illorum
530 365 792 407 voluntatem
815 365 1116 405 introductus
1108 378 1149 404 ιιι
1187 365 1350 414 urbem,
1380 375 1422 404 et
1452 364 1492 404 in
1524 378 1588 405 se-

162 435 310 466 natum
327 438 487 473 eorum,
505 437 632 477 quam
653 422 981 478 diligentissime
996 422 1133 477 potui,
1149 435 1320 462 causam
1342 421 1588 476 reipublicae

161 482 257 537 egi:
292 479 610 543 periculumque
643 494 784 529 omne,
817 479 931 533 quod
968 479 1160 528 instaret,
1195 478 1228 518 si
1260 477 1330 518 ille
1360 477 1467 518 latro
1489 492 1586 518 cum

160 539 360 579 omnibus
382 551 468 576 surs
491 550 618 577 naves
640 537 974 586 conscendisset,
996 535 1193 590 exposui.
1228 534 1423 576 Rhodios
1445 545 1588 575 autem

163 604 283 636 tanta
317 594 359 634 in
393 593 603 649 pravitate
634 593 931 643 anirnfflidxerti,
969 605 1016 633 ut
1048 605 1198 633 omnes
1227 592 1436 633 firmiores
1468 601 1591 646 puta-

162 662 274 714 rent,
293 664 420 705 quam
452 651 608 692 bonos:
642 661 688 691 ut
717 651 828 691 hanc
858 649 1131 691 concordiam
1163 658 1206 689 et
1227 650 1590 704 conspirationem

160 708 351 748 omnium
375 707 569 748 ordinum
595 708 647 748 ad
669 706 978 748 defendendam
1002 707 1245 747 libertatem
1275 720 1492 770 propense
1507 720 1592 747 non

160 763 382 806 crederent
403 778 493 805 esse
512 763 697 812 factam:
722 774 770 805 ut
792 765 1041 820 patientiam
1068 774 1254 814 senatus,
1276 774 1319 804 et
1341 763 1495 820 optimi
1518 778 1592 803 cu-

150 821 313 876 ·jusque
337 835 506 862 manere
533 822 663 862 etiam
686 836 799 862 nunc
821 821 1102 870 confiderent,
1127 835 1203 860 nec
1228 822 1416 876 potuisse
1438 819 1593 863 audere

160 892 418 933 quemquam
443 877 712 922 Dolabellam
735 878 902 919 hostem
917 878 1136 941 judicare:
1161 887 1208 917 ut
1226 877 1410 932 denique
1431 877 1591 928 omnia,

160 947 258 990 quae
282 934 467 990 improbi
486 935 722 990 fingebant,
743 936 879 991 magis
899 949 996 976 vera
1015 935 1327 985 existimarent,
1346 949 1473 989 quam
1493 949 1591 998 quae

162 1005 259 1032 vere
274 992 396 1032 facta
415 1002 550 1043 erant,
573 1003 615 1034 et
637 1008 661 1033 a
683 993 807 1033 nobis
829 993 1110 1034 docebantur.
1171 991 1271 1037 Qua
1300 1003 1441 1032 mente
1461 993 1592 1032 etiam

160 1057 260 1089 ante
289 1059 481 1091 nostrum
504 1024 752 1100 adventum,
782 1060 877 1105 post
904 1048 1111 1090 Trebonii
1138 1048 1479 1104 indignissimam
1508 1063 1593 1089 cae-

158 1105 273 1156 dem,
294 1115 520 1161 ceteraque
550 1116 616 1147 tot
637 1116 810 1161 tamque
834 1105 994 1147 nefaria
1017 1105 1223 1156 facinora,
1230 1082 1359 1147 ζἶὴιιει»
1384 1105 1590 1161 profectae

160 1172 282 1203 erant
316 1163 368 1203 ad
407 1162 674 1205 Dolabellam
715 1163 951 1219 legationes
988 1176 1153 1213 eorum,
1187 1173 1232 1203 et
1264 1163 1437 1217 quidem
1478 1177 1590 1204 novo

160 1219 376 1283 exemplo,
401 1230 553 1261 contra
578 1219 693 1276 leges
720 1221 925 1275 ipsorum,
956 1218 1285 1281 prohibentibus
1315 1220 1381 1269 iis,
1402 1220 1475 1274 qui
1499 1230 1592 1261 tum

160 1277 436 1331 magistratus
465 1277 687 1340 gerebant.
748 1275 876 1326 Haec,
906 1276 994 1316 sive
1026 1288 1182 1316 timore
1209 1280 1276 1328 (ut
1297 1275 1517 1339 dictitant)
1539 1278 1592 1318 de

159 1335 289 1388 agriS,
310 1347 419 1387 quos
435 1333 484 1376 in
506 1333 745 1374 continenti
778 1334 952 1383 liabent,
981 1333 1069 1372 sive
1093 1332 1260 1382 furore,
1272 1335 1313 1366 49
1327 1334 1417 1373 sive
1439 1344 1633 1388 poten-p.
1653 1344 1721 1376 193.

159 1390 220 1430 tia
242 1403 490 1445 paucorum,
497 1390 581 1445 qui
604 1400 647 1431 et
666 1400 791 1431 antea
815 1390 903 1446 pari
924 1390 1186 1431 contumelia
1200 1391 1312 1430 viros
1334 1389 1633 1431 clarissimosa·

159 1445 404 1497 affecerant,
438 1458 481 1488 et
519 1461 633 1488 nunc
665 1447 880 1488 maximos
912 1447 1188 1500 magistratus
1226 1457 1436 1502 gerentes,
1476 1447 1592 1489 nullo

157 1503 374 1559 exemplo,
396 1506 436 1534 50
453 1518 590 1568 neque
614 1513 752 1545 vestro
775 1519 827 1545 ex
860 1515 992 1559 parte,
1027 1517 1164 1559 neque
1196 1513 1342 1544 nostro
1375 1506 1592 1559 praesenti‚

160 1573 298 1614 neque
321 1560 560 1601 imminenti
586 1559 724 1601 ltaliae
751 1561 930 1615 urbique
951 1571 1107 1602 nostrae
1126 1560 1331 1617 periculo,
1353 1562 1387 1601 si
1411 1561 1479 1601 ille
1499 1576 1594 1617 par-

159 1617 294 1658 ricida
326 1631 437 1658 cum
455 1618 542 1658 suis
573 1617 825 1668 latronibus,
856 1618 1052 1667 navibus,
1083 1632 1136 1658 ex
1159 1617 1276 1659 Asia
1287 1618 1496 1673 Syriaque
1517 1633 1593 1660 ex-

160 1674 320 1729 pulsus,
343 1673 512 1715 Italiam
537 1675 728 1730 petisset,
758 1675 918 1715 mederi
950 1689 1050 1715 cum
1077 1675 1204 1715 facile
1227 1685 1416 1730 possent,
1446 1675 1592 1717 nolue-

160 1739 273 1772 runt.
329 1730 558 1772 Nonnullis
580 1732 710 1772 etiam
735 1732 815 1786 ipsi
837 1731 1112 1787 magistratus
1135 1732 1396 1772 veniebant
1388 1746 1431 1772 m
1455 1734 1593 1789 suspi-

158 1787 342 1837 cionem,
365 1788 598 1829 detinuisse
618 1803 713 1839 nos,
735 1791 771 1819 5¹
788 1800 831 1829 et
853 1789 1061 1829 demorati
1084 1803 1189 1838 esse,
1211 1789 1314 1828 dum
1333 1788 1478 1829 classis
1502 1790 1594 1833 Do-

156 1843 354 1885 labellae
344 1846 502 1887 certior
524 1845 643 1887 fieret
665 1845 718 1886 de
739 1846 924 1887 adventu
946 1857 1107 1886 nostro.
1141 1846 1283 1892 Quam
1304 1847 1592 1901 suspicionem

158 1911 402 1943 consecutae
434 1916 499 1943 res
531 1902 694 1957 aliquot
727 1912 963 1943 auxerunt:
996 1903 1186 1943 maxime
1216 1902 1333 1956 quod
1363 1904 1508 1945 subito
1538 1919 1592 1946 ex

161 1958 296 2014 Lycia
325 1959 426 1999 Sex.
460 1959 628 2000 Marius
657 1970 700 2000 et
733 1959 784 2000 C.
807 1959 963 2009 Titius,
985 1959 1115 2015 legati
1142 1958 1395 2010 Dolabellae,
1416 1975 1441 2001 a
1461 1961 1595 2003 classe

158 2015 458 2065 discesserunt,
495 2017 678 2071 navique
700 2017 830 2072 longa
853 2017 1152 2072 profugerunt,
1182 2017 1385 2057 onerariis
1408 2017 1593 2061 relictis:

156 2073 199 2113 in
237 2073 394 2127 quibus
431 2072 685 2129 colligendis
722 2088 805 2114 non
845 2074 1073 2114 minimum
1107 2074 1314 2129 temporis
1350 2074 1594 2131 laborisque

159 2131 199 2160 52
213 2140 550 2170 consumserant.
613 2130 766 2185 ltaque
787 2145 885 2171 cum
909 2132 962 2171 ab
987 2130 1146 2171 Rhodo
1168 2145 1267 2170 cum
1291 2131 1357 2181 iis,
1390 2146 1496 2186 quas
1519 2133 1593 2174 ha-

158 2187 402 2237 bueramus,
434 2187 628 2237 navibus,
660 2202 702 2227 ιιι
727 2188 904 2251 Lyciam
929 2188 1206 2237 venissemus,
1229 2202 1357 2229 naves
1380 2191 1593 2231 onerarias

158 2244 413 2299 recepimus,
435 2243 707 2298 dominisque
730 2245 1017 2286 restituimus:
1050 2245 1333 2308 ⁵3iidemque,
1365 2247 1482 2301 quod
1506 2262 1594 2288 ma-

158 2300 276 2341 xime
297 2300 562 2351 verebamur,
585 2315 638 2341 ne
659 2312 804 2357 posset
825 2300 1050 2343 Dolabella
1068 2316 1167 2343 cum
1188 2303 1272 2363 ‘suis
1291 2302 1560 2345 latronibus
1550 2319 1594 2346 ιιι

194 2416 237 2447 49
257 2423 325 2444 swe
340 2415 488 2454 potentia
499 2414 701 2454 paucorum]
726 2415 779 2446 Sic
792 2425 852 2455 pro
938 2418 973 2447 51
992 2420 1023 2446 et
1037 2416 1197 2446 demorati
1210 2416 1288 2456 esse]
1306 2416 1470 2447 Latinitas
1482 2424 1594 2458 postu-

146 2456 312 2496 patientia
335 2456 407 2487 dedi
431 2466 506 2487 cum
533 2456 698 2494 Manutio,
723 2458 852 2488 Graevio
895 2457 943 2488 lat
958 2459 1138 2488 demoratos
1151 2468 1225 2493 esse,
1242 2464 1279 2488 ut
1296 2459 1393 2489 habet
1413 2459 1476 2489 Gu.
1497 2464 1523 2491 l.
1539 2461 1592 2492 ed.

153 2498 212 2528 &c.
895 2500 983 2530 Med.
1007 2501 1097 2531 Bene
1112 2500 1258 2533 Graevius
1272 2501 1445 2531 demorari.

196 2542 237 2570 50
257 2550 358 2580 neque
370 2544 477 2572 vestra
493 2550 533 2571 ex
548 2545 660 2580 parte,
683 2552 784 2582 neque
795 2552 850 2573 no·
938 2545 977 2573 52
991 2543 1250 2581 consumserunt]
1265 2552 1326 2572 scr.
1339 2549 1593 2576 comamserant.

152 2585 220 2612 stro
229 2581 455 2623 presentium]
480 2583 583 2615 Recte
596 2584 630 2614 J.
649 2584 699 2614 Fr.
722 2585 851 2616 Grono-
894 2584 1036 2615 Evidens
1050 2590 1118 2615 est.
1136 2594 1196 2614 nec
1205 2584 1351 2615 dubitavi
1363 2586 1408 2615 sic
1420 2588 1591 2625 corrigere.

155 2623 226 2653 vius
241 2625 424 2664 corrigebat
437 2629 552 2656 vestro.
596 2627 658 2657 Sed
680 2627 728 2657 ita
749 2628 851 2657 etiam
894 2626 939 2657 Et
953 2627 999 2657 sic
1015 2627 1112 2666 plane
1125 2627 1176 2657 ed.
1194 2626 1290 2657 Rom.

152 2673 227 2706 post
243 2665 416 2705 legendum
426 2670 599 2707 proesenti:
614 2677 652 2699 ut
666 2676 854 2709 opponatur
939 2671 978 2700 53
999 2669 1157 2709 idemque,
1173 2668 1257 2707 quod
1271 2668 1328 2698 ἃς.
1332 2667 1346 2706 J
1370 2664 1448 2698 Non
1463 2669 1592 2702 dubita·

151 2709 347 2739 imminenti.
367 2710 508 2741 refertur
520 2718 695 2750 utrumque
709 2711 750 2742 ad
763 2713 852 2751 peri-
895 2721 965 2741 ram
987 2710 1195 2741 scribendum
1218 2719 1286 2739 esse
1315 2710 1454 2750 itemque
1478 2713 1594 2744 timere

148 2751 234 2786 culo,
260 2750 306 2780 ita
330 2753 514 2788 manifeste,
539 2759 578 2783 ut
601 2754 782 2784 necessario
805 2754 851 2784 sic
894 2753 1057 2783 desiimus.
1080 2753 1164 2782 idem
1185 2751 1282 2798 plane
1305 2761 1449 2786 sensum.
1457 2753 1510 2785 hic
1525 2765 1594 2787 non

151 2771 380 2831 corrigendum
417 2795 471 2824 sit.
516 2795 632 2835 ltaque
667 2796 769 2827 etiam
804 2796 850 2827 sic
892 2795 1003 2825 habet.
1047 2794 1109 2825 Sed
1123 2793 1259 2824 deinde
1253 2803 1287 2823 ιιι
1301 2793 1351 2824 ed.
1366 2794 1464 2827 Rom.
1487 2798 1593 2871 reperi

152 2833 247 2866 edere
261 2843 330 2865 non
344 2835 504 2868 dubitavi.
892 2837 1064 2878 iidemque,
1079 2835 1165 2876 quod
1181 2835 1298 2877 recepi.
