1903 3218
371 109 450 147 AD
477 107 566 145 CN.
593 103 890 145 PLANCUM
918 102 992 140 ET
1019 101 1303 139 CETEROS.
1487 104 1563 143 ί257

121 213 213 271 plat
234 214 328 271 ejus
349 214 626 271 chirographi
649 211 766 253 Titio
790 211 901 252 misi.
963 209 1065 266 Ipsa
1093 207 1384 265 chirographa
1405 210 1564 259 omnia,

121 281 166 312 et
186 273 343 327 quibus
377 272 555 322 credidi,
576 280 618 310 et
647 283 712 320 ea,
734 269 891 324 quibus
925 266 1053 308 fidem
1088 280 1174 307 non
1207 264 1448 306 habendam
1486 280 1564 320 pu-

122 329 227 379 tavi,
252 328 382 370 Laevo
406 328 556 384 Cispio
589 326 702 367 dabo
738 324 1018 381 perferenda3
1049 323 1123 378 qui
1157 322 1360 363 omnibus
1399 321 1466 361 his
1502 322 1566 361 in-

122 384 273 426 terfuit
303 386 444 426 rebus.
504 382 750 424 73Accessit
777 397 844 432 eo,
867 390 915 422 ut
943 380 1101 421 milites
1124 379 1232 434 ejus,
1254 392 1354 419 cum
1379 377 1566 433 Lepidus

122 443 465 491 concionaretur,
488 439 674 495 improbi
707 454 781 496 per
812 453 870 489 se,
893 438 1083 492 corrupti
1115 437 1246 477 etiam
1279 449 1353 491 per
1382 449 1469 484 eos,
1492 435 1566 489 qui

122 508 329 553 praesunt‚
373 496 595 546 Canidios,
638 495 956 550 Rufrenosque,
998 503 1042 535 et
1083 503 1263 543 ceteros,
1303 506 1426 547 qum,
1468 505 1567 531 cum

119 568 229 610 opus
261 555 356 604 erit,
389 553 547 603 scietis,
570 553 880 594 conclamarint
914 551 992 592 viri
1031 551 1146 601 boni,
1182 564 1333 606 pacem
1368 562 1412 589 se
1447 546 1565 597 velle,

123 624 262 665 neque
284 624 375 651 esse
396 624 494 651 cum
517 609 612 650 ullis
637 620 917 666 pugnatur05‚
941 610 981 642 74
994 608 1163 648 duobus
1191 606 1283 661 jam
1317 604 1565 647 consulibus

123 667 412 723 singularibus
433 667 653 717 75occisis,
678 677 743 708 tot
764 667 932 707 civibus
956 679 1032 720 pro
1058 662 1407 720 patria'amissis,
1429 661 1566 702 hosti-

126 723 202 764 bus
231 723 416 778 denique
446 724 647 764 omnibus
675 723 900 779 judicatis,
924 722 1133 776 bonisque
1160 720 1405 776 publicatis.
1429 732 1566 774 neque

122 779 205 821 hoc
234 789 309 825 aut
333 780 571 821 vindicarat
600 780 803 836 Lepidus,
825 790 899 821 aut
932 789 1114 819 sanarat.
1178 776 1280 818 Huc
1314 791 1382 817 me
1407 776 1564 826 venire,

119 847 163 877 et
184 836 354 878 duobus
377 837 641 878 exercitibus
664 837 909 892 conjunctis
932 836 1122 889 objicere
1143 834 1383 875 exercitum
1407 832 1564 874 fidelis-

123 893 296 945 simum,
318 893 480 934 auxilia
511 895 714 945 maxima,
737 894 952 950 principes
975 892 1146 943 Galliae,
1170 890 1435 947 provinciam
1458 903 1564 930 cun-

123 959 256 1001 ctam,
280 965 459 992 summae
482 951 710 992 dementiae
743 961 786 991 et
812 950 1064 992 temeritatis
1086 962 1177 989 esse
1202 948 1288 988 vidi
1312 965 1321 989 ε
1354 946 1561 1001 mihique,

123 1007 157 1047 si
183 1007 245 1048 ita
266 1021 494 1062 oppressus
516 1021 667 1058 essem,
690 1022 864 1062 remque
897 1006 1113 1062 publicam
1147 1019 1315 1046 mecum
1351 1003 1563 1059 prodidis-

121 1077 225 1115 sem,
248 1073 420 1105 mortuo
454 1078 540 1105 non
574 1065 704 1106 modo
740 1064 962 1114 honorem,
993 1063 1062 1103 sed
1100 1061 1435 1103 misericordiam
1457 1075 1564 1116 quo-

122 1134 206 1175 que
227 1120 538 1162 76defuturam.
600 1120 753 1176 Itaque
782 1122 992 1162 rediturus
1015 1134 1123 1170 sum,
1147 1133 1225 1159 nec
1249 1128 1369 1159 tanta
1390 1131 1567 1158 munera

122 1177 300 1232 perditis
323 1178 570 1219 hominibus
591 1181 629 1212 77
641 1178 732 1219 dari
756 1192 880 1233 posse
903 1178 1055 1217 sinam.
1118 1176 1176 1216 Ut
1196 1176 1434 1216 exercitum
1459 1174 1564 1214 locis

123 1235 303 1275 habeam
343 1235 613 1290 opportunis,
652 1235 918 1290 provinciam
958 1244 1093 1282 tuear,
1129 1232 1297 1272 etiamsi
1335 1231 1404 1271 ille
1442 1245 1564 1271 exer-

124 1291 236 1332 citus
275 1292 489 1341 descierit,
526 1292 757 1346 omniaque
796 1291 964 1345 integra
1001 1303 1180 1337 servem,
1220 1288 1334 1329 dabo
1371 1302 1562 1343 operam,

118 1347 260 1401 quoad
281 1348 496 1388 exercitus
518 1347 603 1387 huc
626 1347 922 1398 summittatis,
951 1346 1127 1402 parique
1158 1344 1365 1386 felicitate
1391 1359 1561 1400 rempu-
1574 1349 1607 1380 b.

120 1403 277 1445 blicam
308 1404 379 1445 hic
403 1403 642 1444 vindicetis.
705 1404 798 1444 Nec
830 1404 1094 1460 depugnare,
1117 1403 1151 1443 si
1186 1403 1357 1443 occasio
1392 1401 1562 1453 tulerit3

120 1474 200 1502 nec
221 1461 423 1510 obsideri,
446 1461 480 1501 si
503 1475 674 1502 necesse
698 1460 826 1501 fuerit
847 1478 856 1512 ;
888 1474 967 1501 nec
998 1460 1122 1510 mori,
1146 1459 1179 1500 si
1202 1474 1324 1500 casus
1348 1459 1577 1513 inciderit,

122 1531 200 1572 pro
227 1518 366 1568 vobis,
399 1518 590 1572 paratior
623 1517 706 1559 fuit
743 1519 985 1573 quisquam.
1048 1517 1193 1563 Quare
1226 1516 1375 1557 hortor
1414 1525 1470 1566 te,
1503 1517 1562 1556 mi

123 1573 294 1625 Cicero,
329 1575 568 1615 exercitum
599 1574 684 1615 huc
715 1575 1014 1629 trajiciendum
1043 1588 1171 1628 quam
1206 1574 1390 1629 primum
1425 1587 1562 1622 cures,

122 1640 166 1671 et
202 1640 389 1672 matures
429 1631 560 1686 prius,
594 1646 724 1686 quam
765 1631 910 1672 hostes
952 1632 1091 1686 magis
1133 1630 1479 1681 corroborentur,
1519 1641 1563 1670 et

122 1687 254 1728 nostri
280 1689 596 1743 perturbentur.
658 1688 707 1729 In
732 1703 818 1743 quo
842 1689 875 1729 si
905 1688 1100 1729 celeritas
1130 1688 1211 1727 erit
1244 1687 1454 1737 adhibita,
1476 1701 1562 1727 res-

120 1744 294 1799 publica
315 1744 359 1785 in
382 1745 650 1800 possessione
673 1745 881 1796 victoriae,
903 1745 1054 1786 deletis
1087 1744 1317 1793 sceleratis,
1340 1758 1563 1800 permane-

118 1801 198 1842 bit.
259 1800 346 1842 Fac
369 1801 523 1852 valeas,
546 1815 698 1857 meque
728 1802 897 1858 diligas.
960 1802 1153 1843 Fratrem
1185 1815 1326 1842 meum
1355 1800 1452 1850 tibi,
1475 1800 1561 1841 for-

124 1858 337 1899 tissimum
359 1858 516 1909 civem,
538 1870 582 1898 et
602 1859 655 1900 ad
683 1859 830 1900 omnia
860 1859 1191 1915 paratissimum,
1214 1860 1253 1891 78
1267 1872 1469 1899 excusem
1492 1857 1562 1898 lit-

121 1914 252 1956 teris?
282 1916 356 1970 qui
378 1929 431 1956 ex
455 1915 600 1956 labore
621 1917 663 1957 in
687 1915 940 1957 febriculam
964 1916 1117 1957 incidit
1139 1915 1369 1966 assiduam,
1391 1924 1435 1955 et
1459 1915 1561 1956 satis

120 1971 361 2013 molestam.
423 1971 535 2013 Cum
569 1973 754 2028 primum
792 1975 952 2029 poterit.
983 1974 1094 2014 istuc
1123 1986 1353 2022 recurrere,
1374 1986 1461 2012 non
1483 1972 1561 2013 du-

120 2028 294 2080 bitabit,
316 2044 369 2070 ne
401 2044 487 2084 quo
518 2029 614 2070 loco
648 2030 897 2086 reipublicae
930 2030 1055 2071 desit.
1117 2029 1268 2070 Meam
1301 2030 1560 2084 dignitatem

120 2086 466 2127 commendatam
488 2086 662 2138 habeas,
683 2101 806 2143 rogo.
867 2087 1187 2143 concupiscere
1213 2100 1281 2126 me
1304 2086 1411 2127 nihil
1431 2101 1559 2142 opor-

121 2151 198 2182 tet.
227 2142 367 2184 habeo
397 2154 439 2184 te
468 2153 511 2184 et
541 2144 881 2186 amantissimum
912 2145 1013 2195 mei,
1040 2153 1084 2184 et
1109 2143 1225 2199 quod
1255 2144 1419 2199 optavi,
1445 2159 1559 2184 sum·

120 2212 203 2240 mae
239 2200 524 2241 auctoritatis.
584 2199 651 2241 Tu
689 2201 859 2253 videris,
896 2210 1106 2257 quantum
1144 2210 1187 2241 et
1223 2201 1396 2255 quando
1437 2210 1557 2242 tuum

139 2352 146 2359 .
161 2313 201 2345 73
223 2311 365 2342 Accessit
378 2323 424 2349 eo,
441 2317 479 2343 ut
502 2313 634 2354 milites]
657 2314 745 2346 Alias
766 2313 816 2344 di·
853 2324 918 2355 pro
925 2315 1043 2354 patria
1058 2323 1125 2344 non
1140 2313 1273 2350 dicitur,
1290 2314 1347 2345 sed
1363 2314 1474 2346 occidi.

119 2356 207 2384 citur
226 2354 312 2393 quod
333 2359 406 2394 post
427 2355 597 2386 accedere:
619 2356 674 2387 sed
696 2361 730 2387 et
752 2355 818 2387 alia
902 2357 943 2390 76
970 2355 1178 2396 defuturam]
1209 2356 1353 2387 Restitui
1381 2357 1559 2387 lectionem

119 2395 270 2442 exempla
295 2395 391 2436 hujus
417 2396 534 2427 formae
556 2403 635 2429 sunt
661 2399 696 2429 in
717 2399 818 2438 ipsius
861 2403 1024 2429 veterem:
1053 2396 1114 2429 nec
1135 2399 1310 2429 obsecutus
1331 2408 1404 2429 sum
1428 2399 1480 2436 iis,
1504 2401 1557 2437 qui

121 2436 289 2468 Ciceronis
302 2438 402 2469 libris.
417 2448 447 2470 v.
465 2438 558 2471 Clav.
571 2440 605 2470 in
620 2441 782 2472 accedere.
859 2439 1051 2481 defuturum
1066 2451 1104 2470 ex
1120 2450 1188 2471 uno
1203 2445 1237 2470 et
1251 2440 1356 2471 altero
1380 2441 1463 2471 libro
1478 2442 1556 2470 scri-

162 2482 206 2513 74
225 2479 347 2511 duobus
367 2490 453 2512 cons.
465 2482 707 2522 singularibus]
732 2482 813 2513 Ver-
856 2488 915 2523 pto
931 2493 1102 2523 recepere:
1127 2484 1189 2513 etsi
1204 2482 1238 2513 id
1253 2489 1421 2523 utcunque
1444 2482 1555 2513 defen·

121 2519 201 2568 bum
223 2521 381 2552 ultimum
403 2529 592 2563 suspectum
612 2529 675 2562 est,
690 2524 818 2564 fuitque
861 2525 892 2556 di
906 2525 1057 2565 exemplo
1072 2531 1192 2565 potest.

114 2571 187 2600 Jam
211 2562 386 2602 Lambino,
400 2565 455 2604 qui
478 2565 618 2597 addebat
637 2567 729 2604 viris,
751 2567 816 2597 ele-
900 2571 940 2601 77
962 2568 1038 2598 dari
1048 2577 1139 2607 posse
1151 2566 1274 2605 sinam]
1293 2565 1394 2596 Posse
1407 2565 1556 2596 videatur

122 2608 241 2651 gauter
252 2613 351 2644 sane3
374 2606 432 2636 sed
453 2617 527 2637 cum
543 2613 652 2639 cetera
665 2609 817 2639 substan·
860 2608 1051 2640 redundare.
1097 2608 1159 2640 Sed
1181 2608 1221 2639 ad
1248 2608 1431 2648 periculum
1459 2608 1556 2638 modo

121 2651 192 2676 tiva
207 2655 276 2677 non
292 2647 436 2679 habeant
456 2649 641 2688 epitheton,
656 2650 752 2690 idque
767 2651 816 2690 ip·
859 2651 1000 2682 refertur
1014 2651 1089 2688 hoc,
1104 2650 1190 2691 quod
1206 2650 1308 2680 vitare
1322 2650 1463 2680 volebat.

122 2696 197 2718 num
212 2687 354 2720 abfuerit
367 2700 388 2721 a
401 2691 466 2721 Ms.
480 2691 708 2732 Hister-piano,
723 2697 817 2734 puto,
903 2696 944 2727 78
977 2703 1126 2725 excusem
1162 2692 1279 2730 literis]
1318 2691 1559 2731 Interrogative

123 2738 201 2760 cum
215 2729 357 2778 Graeyio,
371 2733 404 2763 id
418 2741 486 2764 esse
501 2733 693 2766 delendum.
863 2735 1104 2776 accipiendum,
1119 2739 1157 2765 ut
1180 2733 1261 2763 vidit
1283 2732 1476 2764 Lambinus.
1495 2734 1558 2764 Ms.

165 2773 206 2819 ’(5
228 2775 518 2814 ocean—amissis]
544 2776 662 2807 Malim
685 2786 820 2816 permu-
861 2786 966 2814 meus,
981 2778 1047 2808 Gu.
1067 2775 1245 2808 1.2.G0r1.
1263 2780 1296 2805 et
1311 2774 1381 2806 edd.
1399 2786 1448 2816 pr.
1462 2786 1558 2807 areu-

123 2817 188 2860 tar}
217 2813 289 2844 haec
317 2816 436 2847 verba:
470 2818 652 2849 consulibus
678 2820 819 2856 amissis,
861 2829 910 2850 σει
925 2821 1038 2863 werde.

120 2853 244 2885 ambus
258 2864 322 2896 pro
336 2859 455 2896 patria
474 2860 593 2892 occ-isis.
609 2868 686 2893 nam
707 2861 819 2892 amitti

183 2909 291 2940 VOL.
317 2911 394 2943 111.
419 2914 459 2943 P.
485 2914 518 2943 1.
837 2916 857 2943 S
