1865 3223
227 207 278 248 61

211 1926 265 1967 63

226 2073 264 2102 b.

294 119 372 154 364
531 113 708 152 EPIST.
734 113 921 152 LIBER
947 114 1492 160 TERTIUSDECIMUS

810 219 1212 259 ARGUMENTUM.

295 284 528 321 Commendat
546 283 719 319 Pinnium
741 282 925 329 Bithynice
939 287 1155 331 propraetori
1175 287 1211 321 in
1230 288 1406 333 exigenda
1428 290 1594 335 pecunia,
1617 301 1725 337 quam

781 336 814 369 ei
833 336 1030 371 Nicaeenses
1049 337 1230 374 debebant.

548 400 614 441 M.
637 400 688 441 T.
715 399 766 440 C.
801 400 849 440 Ρ.
874 401 1052 452 SILIO,
1078 402 1301 445 PROPR.
1334 405 1378 445 S.
1403 404 1460 446 D.

289 459 351 512 T.
377 468 600 511 PINNIO
632 466 959 508 familiarissime
998 483 1064 509 me
1104 485 1223 511 usum
1254 486 1358 523 esse,
1395 473 1502 514 scire
1537 482 1577 513 te
1609 473 1722 514 arbi-

291 537 402 569 tror:
436 526 548 581 quod
572 524 742 579 quidem
767 522 835 563 ille
865 534 1121 566 testamento
1153 527 1408 581 declaravit3
1439 531 1510 585 qui
1534 544 1602 570 me
1623 544 1722 571 cum

290 592 489 632 tutorem,
522 591 609 621 tum
639 580 767 620 etiam
802 581 1032 621 secundum
1070 582 1267 624 heredem
1305 586 1550 628 instituerit.
1613 585 1719 641 Ejus

290 640 377 681 filio
412 638 568 678 9‘21ni1·e
609 637 816 687 studioso,
854 647 897 677 et
939 639 1121 688 erudito,
1160 650 1202 680 et
1244 642 1452 694 modesto,
1492 643 1719 699 pecuniam

289 697 536 738 Nicaeenses
570 694 774 750 grandem
807 695 978 744 debent,
1001 696 1053 736 ad
1089 696 1202 737 H-S.
1236 699 1455 754 octogies:
1488 711 1544 751 et,
1569 710 1616 741 ut
1644 715 1718 741 au-

288 754 374 803 dio,
408 753 450 793 in
484 752 629 807 primis
658 750 806 790 volunt
838 752 874 791 ei
916 752 1090 793 solvere.
1155 753 1406 809 Pergratum
1446 757 1576 811 igitur
1612 756 1717 797 mihi

287 810 451 859 feceris,
470 808 640 863 quando
664 822 749 847 non
774 809 900 848 modo
925 809 1072 864 reliqui
1098 818 1272 861 tutores,
1295 812 1368 865 qui
1394 813 1548 862 sciunt,
1567 813 1715 867 quanti

286 881 354 908 me
377 866 521 915 facias,
545 864 614 903 sed
640 864 768 904 etiam
791 878 893 920 puer
916 865 1005 920 ipse
1032 867 1112 907 sibi
1149 869 1369 921 persuasit,
1394 881 1434 909 te
1458 870 1601 910 omnia
1625 885 1718 910 mea

286 938 413 965 causa
446 922 659 962 facturum
689 936 793 971 esse,
817 923 849 962 si
874 922 1036 963 dederis
1060 939 1247 979 operam,
1270 926 1410 979 quoad
1433 937 1505 966 tua
1527 926 1630 966 fides
1652 927 1716 966 di-

285 981 511 1036 gnitasque
535 979 731 1034 patietur,
755 990 800 1019 ut
822 982 996 1034 93quam
1026 981 1210 1036 primum
1242 983 1424 1037 pecunia
1454 983 1610 1024 Pinnio
1635 982 1716 1024 sol-

287 1046 409 1079 vatur
430 1036 719 1085 Nicaeensium
746 1036 933 1077 nomine.

795 1126 1196 1164 ARGUMENTUM.

481 1191 542 1226 De
559 1190 677 1225 Atilio
693 1190 834 1236 gratias
853 1191 951 1236 agit.
985 1202 1085 1225 suum
1093 1189 1257 1238 frairem
1277 1193 1511 1228 commendat.

540 1256 606 1296 M.
628 1255 679 1296 Τ.
705 1255 756 1296 C.
791 1256 840 1296 P.
864 1255 1042 1305 SILIO,
1078 1255 1302 1298 PROPR.
1336 1257 1379 1299 S.
1406 1258 1463 1299 D.

287 1315 374 1368 ET
396 1326 439 1367 in
462 1324 584 1366 Atilii
608 1324 783 1379 negotio
809 1332 850 1363 te
871 1323 1025 1364 amavi.
1087 1324 1198 1364 Cum
1234 1326 1348 1366 enim
1372 1340 1464 1366 sero
1488 1325 1715 1377 venissem,

283 1394 423 1426 tamen
463 1382 691 1423 honestum
730 1380 916 1434 equitem
959 1380 1201 1422 Romanum
1248 1382 1456 1423 beneficio
1496 1392 1569 1422 tuo
1607 1396 1711 1423 con-

283 1441 464 1483 servavi.
526 1438 581 1478 Et
613 1437 853 1477 mehercule
886 1452 1050 1493 semper
1086 1438 1146 1478 sic
1183 1439 1225 1478 in
1253 1439 1398 1479 animo
1427 1438 1572 1487 habui,
1596 1447 1637 1479 te
1667 1439 1708 1479 in

282 1513 379 1540 meo
402 1510 485 1538 aere
506 1509 595 1535 esse
619 1502 792 1549 propter
818 1493 976 1533 Lamiae
1001 1494 1133 1534 nostri
1167 1494 1518 1549 conjunctionem
1551 1505 1595 1535 et
1624 1495 1709 1535 sin-

281 1556 473 1611 gularem
501 1550 874 1592 necessitudinem.
936 1549 1086 1605 Itaque
1119 1551 1302 1606 primum
1328 1552 1405 1591 tibi
1429 1566 1512 1606 ago
1535 1551 1710 1606 gratias,

279 1612 394 1668 quod
427 1624 493 1652 me
522 1608 638 1649 omni
668 1606 865 1648 molestia
883 1607 1114 1649 94liberas:
1147 1608 1299 1648 deinde
1322 1607 1588 1663 impudentia
1614 1622 1710 1663 pro-

279 1683 454 1725 sequor:
489 1666 561 1707 sed
591 1665 701 1705 idem
738 1664 931 1704 sarciam.
990 1663 1052 1704 Te
1080 1664 1195 1705 enim
1226 1679 1393 1720 semper
1423 1666 1483 1706 sic
1505 1664 1643 1705 colam
1665 1673 1709 1705 et

278 1728 445 1774 tuebor,
469 1733 515 1765 ut
536 1737 663 1777 quem
693 1721 1034 1776 diligentissime.
1096 1721 1308 1768 Quintum
1342 1721 1514 1762 fratrem
1550 1734 1707 1772 meum,

278 1785 311 1825 si
335 1797 402 1824 me
424 1781 582 1836 diligis,
604 1794 654 1819 eo
676 1792 853 1819 numero
875 1788 1043 1818 curant
1071 1777 1242 1829 habeas,
1265 1792 1350 1833 quo
1387 1793 1467 1819 me.
1529 1777 1597 1818 Ita
1619 1792 1707 1818 ma-

277 1856 410 1897 gnum
433 1836 689 1879 beneficium
713 1844 832 1876 tuum
857 1849 1014 1890 magno
1036 1835 1207 1875 cumulo
1230 1834 1415 1876 auxeris.

794 1924 1195 1961 ARGUMENTUM.

613 1990 650 2026 C.
666 1989 829 2024 Laenium
847 1988 1119 2035 diligentissime
1136 1988 1371 2023 commendat.

493 2057 560 2099 M.
583 2056 633 2098 T.
659 2056 710 2097 C.
745 2055 794 2096 P.
817 2053 996 2105 SILIO,
1030 2053 1255 2094 PROPR.
1287 2053 1332 2094 S.
1358 2053 1406 2094 P.
1432 2051 1489 2094 D.

281 2117 426 2170 NON
460 2125 608 2183 putavi
645 2124 734 2164 fieri
770 2137 906 2179 posse,
930 2131 976 2162 ut
1006 2121 1111 2163 mihi
1136 2123 1264 2162 verba
1290 2122 1514 2163 deessent:
1547 2120 1619 2161 sed
1643 2128 1706 2161 ta-

274 2200 373 2228 men
405 2186 449 2226 in
483 2182 535 2225 C.
560 2182 708 2224 Laenio
741 2179 1082 2221 commendando
1109 2178 1277 2219 desunt.
1339 2178 1491 2233 Itaque
1512 2191 1600 2218 rem
1623 2177 1703 2218 tibi

274 2256 488 2298 exponam
528 2239 675 2296 paucis
707 2237 868 2279 verbis:
902 2236 973 2277 sed
1017 2244 1174 2285 tamen,
1210 2245 1258 2276 ut
1299 2234 1422 2291 plane
1463 2234 1704 2291 perspicere

274 2300 412 2358 possis
451 2297 714 2338 voluntatem
752 2308 905 2335 meam.
966 2292 1223 2334 Incredibile
1262 2302 1341 2343 est,
1379 2291 1528 2347 quanti
1572 2290 1704 2332 facia-

274 2372 369 2398 mus
401 2364 444 2397 et
474 2369 570 2410 eg0,
600 2363 643 2393 et
677 2352 805 2393 frater
837 2364 970 2400 metm,
1004 2350 1077 2404 qui
1111 2349 1217 2390 mihi
1251 2350 1493 2391 carissimus
1525 2357 1604 2400 est,
1632 2346 1700 2388 M.

278 2414 489 2457 Laenium.
512 2411 553 2451 id
577 2410 625 2450 fit
645 2424 743 2451 cum
766 2408 959 2465 plurimis
979 2407 1071 2462 ejus
1093 2406 1262 2458 officiis,
1286 2414 1376 2447 tum
1409 2419 1576 2447 summa
1604 2418 1701 2460 pro-

318 2529 360 2561 92
383 2527 465 2556 mire
489 2525 627 2555 studioso
655 2526 685 2552 et
711 2520 850 2559 erudito]
884 2520 964 2551 Edd.
1008 2522 1231 2550 -solvantur.
1276 2518 1443 2549 Succurrit
1466 2521 1540 2557 post
1561 2516 1611 2547 ed.
1628 2515 1699 2547 Me-

278 2568 575 2600 R01u.ven.1469.
595 2568 682 2598 1471.
695 2563 784 2594 Med.
798 2564 879 2592 mire
893 2572 966 2592 eru·
1009 2562 1087 2593 diol.
1104 2571 1177 2601 quae
1200 2561 1298 2592 habet
1319 2570 1419 2600 quam
1435 2560 1584 2599 primum
1599 2568 1700 2599 pecu-

281 2613 346 2642 dito
362 2615 390 2641 et
413 2610 563 2640 studioso.
580 2607 658 2638 mibi
674 2606 807 2636 verbum
831 2606 967 2634 studioso
1009 2605 1068 2634 nia
1079 2606 1245 2634 solvatur:
1268 2602 1354 2642 quod
1375 2606 1505 2632 secutus
1519 2610 1611 2631 sum:
1636 2603 1698 2633 etsi

282 2657 469 2694 suspectum
484 2655 544 2681 est.
559 2659 636 2680 nam
650 2648 698 2679 nil
712 2647 800 2678 aliud
812 2655 878 2676 esse
894 2651 965 2686 pot·
1009 2646 1166 2685 suspicor,
1183 2645 1357 2675 lectionem
1376 2644 1521 2683 pecunia·
1535 2643 1646 2674 fecisse
1659 2649 1699 2674 ut

281 2702 344 2732 est,
363 2704 459 2733 quam
482 2693 629 2723 erudito:
651 2700 746 2731 quem
769 2689 874 2719 medio
898 2698 966 2718 aevo
1009 2688 1303 2728 quamplurimum
1325 2686 1532 2722 scriberetur,
1547 2689 1581 2715 et
1595 2687 1700 2716 solva-

277 2738 456 2769 studiosum
471 2735 692 2776 appellabant.
1008 2735 1075 2760 tur.

319 2783 359 2813 93
381 2788 477 2818 quam
491 2778 676 2817 plurimum
685 2773 844 2815 pecmzioe]
870 2773 965 2803 Hane
1048 2774 1090 2805 94
1112 2770 1244 2810 liberas]
1270 2772 1383 2801 Sermo
1405 2773 1455 2799 est
1477 2768 1515 2798 de
1532 2779 1564 2799 re
1579 2772 1695 2809 praete-

276 2822 451 2852 lectionem
482 2821 631 2850 vitiosam
659 2826 786 2857 semper
807 2815 963 2855 judicavi,
1007 2814 1084 2852 rita,
1098 2813 1290 2853 videturque
1306 2811 1479 2853 legendum
1497 2812 1653 2842 liberasti.

275 2863 514 2904 legendumque
535 2871 634 2902 quam
651 2861 802 2903 primum
818 2857 965 2899 pecunioe
