1817 3196
502 83 583 122 AD
608 79 834 121 APPIUM
858 78 1209 119 PULCHRUM.
1517 85 1570 129 ω

138 188 336 232 beneficii
360 201 451 230 sum
482 202 564 243 ego
597 186 729 236 testis,
753 193 925 241 praestat
948 184 1027 225 tibi
1050 182 1299 225 memoriam
1321 183 1569 229 benivolen-

141 246 343 301 tiamque,
371 259 496 301 quani
530 245 687 284 debet:
719 243 807 297 qui,
837 256 933 283 cum
969 242 1167 282 maximis
1199 241 1323 281 rebus
1356 241 1441 281 suis
1471 257 1570 284 coa·

138 313 249 354 etuti,
271 319 294 343 a
318 317 384 343 me
406 301 661 342 invitissimo
683 299 958 350 decessisset3
992 309 1146 345 tamen,
1172 307 1217 339 ut
1241 297 1345 338 vidit
1368 297 1568 340 interesse

140 367 228 409 tua,
250 359 538 400 conscendens
567 358 658 412 jam
695 371 859 406 navem,
886 355 1056 412 Epheso
1096 355 1347 396 Laodiceam
1383 356 1569 396 revertit.

138 414 260 456 Talia
283 427 323 458 te
344 431 439 457 cuin
470 415 610 455 studia
635 414 796 455 videam
832 413 1074 454 habiturum
1108 426 1198 453 esse
1230 412 1570 463 innumerabilia,

138 472 263 528 plane
294 474 489 514 dubitare
521 487 604 512 non
639 485 825 526 possum,
847 471 948 526 quin
984 470 1059 510 tibi
1093 468 1331 525 amplitudo
1355 469 1435 509 ista
1457 469 1570 509 solli-

136 530 284 570 citudo
318 532 460 570 futura
493 529 561 569 sit.
619 531 659 559 48
675 529 719 568 Si
755 542 851 568 vero
885 527 1090 577 effeceris,
1125 537 1168 566 ut
1199 539 1395 566 censores
1425 539 1571 565 creen-

136 595 219 635 tur,
255 597 312 635 et,
346 588 378 626 si
421 588 479 627 ita
512 586 690 641 gesseris
723 598 959 634 censuram,
999 595 1041 624 ut
1083 595 1125 623 et
1157 583 1300 633 (lebes,
1337 592 1378 623 et
1419 592 1567 639 potes:

135 656 221 683 non
248 644 324 684 tibi
348 643 499 692 solum,
523 644 591 683 sed
619 643 700 682 tuis
725 643 924 682 omnibus
949 641 1070 681 video
1097 640 1136 680 in
1172 651 1422 695 perpetuum
1455 654 1570 679 sum·

135 713 207 739 mo
241 710 281 741 te
315 701 512 756 praesidio
547 701 750 740 futurum.
814 697 923 738 lllud
956 712 1100 753 pugna
1130 708 1171 737 et
1194 699 1368 746 enitere,
1392 711 1444 736 ne
1465 696 1570 751 quid

134 757 261 797 nobis
298 759 501 813 temporis
544 766 821 812 prorogetur:
857 764 916 806 ut,
951 770 1049 796 cum
1092 754 1160 794 hic
1198 753 1276 794 tibi
1315 753 1570 794 satisfeceri-

133 827 244 862 mus,
269 814 364 855 istic
386 829 556 868 qnoque
580 825 765 854 nostram
789 813 830 853 in
855 822 896 852 te
924 811 1252 853 benivolentiam
1287 824 1441 851 navare
1473 825 1570 865 pos-

133 869 282 911 simus.
344 871 455 917 Qnae
486 873 538 912 de
570 870 791 911 hominum
819 878 947 924 atque
968 869 1164 909 ordinum
1191 868 1382 908 oninium
1406 881 1507 921 erga
1529 877 1570 908 te

134 928 287 967 studiis
309 929 459 968 scribis
482 929 532 969 ad
560 942 639 977 me,
663 928 838 968 minime
863 927 964 967 mihi
989 926 1181 967 miranda
1211 937 1254 966 et
1285 924 1473 966 maxime
1496 925 1572 979 ju-

132 984 274 1024 cunda
297 986 571 1027 acciderunt:
603 985 836 1039 eademque
858 985 908 1025 ad
936 999 1001 1024 me
1026 983 1257 1039 perscripta
1280 992 1378 1022 sunt
1400 996 1424 1022 a
1447 981 1571 1022 fami-

132 1039 308 1081 liaribus
333 1043 450 1083 meis.
506 1042 657 1097 Itaque
680 1044 804 1097 capio
829 1056 1025 1096 magnam
1054 1040 1332 1095 voluptatem,
1354 1054 1451 1080 cutu
1475 1038 1570 1089 tibi,

132 1098 257 1152 cujus
287 1099 389 1139 mihi
425 1100 615 1140 amicitia
648 1113 734 1139 non
768 1099 900 1138 solum
939 1098 1093 1153 ampla,
1117 1098 1187 1137 sed
1221 1098 1349 1136 etiam
1376 1096 1571 1151 jucunda

132 1165 213 1204 est,
247 1170 297 1196 ea
331 1156 475 1205 tribui,
499 1171 593 1210 quae
631 1156 890 1196 debeantur:
926 1164 1012 1194 tum
1055 1169 1153 1194 vero
1193 1168 1406 1194 remanere
1439 1153 1568 1193 etiam
1583 1160 1675 1197 p-41.

132 1223 249 1252 nunc
289 1212 327 1251 in
367 1214 544 1253 civitate
581 1223 724 1253 nostra
765 1211 919 1261 studia,
954 1225 1086 1266 prope
1118 1212 1310 1250 omnium
1344 1210 1609 1260 consensu‚³·

131 1281 235 1322 erga
254 1271 295 1301 49
310 1269 439 1309 fortes
462 1279 504 1310 et
527 1268 758 1309 industrios
785 1270 919 1309 viros:
944 1282 1039 1322 quae
1066 1268 1167 1308 milii
1196 1267 1273 1322 ipsi
1301 1281 1382 1307 una
1403 1280 1570 1321 semper

131 1325 293 1366 tributa
327 1339 486 1366 merces
519 1335 582 1366 est
619 1325 810 1366 laborum
849 1335 892 1365 et
914 1325 1155 1380 vigiliarum
1193 1336 1396 1364 mearum.
1460 1322 1572 1364 Illud

129 1394 230 1422 vero
256 1382 358 1423 mihi
395 1384 621 1438 permirum
654 1383 827 1433 accidit,
852 1390 1014 1422 tantam
1049 1382 1331 1422 temeritatem
1365 1380 1496 1421 fuisse
1527 1380 1571 1421 in

125 1451 180 1478 eo
213 1439 496 1489 adolescente,
519 1440 641 1495 cujus
677 1454 759 1494 ego
796 1439 974 1479 salutem
1008 1439 1175 1479 (luobus
1209 1438 1362 1493 capitis
1388 1437 1568 1493 judiciis

128 1508 296 1535 summa
328 1497 605 1537 contentione
638 1496 825 1546 defendi,
857 1506 917 1545 ut,
946 1497 1030 1536 tuis
1065 1496 1301 1536 inimicitiis
1335 1495 1571 1549 suscipien-

127 1551 209 1602 dis,
243 1553 567 1594 oblivisceretur
606 1553 773 1609 patroni
813 1553 1006 1593 omnium
1046 1552 1312 1593 fortunarum
1353 1567 1403 1592 ac
1439 1552 1568 1592 ratio-

127 1621 229 1648 num
264 1623 458 1650 suarum:
494 1611 724 1664 praesertim
759 1624 856 1650 cum
891 1620 934 1649 tu
965 1610 1180 1659 omnibus,
1203 1609 1267 1649 vel
1290 1611 1568 1660 ornamentiss,

129 1665 195 1705 vel
231 1667 439 1720 praesidiis
477 1667 757 1717 redtinclares3
791 1667 847 1707 illi
883 1671 949 1718 (ut
988 1666 1200 1707 levissime
1239 1666 1399 1712 dicam)
1436 1665 1568 1706 multa

125 1721 336 1762 deessent.
371 1724 493 1778 cujus
532 1738 670 1764 sermo
707 1726 859 1764 stultus
897 1732 942 1763 et
976 1723 1161 1778 puerilis,
1199 1722 1279 1763 erit
1309 1723 1402 1778 jam
1442 1732 1568 1763 antea

125 1778 178 1818 ad
214 1793 278 1819 me
309 1794 334 1819 a
366 1779 431 1820 M.
457 1779 617 1829 Coelio,
650 1780 845 1822 familiari
881 1791 1041 1830 nostro,
1073 1780 1372 1836 praescriptus:
1405 1779 1458 1820 de
1479 1793 1565 1834 quo

127 1835 230 1875 item
256 1851 449 1878 sermone
473 1836 607 1879 multa
629 1838 788 1893 scripta
809 1848 905 1878 sunt
929 1838 1003 1878 abs
1028 1847 1081 1880 te.
1143 1836 1238 1892 Ego
1269 1847 1410 1878 autem
1438 1836 1566 1877 citius

126 1906 225 1932 cum
258 1907 324 1944 eo,
346 1894 418 1948 qui
456 1903 549 1934 tuas
585 1894 830 1935 inimicitias
864 1897 1134 1949 suscepisset,
1167 1905 1349 1934 veterem
1384 1894 1566 1948 conjun-

125 1949 314 1990 ctionem
356 1951 635 2001 diremissem,
674 1966 800 2007 quatn
846 1966 998 1992 novam
1040 1951 1350 1992 conciliassem.
1413 1952 1565 2005 lNeque

125 2006 239 2046 enim
265 2007 317 2047 de
352 2021 445 2048 ineo
479 2022 580 2063 erga
615 2019 654 2048 te
686 2009 828 2050 studio
858 2008 1055 2049 dubitare
1085 2009 1242 2051 debes:
1276 2023 1412 2062 neque
1437 2008 1476 2049 id
1500 2017 1565 2050 est

125 2063 355 2104 obscurum
395 2079 594 2119 cuiquam
640 2066 681 2105 in
727 2065 962 2121 provincia,
1001 2080 1080 2107 nec
1126 2065 1278 2106 Romae
1323 2067 1418 2106 fuit.
1479 2065 1565 2107 Sed

128 2127 268 2161 tamen
301 2121 568 2176 significatur
601 2122 641 2162 in
679 2126 761 2164 tuis
794 2123 944 2164 litteris
975 2122 1162 2177 suspicio
1184 2123 1397 2177 quaedam,
1419 2131 1462 2162 et
1485 2123 1565 2162 du·-

126 2175 281 2216 bitatio
306 2189 404 2219 tua:
436 2179 487 2218 de
509 2194 593 2233 qua
615 2179 799 2220 alienum
825 2191 992 2235 tempus
1022 2188 1087 2219 est
1117 2179 1221 2220 milii
1256 2191 1394 2220 tecum
1427 2194 1564 2234 expo-

126 2234 338 2286 stulandi3
372 2236 579 2290 purgandi
605 2246 746 2276 autem
771 2237 868 2286 mei,
892 2237 1190 2277 necessarium.
1239 2236 1320 2277 Ubi
1343 2237 1456 2277 enirn
1480 2251 1563 2292 ego

126 2289 328 2345 cuiquam
352 2290 556 2347 legationi
582 2292 640 2333 fui
667 2294 988 2348 impedimento,
1009 2308 1096 2348 quo
1120 2294 1258 2334 minus
1294 2294 1475 2337 Romam
1508 2293 1563 2335 ad

124 2344 292 2388 laudem
334 2358 449 2388 tuam
489 2349 754 2392 mitteretur?
785 2363 858 2391 aut
891 2351 931 2391 in
970 2365 1056 2406 quo
1094 2351 1232 2406 potui,
1272 2353 1305 2391 si
1344 2361 1385 2391 te
1421 2351 1562 2406 palam

127 2403 325 2456 odissem,
350 2405 504 2458 minus,
525 2407 641 2462 quod
679 2408 758 2448 tibi
795 2408 980 2460 obesset,
1003 2407 1176 2452 facere?
1207 2408 1241 2448 si
1276 2407 1401 2459 elain,
1424 2408 1561 2463 magis

167 2568 210 2597 48
234 2565 272 2598 Si
296 2576 371 2597 vero
394 2566 507 2608 ffcis]
532 2567 585 2598 Sic
609 2566 775 2599 Victorius
807 2579 824 2599 e
863 2569 1026 2600 industres
1039 2568 1174 2609 corrigit
1189 2570 1341 2600 illustr-rs.
1344 2567 1512 2609 fortitudo
1527 2573 1561 2602 et

126 2606 217 2638 libris
231 2618 292 2640 scr.
308 2609 409 2640 edidit
424 2622 430 2639 :
454 2616 487 2640 et
510 2610 555 2639 sie
581 2609 641 2639 Ms.
658 2615 769 2640 noster
789 2616 823 2641 et
864 2612 1029 2642 industria
1044 2618 1123 2642 sunt
1136 2612 1209 2642 duze
1224 2613 1371 2646 virtutes,
1387 2621 1459 2650 quae
1474 2612 1562 2652 apud

126 2649 199 2680 edd.
215 2660 264 2690 pr.
298 2652 361 2681 Alii
378 2651 549 2682 ediderunt
565 2650 721 2691 effeceris,
737 2653 823 2692 quod
866 2654 961 2684 Rom.
985 2655 1124 2684 maxime
1147 2655 1312 2687 valebant.
1329 2653 1386 2683 illa
1404 2654 1435 2683 in
1462 2654 1561 2692 bello,

126 2702 188 2732 ego
205 2693 406 2731 praetulerim
419 2705 429 2725 ι
454 2703 530 2725 nam
545 2700 578 2724 et
595 2701 665 2734 post
682 2701 731 2725 est
750 2704 824 2734 ges·
866 2695 936 2725 haec
952 2697 985 2726 in
1000 2697 1082 2732 foro,
1097 2702 1132 2726 ut
1147 2696 1282 2726 docetur
1298 2696 1331 2725 in
1346 2705 1393 2725 or.
1411 2705 1468 2735 pro
1484 2697 1563 2727 Sex-

128 2735 219 2767 seris.
865 2738 913 2767 tio
927 2749 936 2769 ι
958 2744 990 2768 et
1007 2738 1093 2778 quod
1107 2739 1174 2779 ipse
1185 2737 1225 2768 de
1237 2747 1294 2767 sua
1310 2738 1454 2770 mercede
1468 2738 1562 2776 dicit,

164 2776 318 2815 49jbrtes
331 2781 360 2807 ee
374 2777 549 2809 industrios
563 2778 660 2818 viros]
678 2777 756 2809 Non
772 2778 826 2808 be·
868 2779 900 2809 id
934 2782 1077 2820 pertinet
1106 2781 1147 2812 ad
1175 2779 1374 2813 industriam
1405 2780 1499 2814 illam
1526 2780 1562 2814 iu

132 2824 174 2848 ne
194 2818 340 2851 Graevius
353 2830 372 2852 e
388 2820 531 2861 vestigiis
545 2820 612 2853 Με.
627 2820 662 2853 iu
677 2830 741 2862 quo
755 2824 827 2852 erat
869 2821 952 2854 foro.

803 2868 880 2907 1²2
