1903 3218
374 108 454 149 AD
479 106 569 149 ΟΝ.
595 103 887 148 PLANCUM
911 103 989 145 ET
1014 105 1298 145 CETEROS.
1479 109 1556 144 ‘263

130 224 226 252 men
251 211 611 269 ²splendidiorem
634 210 886 266 petitionem
910 218 1043 259 tuam,
1074 209 1107 249 si
1131 209 1260 250 modo
1283 209 1364 250 ista
1384 223 1438 249 ex
1462 224 1555 250 sen-

132 269 266 309 tentia
299 268 500 310 confecta
534 276 688 309 essent.
749 266 942 308 Omnino
975 265 1096 321 plura
1126 279 1193 305 me
1225 266 1423 314 scribere,
1456 280 1551 306 cum

129 334 249 366 tuum
275 335 439 367 tantum
463 323 687 366 consilium
707 322 1011 378 judiciumque
1034 322 1104 372 sit,
1126 321 1365 362 arbitrabar
1386 336 1469 362 non
1496 323 1554 362 ita

128 395 327 424 necesse:
352 383 424 424 sed
444 391 584 422 tamen
603 380 858 422 sententiam
880 393 1019 421 meam
1044 378 1122 420 tibi
1147 380 1339 434 ignotam
1364 392 1454 418 esse
1475 392 1553 419 no-

127 438 289 491 ]ebam3
320 439 443 494 cujus
464 446 528 478 est
551 437 644 478 haec
667 451 846 487 summa,
870 447 917 477 ut
946 437 1092 478 omnia
1114 445 1156 476 te
1179 435 1316 477 metiri
1341 435 1553 489 dignitate

126 495 286 546 malim,
322 509 448 550 quam
480 494 732 545 ambitione,
765 494 1057 549 majoremque
1089 492 1278 534 fructum
1320 506 1476 548 ponere
1509 492 1551 531 in

123 552 410 607 perpetuitate
431 550 581 601 laudis,
612 566 742 606 quam
765 551 806 591 in
830 551 1048 592 celeritate
1073 559 1286 605 praeturae.
1350 548 1462 589 Haec
1483 562 1552 589 ea-

122 606 219 648 dem
257 607 422 649 locutus
457 622 549 648 sum
583 607 699 648 domi
731 622 853 657 meae,
885 606 1082 648 adhibito
1116 606 1172 652 Q.
1206 606 1336 647 fratre
1366 619 1477 656 meo,
1508 614 1552 645 et

123 663 314 715 Caecina,
342 675 385 705 et
410 663 615 716 Calvisio,
648 664 972 705 studiosissimis
995 663 1073 713 tui,
1102 677 1200 704 cum
1231 662 1470 714 Dardanus,
1501 661 1550 702 li-

123 720 266 761 bertus
301 731 413 771 tuus,
448 722 684 762 interesset.
716 721 917 762 omnibus
951 720 1121 776 probari
1154 720 1381 761 videbatur
1411 719 1549 760 oratio

121 791 230 818 mea.
261 778 334 819 sed
357 787 403 819 tu
427 777 842 834 optimejudicabis.

631 867 1038 905 ARGUMENTUM.

115 927 319 978 Scripserat
338 931 502 972 Furnius,
521 942 558 966 se
576 931 625 967 ad
642 932 790 966 comitia
811 932 990 978 praetoria
1013 934 1213 966 venturum.
1269 928 1471 966 Dissuadet
1493 929 1551 965 Ci-

495 994 588 1024 cero,
608 984 828 1030 comitiaque
846 983 965 1019 dilata
982 982 1177 1031 significat.

409 1047 476 1090 M.
504 1047 739 1090 CICERO
772 1049 816 1090 S.
842 1048 898 1090 D.
932 1048 984 1090 C.
1010 1047 1266 1090 FURNIO.

118 1102 345 1156 LECTIS
379 1116 462 1156 tuis
495 1116 662 1166 litteris,
694 1116 851 1171 quibus
889 1116 1150 1165 declarabas,
1181 1125 1256 1157 aut
1287 1114 1551 1155 omittendos

119 1171 435 1223 Narbonenses,
469 1183 542 1213 aut
575 1182 673 1213 cum
713 1172 902 1228 periculo
934 1172 1244 1221 dimicandum,
1276 1171 1378 1212 illud
1411 1171 1550 1226 magis

120 1229 263 1269 timui:
296 1229 408 1282 quod
435 1230 616 1270 vitatum
639 1243 726 1269 non
749 1229 927 1269 moleste
949 1228 1054 1269 fero.
1109 1229 1240 1275 Quod
1262 1228 1314 1268 de
1340 1227 1487 1268 Planci
1507 1237 1551 1268 et

118 1282 241 1326 Bruti
264 1285 494 1326 concordia
516 1286 681 1335 scribis,
705 1287 748 1325 in
769 1300 822 1325 eo
848 1285 910 1325 vel
933 1285 1168 1325 maximam
1197 1298 1317 1340 spem
1349 1298 1463 1340 pono
1487 1284 1549 1324 vi-

115 1341 280 1382 ctoriae.
343 1341 410 1382 De
434 1341 655 1383 Gallorum
680 1341 838 1392 studio,
868 1357 946 1382 nos
969 1341 1199 1396 aliquando
1221 1355 1550 1397 cognoscemus,

117 1406 164 1438 ut
186 1397 351 1449 scribis,
373 1398 496 1453 cujus
521 1399 563 1440 id
584 1413 715 1454 opera
736 1400 926 1439 maxime
946 1400 1185 1440 excitatum
1208 1399 1277 1442 sit.
1339 1397 1423 1439 Sed
1437 1397 1549 1452 jam,

114 1454 221 1495 mihi
243 1456 383 1506 crede,
404 1456 704 1511 cognovimus.
766 1455 920 1511 Itaque
935 1456 1265 1510 jucundissimis
1288 1455 1373 1496 tuis
1395 1455 1548 1496 litteris

115 1511 409 1553 stomachatus
431 1527 524 1553 sum
547 1513 590 1552 in
613 1523 823 1553 extremo.
877 1512 1039 1553 Scribis
1061 1513 1192 1563 enim,
1214 1513 1247 1552 si
1271 1512 1315 1552 in
1339 1511 1548 1552 Sextilem

116 1568 307 1620 comitia,
328 1569 417 1617 cito
440 1578 506 1611 te:
539 1569 603 1610 sin
627 1569 720 1624 jam
753 1568 968 1620 confecta,
998 1569 1142 1620 citius,
1173 1583 1227 1610 ne
1256 1568 1418 1610 diutius
1448 1583 1548 1609 cum

115 1625 305 1680 periculo
328 1625 471 1667 fatuus
493 1626 564 1667 sis.
597 1625 638 1667 Ο
661 1626 718 1666 mi
743 1626 890 1677 Furni,
913 1640 1040 1681 quam
1060 1635 1103 1666 tu
1123 1639 1296 1667 causam
1320 1635 1438 1667 tuam
1461 1640 1548 1666 non

112 1683 241 1733 nosti,
284 1684 357 1738 qui
387 1683 544 1724 alienas
576 1692 662 1724 tam
692 1682 817 1724 facile
839 1683 1001 1724 discas!
1044 1682 1109 1723 Tu
1133 1697 1247 1724 nunc
1268 1683 1545 1725 candidatum

112 1748 154 1779 te
177 1749 315 1794 putas,
336 1750 379 1780 et
401 1740 442 1780 id
463 1740 645 1795 cogitas,
668 1749 715 1780 ut
733 1749 807 1780 aut
828 1740 880 1780 ad
900 1739 1078 1780 comitia
1095 1754 1264 1780 curras:
1289 1748 1376 1789 aut,
1400 1739 1433 1779 si
1449 1739 1544 1794 jain

109 1795 324 1846 confecta,
345 1797 461 1837 domi
487 1806 571 1837 tuae
595 1797 665 1846 sis,
689 1800 775 1837 &ne
797 1810 892 1837 cum
918 1797 1110 1837 maximo
1135 1795 1338 1851 periculo,
1365 1805 1410 1836 ut
1441 1796 1545 1837 scri-

113 1852 192 1902 bis,
231 1853 506 1894 stultissimus
546 1854 628 1894 sis?
672 1853 773 1893 Non
804 1854 989 1894 arbitror
1019 1863 1062 1893 te
1094 1854 1154 1894 ita
1183 1853 1355 1894 sentire.
1393 1867 1543 1894 omnes

1567 864 1623 905 ⁶26

109 1910 224 1950 enim
248 1920 344 1951 tuos
366 1910 418 1951 ad
441 1910 607 1951 laudem
633 1910 818 1966 impetus
842 1911 958 1950 novi.
1020 1910 1204 1961 Quodsi,
1227 1920 1274 1950 ut
1294 1910 1460 1960 scribis,
1483 1910 1542 1950 ita
1556 1923 1592 1952 b.

111 1967 258 2017 sentis,
295 1981 379 2008 non
418 1967 556 2023 magis
593 1977 650 2017 te,
687 1982 816 2021 quarn
855 1967 907 2008 de
946 1976 989 2006 te
1019 1967 1237 2021 judicium
1275 1966 1542 2022 reprehendo

108 2038 269 2064 meum.
328 2022 390 2064 Te
411 2024 676 2079 adipiscendi
692 2024 975 2079 magistratus
998 2023 1200 2064 levissimi
1223 2033 1266 2064 et
1287 2023 1542 2078 divulgatis-

110 2081 222 2131 simi,
254 2081 286 2120 si
320 2081 380 2122 ita
409 2080 662 2136 adipiscare,
693 2090 740 2120 ut
771 2080 978 2136 plerique,
1010 2095 1284 2136 praepropera
1319 2079 1542 2121 festinatio

110 2137 296 2178 abducet
317 2153 342 2178 a
363 2138 493 2178 tantis
515 2137 728 2187 laudibus,
742 2137 899 2192 quibus
919 2147 961 2178 te
979 2151 1127 2178 omnes
1146 2137 1188 2177 in
1210 2137 1364 2179 eaelum
1381 2137 1481 2192 jure
1498 2146 1543 2178 et

111 2207 209 2235 vere
230 2194 400 2236 ferunt?
425 2194 600 2235 Scilicet
620 2194 662 2234 id
681 2194 839 2250 agitur,
859 2204 1002 2235 utrum
1025 2194 1107 2235 hac
1127 2194 1352 2250 petitione,
1368 2209 1422 2235 an
1442 2208 1541 2250 pro-

108 2250 230 2292 xima
250 2259 410 2307 praetor
433 2249 522 2301 fias,
546 2265 630 2291 non
652 2259 699 2292 ut
717 2253 777 2291 ita
794 2251 847 2291 de
863 2251 1084 2306 republica
1102 2265 1304 2302 mereare,
1326 2252 1444 2292 omni
1465 2251 1542 2292 lio-

106 2322 211 2348 nore
251 2317 297 2348 ut
335 2307 613 2363 dignissimus
644 2307 871 2362 judicere?
904 2308 1060 2350 Utrum
1096 2309 1250 2359 nescis,
1289 2323 1416 2363 quam
1457 2309 1542 2349 alte

106 2364 377 2406 ascenderis?
399 2379 452 2405 an
477 2379 554 2420 pro
577 2364 712 2405 nihilo
736 2365 778 2405 id
801 2374 924 2420 putas
944 2368 956 2407 ἒ
988 2365 1033 2406 Si
1055 2365 1206 2415 nescis,
1229 2366 1309 2406 tibi
1332 2366 1538 2421 ignosco:

105 2436 185 2463 nos
219 2422 262 2463 in
293 2421 420 2478 culpa
450 2436 620 2462 sumus:
654 2423 719 2462 sin
749 2422 981 2478 intelligis3
1016 2422 1100 2463 ulla
1132 2422 1213 2463 tibi
1243 2432 1308 2463 est
1340 2432 1540 2477 praetura,

109 2478 176 2520 vel
197 2479 358 2528 officio,
389 2478 506 2533 quod
530 2479 670 2534 pauci,
693 2478 758 2519 vel
780 2478 932 2535 gloria,
961 2494 1091 2534 quam
1113 2493 1261 2520 omnes
1291 2491 1540 2533 sequuntur,

108 2533 301 2578 dulcior?
325 2535 423 2577 Hac
440 2535 493 2577 de
513 2549 556 2576 re
574 2546 617 2576 et
633 2550 730 2592 ego,
750 2547 793 2577 et
810 2536 1041 2588 Calvisius,
1060 2536 1190 2578 homo
1209 2537 1354 2591 magni
1368 2535 1542 2590 judicii,

135 2682 156 2710 2
168 2680 412 2718 splendidiorem
420 2685 488 2721 pet.
502 2679 709 2720 tuam]sore‚
721 2680 808 2720 qnod
848 2680 1009 2711 Victor-io.
1034 2681 1180 2712 restituit
1195 2680 1352 2715 Graevius,
1369 2680 1425 2718 qui
1440 2678 1480 2709 ad
1494 2680 1544 2709 in-

107 2721 245 2752 fortasse
285 2727 360 2762 post
391 2723 640 2762 splendidiorem
675 2723 806 2753 excidit.
848 2723 1062 2763 telligendam
1072 2723 1210 2753 ironiam
1221 2722 1437 2752 necessarium
1450 2727 1546 2761 puta-

109 2763 172 2794 Sed
185 2768 219 2793 et
238 2763 379 2803 intelligi
393 2770 515 2804 potest.
847 2765 905 2796 bat
917 2777 923 2795 :
943 2765 1028 2805 quod
1040 2775 1106 2795 non
1120 2764 1248 2795 videtur
1262 2763 1356 2794 mihi.
1381 2763 1440 2793 Ed.
1456 2763 1545 2794 Med.

151 2808 169 2836 3
186 2814 226 2835 ne
239 2815 313 2835 cum
325 2815 415 2837 mas.
425 2807 477 2846 p.]
497 2806 627 2837 Scilicet
638 2807 671 2836 in
685 2806 807 2846 princi·
848 2808 948 2837 habet
963 2812 1036 2846 post
1050 2807 1146 2837 domi.
1194 2806 1305 2836 Etiam
1326 2805 1402 2836 alibi
1419 2807 1545 2836 omitti,

107 2847 162 2888 pio
177 2846 299 2878 habent
315 2857 376 2879 scr.
395 2853 431 2879 et
445 2849 517 2879 edd.
532 2858 583 2890 pr.
597 2848 766 2879 sublatum
787 2858 806 2878 a
847 2854 906 2880 tur
918 2849 1018 2879 simili
1031 2848 1130 2880 modo
1144 2848 1178 2878 in
1194 2847 1318 2882 ironiiS.

798 2897 869 2934 s4
