1903 3218
415 79 490 118 AD
515 79 563 117 D.
592 77 849 117 BRUTUM
875 77 950 115 ET
976 77 1250 116 CETEROS.
1473 80 1548 119 275

118 193 240 239 pum,
262 191 311 224 ut
339 182 484 224 hostes
507 184 766 239 judicemur,
787 190 862 221 aut
892 195 1003 235 aqua
1031 190 1074 221 et
1108 181 1197 235 igni
1230 179 1548 221 interdicamur.

121 241 239 287 Quid
271 254 374 296 ergo
405 250 485 291 est,
509 240 662 295 inq'uiS,
690 238 750 278 tui
785 237 982 278 consilii?
1013 237 1177 277 dandus
1210 246 1274 277 est
1309 236 1426 277 locus
1463 237 1548 276 sor-

118 307 261 339 tunae:
293 297 527 339 cedendum
559 311 612 336 ex
645 295 796 335 ltalia:
828 293 1096 349 migrandum
1131 292 1350 342 Rhodum,
1371 303 1444 332 aut
1471 292 1545 332 ali-

116 368 204 408 quo
227 364 434 395 terrarum
466 353 664 394 arbitror.
724 352 769 391 Si
801 350 948 391 melior
979 366 1101 392 casus
1124 349 1266 401 fuerit,
1289 359 1548 389 revertemur

120 409 338 452 Romam:
381 411 414 451 si
453 409 693 459 mediocris,
730 409 771 448 in
810 407 962 448 exsilio
1002 408 1218 448 vivemus:
1251 407 1283 447 si
1327 406 1548 460 pessimus,

117 467 171 508 ad
195 468 424 508 novissima
445 466 605 507 auxilia
626 465 944 506 descendemus,
1005 464 1235 505 Succurret
1264 463 1443 504 fortasse
1464 461 1548 504 hoc

115 522 214 565 loco
255 524 381 565 alicui
425 523 627 573 vestrfim‚
670 537 744 563 cur
786 522 1066 562 novissimum
1115 532 1283 576 tempus
1323 527 1550 574 exspecte-

116 593 212 621 mus
235 581 391 637 potius‚
412 594 538 634 quam
563 594 677 620 nunc
706 578 865 633 aliquid
898 578 1152 619 moliamur?
1213 577 1330 623 Quia
1349 577 1421 618 ubi
1446 590 1551 616 con-

118 637 332 685 sistamus,
361 650 446 677 non
487 636 707 686 habemus,
741 644 896 691 praeter
928 635 1029 675 Sex.
1063 635 1335 689 Pompeium,
1367 642 1411 674 et
1443 633 1549 674 Bas-

117 707 211 734 sum
243 693 494 736 Caecilium:
526 694 597 748 qui
632 693 735 734 mihi
760 693 972 742 videntur,
994 689 1077 733 hoc
1110 692 1262 732 nuntio
1293 691 1346 731 de
1377 690 1550 731 Caesare

115 749 260 801 allato,
282 749 491 791 firmiores
524 751 672 791 futuri.
733 749 846 790 Satis
881 758 1073 804 tempore
1106 748 1157 789 ad
1186 762 1259 789 eos
1281 748 1548 797 accedemus,

117 806 208 858 ubi,
239 807 342 862 quid
378 807 561 858 valeant,
597 806 830 848 scierimus.
894 806 978 846 Pro
1017 806 1167 846 Cassio
1205 814 1248 845 et
1282 813 1339 856 te,
1378 805 1412 845 si
1444 804 1549 858 quid

115 877 186 905 me
206 864 346 905 velitis
369 865 571 920 recipere,
594 864 811 920 recipiam.
874 862 1070 903 Postulat
1099 863 1213 903 enim
1244 861 1326 902 hoc
1362 860 1549 912 Hirtius,

113 929 163 960 ut
184 919 354 962 faciam.
416 920 544 977 Rogo
571 936 657 972 vos,
679 934 806 975 quam
835 920 1020 975 primum
1043 919 1147 960 mihi
1171 918 1427 960 rescribatis,
1449 932 1550 958 narn

116 991 204 1018 non
233 978 401 1029 dubito,
428 980 531 1033 quin
564 978 630 1018 his
659 978 711 1019 de
743 978 870 1018 rebus
906 987 1005 1017 ante
1036 977 1186 1018 horam
1215 984 1411 1031 quartam
1445 974 1550 1016 Hir-

116 1034 200 1075 tius
232 1035 458 1077 certiorem
488 1050 557 1076 me
588 1035 643 1075 sit
673 1034 888 1075 facturus:
920 1048 1046 1090 quem
1078 1034 1122 1074 in
1151 1033 1294 1074 locum
1319 1032 1549 1074 convenire

113 1091 341 1146 possimus.
394 1092 495 1139 Quo
518 1107 586 1133 me
610 1091 747 1132 velitis
772 1092 928 1142 venire,
952 1090 1186 1132 rescribite.
1240 1089 1347 1130 Post
1366 1089 1548 1130 novissi-

116 1162 232 1189 mum
266 1148 403 1190 Hirtii
432 1163 686 1199 sermonem,
708 1147 913 1204 placitum
942 1158 1006 1188 est
1039 1147 1145 1188 mihi
1177 1146 1407 1203 postulare,
1430 1155 1478 1186 ut
1497 1145 1547 1186 li-

113 1214 231 1247 ceret
257 1206 380 1247 nobis
411 1220 501 1247 esse
526 1206 680 1247 Romae
714 1204 888 1260 publico
911 1204 1135 1260 praesidio:
1168 1203 1283 1258 quod
1306 1203 1399 1244 illos
1421 1203 1548 1243 nobis

114 1276 390 1303 concessuros
413 1278 499 1304 non
532 1272 655 1319 puto.
677 1264 911 1316 3magnam
943 1260 1058 1300 enim
1095 1260 1302 1301 invidiam
1332 1260 1384 1299 iis
1417 1259 1549 1300 facie-

113 1333 222 1360 mus.
285 1319 406 1360 Nihil
438 1329 581 1361 tamen
611 1332 698 1360 non
724 1317 1027 1373 postulandum
1053 1317 1216 1373 putavi,
1237 1315 1353 1372 quod
1376 1330 1548 1372 aequum

64 1425 71 1428 .
109 1389 201 1416 esse
223 1384 466 1417 statuerem.

622 1432 1024 1471 ARGUMENTUM.
1559 1438 1586 1473 ⁰..

111 1483 248 1521 Petunt
272 1485 316 1522 ab
339 1486 515 1529 Antonio,
546 1491 667 1522 utrum
697 1492 799 1535 putet
828 1489 923 1534 ipsos
949 1488 985 1521 in
1012 1484 1107 1527 urbe,
1137 1497 1271 1532 magna
1298 1487 1547 1520 veteranorum

524 1539 683 1574 militum
694 1539 910 1588 frequentia
929 1536 1133 1586 tztlosfore.

112 1601 352 1646 BRUTUS
375 1603 453 1646 ET
475 1604 722 1646 CASSIUS
748 1604 979 1646 PRAETT.
1013 1604 1080 1645 M.
1103 1602 1390 1644 ANTONIO
1416 1602 1545 1644 COS.

114 1658 212 1713 DE
245 1682 318 1713 tua
349 1673 434 1714 fide
464 1682 507 1714 et
540 1672 832 1714 benivolentia
855 1673 898 1713 in
922 1687 1014 1723 nOS,
1038 1673 1120 1713 nisi
1152 1686 1401 1728 persuasum
1437 1683 1547 1713 esset

108 1729 249 1780 nobis,
273 1744 359 1770 non
381 1730 815 1786 4conscripsissemus
837 1729 932 1771 haec
946 1730 1048 1770 tibi:
1072 1744 1169 1784 quae
1187 1727 1396 1784 profecto,
1412 1744 1543 1783 quum

107 1785 239 1827 istum
260 1786 453 1828 animum
476 1788 623 1838 habes,
642 1788 684 1826 in
710 1787 919 1842 optimam
943 1796 1109 1843 partem
1128 1786 1329 1841 accipies·
1383 1786 1543 1827 Scribi-

109 1852 176 1884 tur
198 1844 338 1895 nobis,
359 1859 562 1900 magnam
583 1854 881 1884 veteranorum
899 1843 1219 1884 multitudinem
1241 1842 1427 1883 Romam
1442 1858 1545 1884 con-

107 1900 275 1941 venisse
289 1900 399 1956 jam,
417 1911 461 1942 et
481 1902 534 1943 ad
559 1901 774 1943 Kalendas
786 1900 940 1942 Junias
963 1901 1152 1942 futuram
1168 1900 1306 1940 multo
1319 1899 1542 1954 majorem.

109 1956 179 1998 De
199 1966 242 1998 te
263 1958 298 1998 si
320 1958 581 2008 dubitemus,
611 1967 687 1999 aut
714 1972 950 2008 vereamur,
973 1958 1104 1998 simus
1139 1958 1271 1998 nostri
1300 1956 1586 1999 dissimiles.b.

106 2014 193 2055 Sed
213 2023 342 2066 certe,
364 2030 462 2056 cum
484 2015 567 2072 ipsi
591 2017 609 2045 5
624 2016 667 2056 in
699 2024 774 2055 tua
793 2024 1008 2070 potestate
1041 2013 1262 2064 fuerimus,
1290 2022 1451 2067 tuoque
1469 2015 1542 2055 ad-

104 2071 225 2113 ducti
247 2071 427 2113 consilio
457 2072 745 2113 dimiserimus
778 2086 832 2112 ex
866 2071 1115 2127 municipiis
1147 2081 1317 2112 nostros
1350 2085 1543 2112 necessa-

105 2129 216 2180 rios3
247 2143 386 2184 neque
417 2129 554 2170 solum
586 2130 744 2179 edicto,
781 2128 854 2169 sed
887 2129 1018 2169 etiam
1047 2128 1200 2168 litteris
1228 2128 1270 2168 id
1292 2127 1540 2170 fecerimus:

103 2185 226 2241 digni
250 2200 411 2236 sumus,
432 2201 540 2241 quos
562 2185 720 2227 habeas
742 2185 804 2226 tui
834 2185 1002 2227 consilii
1028 2185 1274 2241 participes,
1297 2185 1339 2225 in
1361 2199 1412 2226 ea
1433 2200 1543 2241 prae-

106 2242 253 2283 sertim
276 2256 335 2293 re,
354 2258 453 2298 quae
476 2243 527 2284 ad
552 2257 629 2283 nos
654 2242 855 2298 pertinet.
917 2243 1062 2288 Quare
1084 2242 1269 2298 petimus
1288 2256 1312 2282 a
1334 2252 1390 2292 te,
1409 2241 1541 2283 facias

49 2303 53 2307 ’
104 2312 184 2339 nos
206 2300 408 2340 certiores
431 2309 516 2340 tuae
541 2299 772 2340 voluntatis
796 2300 839 2340 in
858 2314 960 2340 nos:
993 2308 1188 2355 putesne,
1210 2313 1287 2339 nos
1313 2307 1428 2339 tutos
1452 2299 1542 2340 fore

104 2355 151 2396 in
171 2364 291 2397 tanta
311 2356 553 2411 frequentia
576 2356 763 2397 militum
787 2367 1101 2406 veteranorum,
1122 2370 1230 2410 quos
1248 2356 1379 2396 etiarn
1403 2357 1455 2396 de
1479 2371 1543 2396 re-

104 2413 306 2469 ponenda
325 2428 399 2454 ara
418 2414 612 2470 cogitare
633 2413 852 2455 audimus:
876 2413 1021 2468 6qu0d
1048 2412 1153 2454 velle
1185 2421 1228 2453 et
1261 2414 1442 2468 probare
1467 2413 1539 2453 vix

143 2529 162 2557 3
185 2536 230 2557 m.
244 2527 311 2558 inv.
327 2525 554 2567 iisfaeiemus]
580 2527 687 2558 Immo
698 2525 800 2567 face·
843 2529 897 2556 tus
912 2537 989 2564 esse,
1004 2526 1027 2557 i.
1051 2537 1081 2558 e.
1106 2531 1240 2567 paratos
1263 2524 1302 2555 ad
1324 2524 1542 2556 obediendum

101 2577 213 2599 remus
228 2569 277 2599 vel
278 2568 473 2609 fecerimus.
490 2580 519 2600 v.
537 2569 577 2599 ad
590 2580 642 2609 ep.
659 2572 691 2600 4.
843 2570 986 2606 senatui,
1003 2569 1052 2599 vel
1067 2570 1136 2607 ejus
1152 2568 1344 2598 auctoritati
1360 2577 1482 2607 parere.

128 2610 164 2641 '4
187 2611 490 2651 conscripsissemus]
516 2611 568 2641 Sic
591 2612 664 2642 iibri
687 2619 752 2642 scr.
768 2613 803 2640 et
887 2611 908 2641 6
929 2612 1014 2651 quod
1032 2621 1063 2642 v.
1087 2615 1118 2641 et
1135 2609 1290 2651 prot-are]
1316 2610 1368 2639 Sic
1385 2609 1448 2639 Με-
1466 2609 1541 2639 Hit-

104 2650 178 2682 edd.
202 2651 294 2683 bene.
319 2663 436 2693 nempe
458 2653 522 2683 duo
543 2653 711 2684 scribunt:
736 2661 805 2686 non
846 2656 935 2693 torp.
953 2654 1017 2683 Gu.
1038 2655 1064 2683 1.
1080 2653 1130 2683 ed.
1152 2651 1241 2682 Med.
1264 2650 1349 2689 quod
1365 2657 1451 2680 recte
1467 2661 1541 2691 pro-

101 2703 180 2733 ergo
202 2692 284 2724 bene
306 2695 453 2726 Graevius
473 2695 708 2735 scripstssemus
722 2694 797 2724 sub·
839 2694 922 2726 bant
945 2694 1063 2726 Lamb.
1085 2699 1120 2724 et
1144 2694 1302 2723 Graevius.
1345 2692 1442 2732 Vuig.
1457 2693 1545 2732 quod

103 2734 225 2765 stituit.
239 2744 270 2765 v.
288 2735 379 2774 Clav,
840 2739 922 2768 velle
935 2741 966 2767 te
976 2747 1032 2777 pr.
1050 2735 1137 2776 quod
1151 2746 1168 2765 e
1183 2735 1266 2765 ven.
1290 2734 1377 2768 1469.
1393 2742 1455 2765 est.
1469 2745 1542 2773 quae

144 2780 163 2808 5
185 2778 221 2807 in
244 2781 303 2808 cua
323 2783 390 2818 pot.
404 2778 592 2818 fuerimus]
617 2779 752 2810 Dicitur
764 2778 799 2809 h.
842 2783 877 2808 et
906 2784 980 2819 post
1008 2779 1137 2809 credere
1154 2786 1257 2816 posse,
1286 2780 1326 2807 ut
1349 2775 1434 2814 aiiae,
1457 2775 1542 2807 uude

100 2817 125 2849 1.
142 2819 200 2857 sic,
214 2824 252 2850 ut
269 2829 344 2851 cum
360 2820 480 2852 dicitur
494 2823 529 2851 in
541 2825 697 2860 potestate
707 2829 802 2852 senn-
845 2821 1007 2851 Corradus
1022 2820 1159 2850 faciebat
1177 2819 1273 2847 cre-di.

788 2867 863 2902 ΤΩ
