1817 3196
406 90 487 129 AD
511 81 894 129 TORQU'ATUM
920 87 993 125 ET
1021 84 1298 125 CETEROS.
1510 90 1583 125 125

155 193 308 236 Romae
331 208 416 237 non
440 194 510 245 sis,
533 193 722 234 animum
746 200 866 232 tuum
889 190 1036 231 libera.
1099 189 1189 230 Etsi
1221 190 1335 231 enim
1369 203 1467 230 cum
1495 205 1585 232 ma-

153 266 240 308 gna
258 250 451 293 molestia
470 259 566 290 tuos
584 258 741 303 tuaque
757 248 992 289 desideras:
1030 256 1170 287 tamen
1192 246 1262 287 illa
1280 245 1469 301 quidem,
1487 261 1583 300 quae

154 309 346 364 requiris,
369 321 490 348 suum
513 314 672 346 statum
709 314 868 355 tenent,
902 318 980 345 nec
1005 303 1169 354 melius,
1192 304 1225 344 si
1249 313 1295 343 tu
1318 303 1500 352 adesses,
1525 314 1584 343 te-

155 374 317 415 nerent,
342 378 418 405 nec
440 370 539 404 sunt
565 362 648 403 ullo
679 362 720 402 in
758 361 929 418 proprio
963 360 1167 417 periculo.
1230 360 1323 400 Nec
1355 360 1484 400 debes
1518 368 1579 409 tu,

152 436 251 463 cum
272 422 324 463 de
352 420 435 461 tuis
464 419 645 474 cogitas,
669 428 742 460 aut
767 433 1029 474 praecipuam
1058 418 1243 473 aliquam
1267 416 1481 457 fortunam
1507 431 1583 472 po-

153 479 322 528 stulare,
344 486 417 517 aut
437 490 709 517 communem
734 489 939 517 recusare.
1003 474 1070 515 De
1101 486 1142 516 te
1171 484 1313 515 autem
1342 474 1450 538 ipso,
1473 472 1580 514 Tor-

153 543 296 590 quate,
316 542 381 574 est
399 544 536 598 tuum,
559 534 620 575 sic
642 534 806 590 agitare
828 533 986 582 animo,
1010 542 1057 572 ut
1079 546 1162 573 non
1186 531 1421 572 adhibeas
1413 545 1455 570 in
1478 545 1582 571 con-

154 591 293 632 silium
329 591 644 655 cogitationum
683 600 850 631 tuarum
891 590 1231 653 desperationem
1263 597 1336 629 aut
1369 588 1583 628 timorem.

155 648 248 689 Nec
270 647 382 688 enim
408 662 457 698 is,
479 662 552 702 qui
588 647 631 688 in
665 656 707 688 te
739 646 879 687 adhuc
913 646 1128 700 injustior,
1151 660 1278 700 quam
1301 655 1373 686 tua
1394 645 1582 709 dignitas

151 704 411 760 postulabat,
431 704 528 755 fuit,
551 719 636 745 non
658 718 816 759 magna
837 703 960 759 signa
978 702 1097 743 dedit
1118 702 1248 743 animi
1269 716 1370 758 erga
1395 710 1436 742 te
1467 702 1584 742 miti-

136 761 257 817 gati.
319 761 412 802 Nec
438 771 578 802 tamen
602 762 636 801 is
658 761 764 816 ipse,
794 776 818 801 a
844 774 930 815 quo
963 759 1073 801 salus
1096 759 1270 816 petitur,
1292 759 1424 800 habet
1446 749 1629 814 expli-¹³·

136 827 292 859 'catam
315 829 388 859 aut
407 818 674 883 exploratam
705 818 914 859 rationem
937 817 1083 858 salutis
1114 832 1216 858 suae.
1278 815 1476 880 Cumque
1493 831 1586 856 om-

152 875 271 916 nium
310 875 516 916 bellorum
547 876 690 916 exitus
721 875 870 916 incerti
904 874 1014 926 sint3
1045 875 1100 915 ab
1134 874 1266 915 altera
1295 874 1477 914 victoria
1506 873 1587 914 tibi

154 932 389 997 periculum
423 933 587 973 nullum
624 946 713 972 esse
746 931 974 987 peispicio,
997 931 1113 995 quod
1135 931 1308 987 quidem
1344 929 1589 984 sejunctum

152 989 208 1030 sit
230 990 285 1030 ab
307 989 500 1030 omnium
519 989 720 1040 interitu3
753 991 806 1030 ab
829 989 961 1030 altera
979 998 1020 1029 te
1043 1003 1180 1053 ipsum
1206 1001 1440 1043 numquam
1460 987 1587 1028 timu-

154 1046 235 1086 isse
267 1055 386 1088 certo
409 1047 512 1088 scio.
575 1046 805 1101 Reliquum
839 1055 917 1096 est,
951 1055 998 1086 ut
1021 1054 1062 1086 te
1095 1046 1135 1086 id
1167 1046 1322 1101 ipsum,
1357 1044 1472 1099 quod
1505 1058 1588 1100 ego

153 1103 274 1158 quasi
297 1103 603 1144 consolationis
625 1103 721 1144 loco
745 1118 874 1158 pono,
898 1102 1086 1143 maxime
1104 1103 1338 1153 excruciet,
1361 1115 1590 1142 commune

155 1160 390 1215 periculum
414 1160 686 1216 reipublicae:
718 1174 841 1214 cujus
875 1159 983 1200 tanti
1015 1159 1130 1210 mali,
1152 1160 1348 1214 quamvis
1370 1158 1486 1200 docti
1509 1158 1589 1199 viri

155 1216 290 1257 multa
310 1217 471 1268 dicant,
494 1227 635 1257 tamen
659 1230 819 1266 vereor,
842 1218 927 1255 4ne
946 1216 1185 1256 consolatio
1202 1216 1317 1256 nulla
1337 1217 1472 1271 possit
1491 1229 1590 1255 vera

153 1274 343 1337 reperiri,
367 1283 522 1328 praeter
543 1274 674 1323 illam,
696 1288 792 1327 quae
818 1283 936 1313 tanta
959 1282 1037 1322 est,
1063 1281 1272 1327 quantum
1306 1273 1348 1313 in
1380 1285 1590 1335 cujusque

153 1331 296 1371 animo
318 1330 484 1370 roboris
505 1340 570 1370 est
595 1339 723 1385 atque
756 1343 998 1370 nervotum.
1061 1329 1105 1370 Si
1141 1329 1256 1370 enim
1286 1330 1396 1371 bene
1417 1329 1589 1379 sentire,

140 1396 355 1443 recteque
377 1387 531 1438 facere,
555 1387 656 1428 satis
681 1397 745 1428 est
768 1387 819 1428 ad
856 1388 962 1427 bene
998 1387 1205 1442 beateque
1227 1387 1485 1428 vivendum:
1519 1399 1589 1426 ve-

154 1458 262 1495 reor,
294 1458 347 1485 ne
377 1459 490 1495 eum,
521 1445 593 1499 qui
627 1459 671 1486 se
711 1445 975 1500 optimorum
1005 1444 1282 1485 consiliorum
1325 1442 1592 1485 conscientia

139 1510 394 1542 sustentaie
417 1502 566 1557 possit,
588 1501 791 1542 miserum
812 1515 903 1541 esse
925 1500 1045 1542 nefas
1067 1501 1123 1541 sit
1143 1501 1299 1542 dicetne
1359 1501 1453 1541 Nec
1475 1500 1592 1541 enim

155 1572 232 1599 nos
251 1558 436 1599 arbitror
455 1558 654 1599 victoriae
681 1558 868 1615 praemiis
889 1558 1057 1609 ductos,
1082 1559 1262 1614 patriam
1286 1557 1389 1598 olim
1421 1567 1464 1599 et
1485 1557 1592 1598 libe-

156 1629 240 1666 rOS‚
262 1624 306 1656 et
327 1613 521 1656 fortunas
540 1614 786 1670 reliquisse;
819 1615 892 1656 sed
923 1616 1138 1670 quoddam
1162 1615 1287 1655 nobis
1310 1615 1535 1656 officium
1517 1630 1593 1670 Ju-

155 1681 283 1723 stum‚
305 1682 348 1712 et
371 1673 506 1728 pium,
527 1680 571 1712 et
599 1672 794 1714 debitum
825 1672 1072 1727 reipublicae
1107 1682 1351 1726 nostraeque
1389 1672 1593 1727 dignitati

157 1729 407 1770 videbamur
439 1729 584 1784 sequi:
629 1744 707 1771 nec
747 1743 845 1770 cum
889 1729 930 1769 id
974 1729 1251 1778 faciebamus,
1295 1739 1382 1769 tam
1426 1743 1592 1770 eramus

153 1796 359 1838 amentes,
394 1795 441 1826 ut
477 1786 702 1842 explorata
733 1786 859 1827 nobis
893 1797 1004 1826 esset
1042 1786 1237 1827 victoria.
1299 1786 1446 1833 Quare
1479 1787 1512 1826 si
1549 1786 1592 1827 id

153 1843 313 1895 evenit,
326 1843 442 1898 quod
465 1843 807 1899 ingredientibus
830 1844 954 1884 nobis
973 1845 1014 1884 in
1032 1858 1204 1884 causam
1223 1844 1492 1899 propositum
1510 1842 1595 1884 fuit

145 1901 350 1942 >accidere
381 1915 532 1956 posse:
566 1915 650 1941 non
685 1901 890 1942 debemus
923 1902 982 1941 ita
1015 1901 1166 1942 cadere
1187 1901 1356 1951 animis,
1376 1901 1498 1956 quasi
1517 1900 1594 1941 ali-

154 1957 258 2013 quid
288 1958 492 2009 evenerit,
526 1958 642 2013 quod
680 1958 770 1999 fieri
806 1972 931 2014 posse
952 1972 1187 2013 numquam
1211 1958 1464 2013 putarimus.
1526 1958 1593 1999 Si-

155 2027 249 2056 mus
283 2015 415 2071 igitur
445 2029 496 2056 ea
524 2024 682 2067 mente,
707 2018 867 2071 5quam
890 2016 999 2056 ratio
1019 2026 1062 2055 et
1087 2015 1240 2056 veritas
1264 2015 1520 2070 praescribit,
1544 2023 1592 2056 ut

153 2071 263 2113 nihil
283 2072 327 2112 in
349 2072 439 2113 vita
460 2073 584 2114 nobis
621 2073 929 2128 praestandum,
968 2082 1122 2128 praeter
1154 2071 1340 2127 culpam,
1364 2081 1589 2128 putemus:

154 2142 289 2184 eaque
320 2143 419 2170 cum
443 2144 678 2180 careamuS,
700 2145 847 2170 omnia
880 2130 1067 2169 humana
1099 2129 1267 2184 placate
1299 2139 1342 2170 et
1370 2115 1633 2180 moderate}

155 2184 355 2226 feramus.
405 2186 550 2240 Atque
578 2186 674 2227 haec
706 2201 757 2226 eo
782 2187 966 2242 pertinet
1000 2187 1153 2245 oratio,
1177 2195 1239 2235 ut,
1263 2186 1440 2242 perditis
1462 2187 1588 2227 rebus

155 2242 371 2293 omnibus,
385 2251 528 2283 tamen
542 2244 635 2300 ipsa
650 2244 782 2284 virtus
801 2258 844 2284 se
859 2252 1096 2284 sustentare
1111 2257 1234 2299 posse
1250 2258 1273 2283 v
1278 2243 1458 2284 ide-atur.
1491 2243 1592 2295 Sed,

155 2299 190 2341 si
212 2308 276 2340 est
297 2314 393 2356 spes
414 2299 557 2356 aliqua
578 2301 703 2341 rebus
725 2301 1043 2352 communibus,
1071 2315 1120 2342 ea
1143 2309 1204 2351 tu,
1227 2301 1488 2356 quicumque
1508 2310 1596 2342 sta-

1649 2107 1703 2141 99.

194 2447 217 2476 4
236 2455 276 2476 ne
299 2447 470 2476 consolatio
493 2448 587 2476 nulla
601 2445 658 2484 sil]
683 2444 764 2477 Mss.
783 2445 849 2487 ple-
891 2447 943 2477 Sic
965 2447 1049 2478 edidi
1073 2457 1149 2477 cum
1172 2448 1334 2478 veteribus
1353 2451 1388 2477 et
1403 2446 1544 2483 Graevio,
1561 2450 1596 2476 et

153 2487 255 2527 rique,
269 2489 370 2519 etiam
387 2489 504 2525 nostri,
519 2489 604 2529 ulla,
619 2488 746 2527 quodet
758 2489 850 2519 Grae-
892 2490 937 2519 sic
951 2490 1015 2520 Ms.
1031 2497 1155 2527 noster,
1170 2495 1204 2520 et
1220 2490 1284 2520 Gu.
1306 2493 1332 2520 l.
1349 2499 1408 2530 pro
1424 2484 1594 2519 Gruteria-

155 2529 225 2560 vius
239 2534 364 2560 tenere
386 2531 521 2571 recepit,
547 2530 719 2570 Yulgatam
743 2531 851 2562 obser·
894 2541 948 2569 no,
963 2532 1051 2572 quod
1061 2538 1096 2562 et
1108 2532 1171 2562 Gu.
1188 2535 1214 2564 2
1234 2532 1344 2569 habet,
1355 2541 1421 2571 qua
1436 2541 1465 2561 r.
1484 2533 1514 2560 et
1525 2530 1594 2559 vir-

153 2571 319 2602 vationem
331 2572 371 2602 de
383 2573 628 2603 constructione
641 2572 729 2602 verbi
741 2583 851 2604 vereor
893 2577 956 2604 tus.
1002 2574 1046 2604 Et
1078 2584 1143 2615 qua
1165 2574 1294 2623 quidem
1322 2584 1387 2603 non
1418 2571 1595 2602 absin-dum

153 2622 229 2643 cum
244 2613 414 2654 particulis
428 2625 467 2645 ne
486 2622 520 2645 et
544 2619 582 2645 uc
598 2614 779 2654 negligens,
793 2626 851 2646 au·
893 2623 955 2654 est,
972 2617 1074 2647 immo
1088 2617 1279 2655 exquisitius
1295 2617 1411 2651 altem,
1429 2614 1513 2644 sicut
1536 2622 1595 2643 ra-

152 2659 243 2686 ctore
258 2656 391 2686 Sanctio
404 2658 438 2687 in
450 2656 535 2687 Min.
548 2656 678 2687 frustra.
692 2663 726 2687 at
735 2662 849 2689 tamen
894 2659 937 2688 tio
951 2662 982 2688 et
997 2661 1129 2695 meritas,
1144 2664 1183 2688 ut
1195 2659 1309 2689 Cicero
1324 2667 1409 2697 saepe
1424 2656 1537 2692 dicits
1529 2665 1551 2684 1.
1564 2666 1593 2685 e.

146 2696 238 2727 -idem
253 2707 328 2728 mox
341 2698 430 2729 delet
444 2708 507 2729 non
525 2703 602 2729 ante
617 2708 737 2729 vereor.
754 2701 848 2730 bene.
894 2709 968 2731 vera
984 2702 1086 2731 ratio·
1081 2724 1086 2730 .
1113 2710 1172 2731 nec
1189 2701 1405 2739 repudiarem,
1430 2698 1458 2728 si
1485 2697 1594 2738 plures

154 2737 240 2777 quod
252 2744 287 2770 et
303 2750 322 2770 a
343 2741 407 2771 Ms.
425 2746 536 2771 nostro
554 2741 658 2772 abest.
703 2741 801 2772 Forte
815 2747 850 2772 et
893 2741 967 2772 libri
992 2742 1163 2773 haberent.
1208 2741 1325 2781 Reperi
1349 2746 1464 2772 tamen
1479 2741 1513 2771 in
1528 2739 1596 2770 Gu.

153 2780 269 2811 melius
283 2787 358 2822 post
370 2793 437 2813 esse
451 2783 546 2813 absit.
893 2790 1033 2823 utroque
1048 2794 1125 2824 qua.

196 2824 215 2853 5
237 2831 334 2862 quam
356 2826 442 2856 ratio
466 2830 496 2856 et
520 2825 643 2856 veritas
649 2825 846 2865 proeecmssbit]
