1860 3228
255 128 330 163 136
615 127 797 167 EPIST.
825 126 1009 166 LIBER
1035 127 1307 168 OCTAVUS

252 229 398 271 cuncti
435 244 488 272 an
522 244 609 273 non
641 231 886 274 faciendum
909 232 1117 288 flagitare.
1165 232 1315 289 Spero,
1349 238 1390 273 te
1412 230 1618 286 celeriter,
1639 241 1682 276 ct

252 286 306 328 de
336 288 460 329 nobis
482 289 597 344 quod
620 289 813 346 sperasti,
842 301 885 330 et
906 290 958 330 de
979 289 1066 340 illo,
1083 292 1122 321 43
1134 290 1248 345 quod
1269 291 1340 330 vix
1365 303 1533 344 sperare
1555 305 1681 332 ausus

252 358 312 393 es,
341 345 602 387 auditurum.
658 346 722 387 De
764 346 984 402 republica
1006 346 1099 401 jam
1131 347 1231 387 novi
1265 346 1496 402 quidquam
1528 361 1681 403 exspe-

251 409 369 442 ctare
390 402 647 444 desieramus
664 419 672 444 z
705 403 776 443 sed
796 417 894 444 cum
915 413 1083 444 senatus
1105 405 1145 434 44
1160 403 1330 444 habitus
1347 412 1456 444 esset
1475 403 1526 443 ad
1544 402 1681 459 Apol*-

250 455 364 508 linis,
386 474 424 499 a.
447 459 489 500 d.
513 474 577 500 xx.
604 459 786 500 Kalend.
810 459 932 500 Sext.
963 470 1005 499 et
1036 458 1262 501 referretur
1285 461 1337 501 de
1359 460 1574 516 stipendio
1596 460 1678 502 Cn.

252 512 451 570 Pompeii
469 533 477 557 :
510 517 672 556 mentio
691 515 805 556 facta
826 525 892 556 est
905 516 957 556 de
976 515 1144 570 legione
1165 531 1230 567 ea,
1248 520 1288 547 45
1301 532 1429 572 quam
1447 531 1681 572 expensam

249 571 350 612 tulit
388 572 438 612 C.
464 572 624 613 Caesari
660 572 907 627 Pompeius,
927 572 969 602 46
981 586 1068 626 quo
1097 587 1274 613 numero
1295 584 1419 624 esset,
1441 589 1526 628 quo
1548 589 1679 630 appe-

248 637 423 669 teretur.
470 633 507 662 47
523 628 635 670 Cum
654 644 708 669 ex
733 628 888 680 Gallia,
918 637 1094 670 coactus
1117 638 1227 669 esset
1257 630 1397 671 dicere
1430 630 1680 687 Pompeius,

249 699 293 725 se
313 685 526 741 legionem
550 686 850 736 abducturum,
873 685 944 726 sed
968 700 1052 726 non
1077 686 1222 726 statim
1251 687 1329 727 sub
1353 688 1613 728 mentionem
1637 698 1682 729 et

248 743 491 783 convicium
531 744 900 784 obtrectatorum:
930 742 1083 782 winde
1119 743 1408 799 interrogatus
1441 745 1493 785 de
1516 759 1684 786 sueces-

250 799 369 840 sione
393 799 444 840 C.
470 799 677 841 Caesaris:
709 799 762 840 (le
783 813 881 854 qua,
902 801 943 834 49
955 799 1057 853 [hoc
1076 808 1154 851 est,
1174 799 1226 840 de
1249 801 1515 854 provinciis‚]
1550 801 1680 856 placi-

231 864 342 898 .tum
364 865 443 905 est,
467 866 514 896 ut
532 869 660 910 quam
683 856 868 911 primum
893 856 942 896 ad
968 856 1116 896 urbem
1137 867 1418 898 reverteretur
1441 857 1523 898 Cn.
1551 857 1681 900 Pom-

250 913 384 967 peius,
408 922 452 952 ut
484 928 629 953 coram
666 926 718 954 eo
740 914 792 953 de
823 913 1091 954 successione
1128 913 1443 968 provinciarum
1467 924 1679 970 ageretur.

248 969 362 1009 Nam
387 969 630 1017 Ariminum
649 971 700 1011 ad
720 971 955 1011 exercitum
983 969 1215 1025 Pompeius
1233 981 1326 1010 erat
1346 971 1500 1012 iturus.
1533 980 1576 1011 et
1596 982 1680 1012 sta-

247 1026 324 1066 tim
349 1027 412 1066 iit.
438 1037 541 1082 puto
558 1026 670 1067 Idib.
696 1026 849 1068 Sextil.
872 1030 912 1058 50
928 1027 980 1067 de
1010 1042 1060 1068 ea
1078 1041 1122 1067 re
1140 1037 1283 1069 actum
1305 1028 1370 1069 iri.
1390 1028 1586 1082 profecto
1605 1039 1679 1069 aut

245 1084 505 1138 transigetur
523 1083 701 1140 aliquid,
723 1095 798 1125 aut
824 1084 1008 1140 turpiter
1032 1085 1333 1126 intercedetur.
1396 1085 1507 1125 Nam
1532 1085 1573 1125 in
1595 1086 1679 1126 dis-

241 1142 436 1195 putando
478 1143 512 1171 5¹
531 1141 721 1196 conjecit
760 1141 874 1182 illam
921 1155 1068 1182 vocem
1103 1140 1185 1182 Cn.
1225 1141 1474 1197 Pompeius,
1514 1141 1675 1182 Omnes

241 1208 441 1253 oportere
461 1200 626 1239 senatui
648 1198 766 1239 dicto
789 1199 1009 1239 audientes
1031 1213 1136 1240 esse.
1198 1198 1294 1255 Ego
1315 1208 1454 1238 tamen
1480 1201 1519 1228 52
1534 1198 1594 1239 sic
1616 1199 1679 1239 ni-

240 1254 302 1295 hil
338 1265 561 1311 exspecto,
597 1255 816 1310 quomodo
866 1254 1080 1306 Paullum,
1127 1256 1346 1297 consulem
1387 1255 1676 1310 designatum,

241 1312 426 1368 primum
448 1314 703 1353 sententiam
727 1313 958 1354 dicentem.
1006 1313 1175 1369 Saepius
1201 1323 1242 1353 te
1266 1312 1478 1353 admoneo
1501 1312 1554 1352 de
1577 1327 1676 1368 syn-

240 1369 407 1424 grapha
429 1368 629 1410 Sittiana.
653 1369 782 1425 cupio
806 1371 921 1410 enim
944 1379 986 1410 te
1009 1370 1261 1426 intelligere,
1284 1383 1376 1409 eam
1403 1383 1490 1409 rem
1523 1369 1575 1409 ad
1610 1384 1685 1410 me·

238 1425 363 1466 valde
387 1426 611 1481 pertinere.
675 1426 783 1467 Item
808 1427 860 1467 de
884 1426 1118 1482 pantheris,
1142 1437 1188 1466 ut
1211 1427 1440 1480 Cibyratas
1473 1439 1675 1474 arcessas,

239 1496 462 1537 curesque,
485 1486 524 1513 53
543 1494 589 1523 ut
608 1483 713 1524 mihi
739 1495 961 1525 venentur.
1023 1483 1239 1524 Praeterea
1260 1483 1510 1523 nunciatum
1535 1484 1675 1533 nobis,

239 1549 284 1580 et
319 1554 396 1594 pro
428 1548 545 1580 certo
569 1539 664 1594 jam
687 1541 884 1591 habetur,
908 1554 1053 1596 regem
1077 1539 1418 1581 Alexandrinum
1443 1549 1678 1580 mortuum.

240 1597 391 1651 54qnid
414 1596 519 1637 mihi
539 1597 730 1648 suadeas,
749 1598 968 1653 quomodo
992 1612 1171 1653 regnum
1196 1596 1299 1637 illud
1323 1609 1366 1635 se
1388 1594 1560 1647 habeat,
1582 1596 1677 1651 quis

240 1663 455 1709 procuret,
478 1653 708 1710 diligenter
730 1655 837 1696 mihi
861 1654 1114 1712 perscribas.
1166 1652 1372 1695 Kalendis
1391 1652 1546 1694 Sextil.

237 1768 429 1806 glossatore,
446 1768 571 1806 fuitque
595 1768 624 1798 I.
648 1768 695 1799 H.
713 1767 936 1808 cunctiflagz'-

237 1815 322 1840 tare.
338 1810 422 1841 forte
446 1816 478 1840 ct
503 1810 584 1840 illud
606 1820 650 1839 (m
672 1821 735 1840 mm
757 1822 795 1840 ex
812 1811 936 1840 (edilem

238 1853 382 1882 sactum:
405 1853 490 1892 quod
519 1862 578 1889 ego
602 1858 715 1883 tamen
742 1853 849 1892 potius
877 1863 936 1893 pro

239 1901 318 1924 nota
334 1894 521 1933 glossatoris
546 1894 648 1924 babeo
671 1905 708 1924 cx
731 1895 878 1934 margine
901 1896 935 1925 in

237 1942 367 1968 textum
385 1943 525 1977 recepta.

280 1981 321 2009 43
344 1980 428 2018 quod
451 1981 507 2009 via:
529 1979 592 2019 sp.]
622 1988 668 2010 se.
683 1988 758 2010 eum
773 1978 935 2020 repulsam

237 2021 395 2051 laturum.

279 2065 321 2094 44
343 2064 473 2093 habitus
485 2065 576 2104 esset]
598 2065 669 2095 Hoc
685 2073 751 2094 non
764 2063 846 2093 bene
859 2073 935 2093 con-

238 2106 340 2136 sentit
356 2107 504 2146 sequenti
520 2107 713 2146 referretur.
735 2105 796 2136 nisi
811 2106 936 2136 dictum

239 2156 289 2180 est
301 2158 359 2188 pro
374 2153 505 2178 vocatus
517 2155 606 2180 esset.

279 2195 322 2222 45
359 2200 460 2229 qucum
487 2201 660 2232 expensam
690 2190 780 2231 tulit]
820 2190 893 2220 Hoc
919 2199 936 2220 e

240 2234 333 2264 Coelii
359 2242 498 2272 persona
526 2234 649 2264 dietum
679 2235 804 2273 accipe:
857 2232 936 2263 alias

239 2285 307 2306 esse
321 2276 417 2306 debet
432 2276 568 2311 tulisset,
582 2276 667 2314 quod
682 2275 807 2306 malim.

281 2319 323 2349 46
344 2327 405 2358 quo
426 2326 560 2348 numero
575 2322 664 2355 esset,
680 2328 708 2357 q.
735 2317 785 2356 a.]
812 2317 934 2348 Utrum

241 2359 281 2391 ad
293 2360 472 2391 exereitum
490 2360 634 2400 Pompeii
657 2370 697 2390 an
713 2360 847 2390 Caesaris
863 2369 934 2399 per-

240 2404 363 2433 tineret
377 2408 411 2432 et
429 2402 614 2438 referretur,
633 2413 696 2440 quo
711 2401 847 2432 consilio
862 2411 932 2431 eam

241 2447 351 2476 Caesar
366 2444 511 2486 petiisset
527 2445 589 2475 hoc
608 2450 755 2484 tempore
780 2449 812 2475 ct
837 2442 934 2474 liabe—

239 2492 302 2518 ret.

280 2533 322 2564 47
350 2529 431 2559 Cam
450 2539 488 2559 ex
521 2529 634 2559 Gallia
658 2528 732 2567 δια]
760 2528 857 2558 Hunc
885 2528 933 2558 lo-

241 2582 315 2601 cum
340 2572 426 2602 varie
451 2576 624 2602 tentarunt
653 2571 711 2600 viri
740 2571 839 2601 docti.
868 2580 932 2600 non

240 2619 312 2644 erat
328 2622 466 2644 necesse.
492 2613 714 2652 interpunctio
735 2613 848 2642 vitiosa
865 2618 935 2643 tur-

241 2656 329 2686 bavit
345 2666 410 2686 eos,
426 2665 543 2696 nempe
566 2664 630 2685 non
650 2655 812 2691 viderunt,
829 2654 934 2685 cohae-

240 2708 310 2729 rere
340 2699 401 2728 hoc
424 2707 498 2728 cnm
528 2697 756 2737 sequentibus:
795 2707 869 2727 cum
896 2707 936 2728 ez·

244 2741 598 2772 G.-obtrectatorum.·
646 2740 721 2771 inde
752 2740 936 2778 interroga-

977 1772 1030 1798 tus
1047 1769 1106 1799 διο.

1019 1814 1059 1841 48
1082 1810 1156 1840 inde
1171 1807 1407 1848 interrogatus]
1434 1807 1565 1838 Excidit
1579 1811 1636 1837 est.

1019 1856 1060 1885 49
1093 1855 1149 1882 hoc
1175 1856 1232 1888 est,
1263 1852 1301 1880 de
1330 1849 1521 1890 provinciis]
1575 1850 1676 1881 Recte

979 1893 1158 1924 Lambinus
1181 1894 1241 1923 hoc
1269 1903 1327 1933 pro
1353 1892 1459 1929 glossa
1483 1892 1581 1922 delet.
1601 1903 1674 1922 mox

977 1938 1128 1967 successio
1146 1937 1395 1976 provinciarum
1423 1934 1461 1964 de
1488 1934 1603 1964 Galliis
1627 1935 1677 1964 in-

977 1979 1168 2017 telligenda.

1021 2024 1060 2051 50
1083 2022 1120 2051 de
1148 2031 1188 2051 ea
1211 2030 1248 2050 re
1260 2018 1399 2059 sactum
1423 2019 1482 2058 iri]
1510 2019 1674 2049 Vitiosum

978 2062 1181 2102 estfactum.
1227 2062 1345 2102 Scripsi
1367 2066 1492 2098 actum,
1508 2066 1547 2091 ut
1562 2066 1611 2091 est
1626 2061 1676 2091 in-

979 2105 1028 2135 fru
1053 2116 1103 2146 ep.
1128 2110 1159 2140 9.
1185 2104 1224 2135 de
1246 2104 1359 2135 eadem
1386 2104 1446 2134 hac
1463 2113 1495 2134 re
1510 2107 1545 2133 et
1560 2114 1597 2132 ex
1615 2101 1676 2133 hoc

981 2146 1065 2178 loco.
1084 2150 1163 2178 item
1179 2155 1251 2187 post
1274 2147 1492 2185 transigetur,
1517 2150 1551 2175 et
1575 2146 1676 2175 iuter·

980 2190 1122 2227 cedaar,
1147 2199 1204 2230 pro
1226 2190 1469 2227 transigeretur
1491 2193 1525 2217 et
1540 2189 1676 2217 interce-

979 2232 1123 2263 deremr.
1147 2237 1181 2264 et
1203 2232 1248 2261 sic
1271 2231 1343 2261 edd.
1369 2241 1419 2271 pr.
1433 2229 1599 2261 victorius
1613 2228 1676 2259 hoe

978 2274 1093 2306 edidit.

1021 2319 1055 2346 51
1082 2316 1216 2356 conjecit
1241 2315 1265 2346 i.
1294 2314 1413 2354 voc-em]
1441 2314 1602 2344 Usitatius
1624 2323 1674 2343 es-

977 2357 1134 2398 setjecit:
1158 2358 1213 2388 sed
1242 2361 1275 2388 et
1306 2357 1393 2386 Sext.
1426 2359 1475 2387 18.
1501 2362 1551 2386 est
1572 2355 1676 2386 oratio

978 2402 1119 2440 improbe
1130 2400 1284 2440 conjecta.
1299 2398 1411 2429 malini
1428 2404 1540 2428 tamen
1556 2397 1649 2427 illud.

1021 2445 1061 2474 52
1082 2445 1128 2474 sic
1146 2440 1437 2480 nihil—quomodo]
1462 2450 1521 2480 pro
1534 2441 1673 2476 sic—uc,

978 2490 1016 2515 ut
1030 2491 1064 2516 et
1078 2486 1155 2516 alibi
1171 2485 1252 2515 dixit
1268 2483 1391 2513 Cicero.

1021 2530 1059 2557 53
1085 2532 1122 2557 ut
1146 2529 1192 2557 ἠιὶ
1214 2524 1390 2563 vehantur]
1417 2525 1505 2556 Bene
1527 2522 1673 2552 Graevius

978 2570 1131 2609 corrigit:
1156 2573 1192 2599 ut
1209 2569 1289 2599 mila·
1314 2573 1480 2597 venemur.
1499 2576 1548 2596 res
1563 2570 1612 2595 est
1628 2566 1678 2596 itt.

978 2611 1078 2647 clara,
1094 2617 1131 2641 ut
1147 2613 1191 2641 sic
1206 2610 1299 2640 edere
1316 2618 1381 2637 non
1397 2609 1586 2639 dubitarim.

1020 2655 1059 2683 54
1081 2654 1160 2691 quid
1181 2651 1424 2690 milzimadeas]
1450 2651 1587 2681 Videtur
1602 2651 1674 2681 Coe·

977 2695 1040 2727 lius
1055 2696 1088 2725 in
1104 2694 1317 2728 creditoribus
1337 2693 1505 2724 Ptu‘tcmaei
1521 2693 1629 2724 fuisse.
