1817 3196
460 405 1055 478 PRAEFATIO.

36 732 271 800 NULLA
293 771 388 812 pars
416 756 622 799 librorum
655 757 875 800 Ciceronis
907 766 991 798 tam
1021 756 1249 812 diligenter
1277 768 1325 795 ac
1348 765 1462 808 saepe

37 835 219 867 tractata
246 836 310 865 est
339 840 363 865 a
391 823 564 865 Criticis
591 834 634 866 et
665 826 981 881 interpretibus,
1011 838 1138 879 quain
1175 821 1376 878 Epistolae
1409 820 1463 861 ad

35 891 256 933 Diversos.
317 891 457 932 Causa
491 901 594 943 erat,
630 893 744 947 quod
778 893 925 933 harum
967 892 1150 932 lectione
1180 890 1266 930 fere
1302 889 1353 929 ad
1388 887 1463 929 Ci-

35 962 200 1002 ceronis
226 961 370 1011 libros,
400 960 661 1015 omninoque
691 961 946 1001 latinitatem
970 974 1111 1000 veram
1135 968 1176 999 et
1203 957 1463 1012 exquisitam

33 1029 393 1086 cognoscendam,
416 1029 599 1083 denique
621 1029 747 1069 etiam
773 1028 822 1068 ad
845 1028 1131 1082 eloquentiam
1154 1026 1327 1066 latinam
1346 1040 1464 1066 com-

33 1098 266 1154 parandam
306 1097 444 1136 aditus
484 1096 646 1150 optime
682 1095 770 1135 fieri
807 1095 1027 1150 juventuti
1070 1095 1320 1150 putabatur:
1366 1107 1464 1148 quae

33 1165 184 1221 opinio
205 1173 249 1204 et
270 1163 534 1204 consuetudo
556 1162 684 1202 etiam
714 1162 764 1202 ad
794 1171 981 1201 nostram
1013 1170 1185 1202 aetatem
1216 1160 1462 1216 permansit.

38 1231 133 1273 Nec
167 1231 209 1271 in
240 1244 291 1270 eo
324 1229 473 1269 fefellit
498 1229 607 1269 viros
639 1229 790 1269 doctos
823 1229 946 1270 ratio.
1009 1227 1178 1268 Etenim
1213 1228 1374 1268 nullum
1400 1236 1465 1268 est

33 1312 170 1354 genus
191 1296 412 1346 orationis,
443 1296 565 1351 cujus
594 1311 679 1336 non
709 1296 908 1351 exempla
932 1296 1087 1337 habeat
1108 1296 1178 1336 hie
1201 1295 1330 1336 liber:
1372 1295 1466 1336 nul—

31 1364 121 1407 lum
149 1378 282 1421 prope
312 1378 446 1420 genus
476 1376 613 1404 rerum
646 1364 688 1404 in
720 1363 805 1404 vita
837 1363 1022 1404 humana
1050 1363 1382 1413 occurrentium,
1413 1363 1466 1404 de

32 1447 120 1488 quo
140 1432 313 1487 quidem
337 1431 422 1471 dici
445 1445 494 1472 ac
516 1431 644 1471 scribi
668 1431 836 1482 debeat,
859 1430 975 1486 quod
1003 1445 1088 1471 non
1119 1431 1161 1471 in
1184 1430 1375 1486 epistolis
1399 1430 1465 1470 his

33 1507 240 1540 tractetur
272 1510 370 1555 apte
401 1498 452 1539 ad
488 1513 711 1553 personas:
744 1498 906 1539 nullum
938 1512 1072 1554 genus
1097 1497 1344 1548 venustatis,
1374 1498 1468 1553 pul-

34 1566 273 1616 critudinis,
310 1566 432 1620 cujus
464 1580 552 1606 non
585 1580 707 1606 sensu
750 1566 885 1606 imbui
926 1580 1068 1606 earum
1107 1565 1291 1606 lectione
1330 1565 1468 1620 possit

27 1632 250 1689 juventuS,
274 1633 507 1689 praesertim
533 1633 566 1673 si
589 1633 764 1674 accedat
788 1634 994 1688 interpres
1017 1633 1210 1674 idoneus.
1269 1631 1379 1673 Tum
1401 1633 1466 1673 in-

35 1700 182 1756 primis
204 1714 258 1741 ex
282 1700 332 1741 iis
356 1699 573 1741 facilitatis
591 1710 780 1741 venustae
804 1709 845 1740 et
868 1700 1154 1755 simplicitatis
1177 1714 1322 1740 sensus
1345 1699 1466 1740 sacil-

31 1765 133 1808 lime
161 1767 298 1823 accipi
331 1776 487 1822 potest,
519 1782 604 1822 quo
627 1768 780 1808 deinde
808 1768 851 1808 in
875 1767 1100 1808 scribendo
1123 1782 1172 1808 ac
1194 1766 1376 1808 dicendo
1400 1780 1465 1807 re-

31 1844 158 1891 gatur
189 1836 342 1876 oratio.
403 1834 556 1890 Itaque
591 1845 634 1876 et
666 1835 815 1876 harum
849 1835 1125 1892 epistolarum
1162 1835 1296 1891 plura,
1335 1850 1466 1890 quam

32 1912 271 1944 ceterorum
304 1903 524 1954 librorum,
557 1903 755 1958 exempla
785 1902 900 1944 facta
930 1913 1029 1944 sunt
1058 1903 1231 1944 calamis
1263 1904 1465 1959 primum,

32 1971 188 2013 deinde
220 1971 369 2012 formis
403 1970 547 2011 aeneis.
609 1970 750 2011 Credo
780 1980 824 2012 et
856 1981 1082 2026 propterea
1112 1986 1226 2028 saepe
1256 1974 1466 2028 exemplis

33 2055 211 2097 operum
246 2039 469 2081 Ciceronis
503 2038 796 2079 universorum
833 2039 916 2080 hoc
954 2040 1228 2095 epistolarum
1262 2041 1465 2084 volumen

30 2107 193 2159 deesse,
214 2116 288 2148 aut
310 2115 464 2163 praeter
485 2116 645 2147 ceteras
669 2117 808 2162 partes
831 2121 978 2147 omnes
1000 2107 1258 2149 maculatum
1283 2122 1372 2149 esse
1391 2109 1466 2150 ad-

35 2176 206 2232 scriptis
228 2176 339 2216 inter
357 2189 498 2216 versus
521 2183 563 2215 et
585 2189 659 2230 per
679 2175 892 2230 margines
916 2175 1082 2230 glossis,
1104 2191 1154 2217 ac
1176 2177 1305 2227 notis,
1329 2193 1354 2217 a
1375 2192 1464 2218 ma-

31 2243 170 2298 gistro
201 2242 364 2284 scilicet
386 2242 598 2283 audiendo
626 2242 830 2297 aceeptiS,
859 2243 974 2297 quod
1003 2257 1053 2284 ea
1080 2258 1176 2299 pars
1205 2244 1393 2286 maxime
1421 2245 1467 2287 in

31 2325 264 2367 puerorum
286 2319 330 2351 et
352 2311 654 2366 magistrorum
675 2311 872 2352 manibus
891 2320 1025 2353 esset:
1058 2312 1173 2367 quod
1195 2321 1238 2353 et
1260 2313 1302 2353 in
1321 2327 1467 2354 exem-

31 2378 115 2434 plis
147 2378 331 2434 scriptis,
371 2378 433 2418 uti
468 2392 579 2429 meo,
619 2379 770 2434 reperi.
831 2379 913 2420 Sed
945 2388 992 2420 ut
1021 2379 1093 2420 illa
1121 2380 1396 2421 multitudine
1425 2389 1469 2422 et

33 2445 239 2486 varietate
267 2444 562 2500 exemplorum
593 2446 732 2487 aditus
764 2446 1004 2502 patefactus
1026 2458 1090 2488 est
1111 2448 1227 2488 vitiis
1250 2447 1467 2503 pluribus:

34 2512 96 2553 sic
114 2512 302 2554 vicissim
321 2513 598 2565 multitudine
616 2527 779 2563 eorum,
801 2515 873 2569 qui
892 2529 961 2556 eas
980 2515 1181 2571 epistolas
1200 2505 1475 2557 emendando*

33 2578 441 2635 interpretandoque
464 2576 715 2632 trac‘tarunt‚
745 2582 1023 2623 correctiores
1054 2582 1181 2623 factae
1212 2590 1325 2623 sunt.
1385 2582 1471 2624 Sed

35 2648 230 2688 omnium
252 2646 581 2702 diligentissime
608 2648 652 2689 in
682 2648 732 2689 iis
755 2649 911 2690 versati
933 2658 1032 2690 sunt
1053 2650 1138 2691 duo
1162 2649 1232 2690 illa
1253 2650 1471 2693 literarum

34 2723 288 2757 ,ornamenta
317 2714 361 2754 in
387 2713 527 2766 Italia,
556 2714 719 2757 Paulas
748 2715 968 2758 Manutius
996 2727 1039 2758 et
1072 2716 1222 2758 Petrus
1249 2715 1472 2759 Victorius.—

33 2781 109 2825 ville
139 2782 312 2837 quidem
335 2783 524 2825 maxime
545 2783 772 2842 diligentia
802 2784 1128 2842 interpretandi,
1161 2784 1232 2828 hic
1261 2785 1392 2828 etiam
1418 2787 1473 2829 ad

100 2861 208 2897 vol..
233 2862 310 2893 111.
333 2864 373 2895 P.
399 2865 431 2892 1.
748 2865 777 2893 Β
