1903 3218
300 85 380 122 216
701 75 881 116 Erisr.
908 74 1093 113 Li-BER
1117 73 1323 130 NoNUs

303 189 399 240 μένοι.
461 183 575 225 Puto
617 197 729 223 nunc
766 181 931 223 dicere:
974 178 1203 221 Oblitusne
1241 193 1285 219 es
1323 176 1456 233 igitur
1497 175 1728 232 fungorum

305 241 489 291 illorum,
523 254 632 296 quos
673 238 785 294 apud
829 237 1028 278 Niciam?
1070 245 1114 276 et
1151 235 1441 291 3&ingentium
1483 234 1730 288 squillarum

307 313 405 340 cum
438 298 603 354 Sophia
632 295 882 351 Septimiae?
943 293 1060 340 Quid
1090 295 1225 349 ergo?
1257 302 1300 332 tu
1324 291 1429 331 adeo
1451 291 1557 332 mihi
1578 304 1731 331 excus-

309 370 398 398 sam
429 355 697 396 severitatem
729 360 912 392 veterem
944 359 1083 404 puta5‚
1110 361 1158 390 ut
1187 364 1240 390 ne
1270 349 1310 389 in
1344 347 1436 388 foro
1467 347 1640 401 quidem
1671 360 1735 389 re-

307 412 455 468 liquiae
492 410 684 468 pristinae
723 408 876 449 frontis
911 408 1175 462 appareant?
1235 405 1317 446 Sed
1355 415 1497 445 tamen
1537 402 1735 445 suavissi-

310 483 430 512 mum
469 470 650 521 συμζιώτην
691 474 883 505 nostrum
924 463 1138 518 praestabo
1181 461 1453 517 integellum:
1497 476 1575 502 nec
1617 474 1735 501 com-

310 526 497 574 mittam,
520 534 580 573 ut,
603 524 635 562 si
659 536 740 577 ego
771 535 869 562 eum
899 519 1200 567 condemnaro,
1224 529 1268 558 tu
1299 520 1510 569 restituas,
1532 521 1572 551 39
1586 531 1639 557 ne
1659 516 1736 557 ha-

312 584 412 624 beat
443 581 579 623 Bursa
612 578 810 628 Plancus,
835 575 948 632 apud
971 589 1097 630 quem
1128 575 1288 614 litteras
1319 574 1467 617 discat.
1529 574 1610 615 Sed
1634 573 1738 629 quid

265 641 430 696 b.ago?
461 652 559 679 cum
592 635 697 676 mihi
732 635 787 675 sit
819 634 1043 681 incertum,
1076 630 1357 685 tranquillone
1391 634 1445 672 sis
1478 633 1636 682 animo,
1669 644 1738 679 an,

311 707 364 737 ut
383 697 428 736 in
449 694 576 743 bello,
597 693 641 733 in
663 693 804 746 aliqua
834 688 1069 744 majuscula
1098 703 1200 729 cura
1230 689 1460 743 negotiove
1482 702 1658 738 versere,
1680 686 1740 728 la-

312 754 395 795 bor
424 751 608 808 longius.
670 748 782 789 Cum
813 747 944 802 igitur
974 745 1080 786 mihi
1111 745 1192 787 erit
1221 744 1506 799 exploratum,
1533 756 1573 785 te
1604 745 1739 785 liben-

315 819 379 851 ter
407 823 498 850 esse
528 808 725 855 risurum,
757 804 940 844 scribam
970 803 1022 843 ad
1055 811 1096 842 te
1129 801 1333 857 pluribus.
1392 800 1454 841 Te
1485 810 1625 842 tamen
1657 801 1740 841 hoc

312 868 420 908 scire
442 865 554 914 volo,
577 862 848 904 vehementer
870 859 1076 916 populum
1100 858 1327 899 sollicitum
1351 856 1480 898 fuisse
1501 858 1552 898 de
1576 858 1626 899 P.
1646 857 1741 899 Sul-

312 923 365 964 ]ae
396 930 548 971 morte,
569 922 847 973 4⁰antequam
879 928 1043 957 certum
1074 915 1231 957 scierit.
1293 914 1422 955 Nunc
1452 928 1641 970 quaerere
1670 914 1743 955 de-

314 981 490 1028 sierunt,
510 976 729 1033 quomodo
760 974 946 1030 perierit.
979 973 1079 1014 satis
1111 981 1279 1028 putant,
1301 987 1344 1013 se
1375 973 1496 1022 scire,
1518 971 1633 1028 quod
1665 970 1746 1012 sci-

315 1046 406 1077 unt.
468 1034 562 1090 Ego
593 1032 812 1086 ceteroqui
843 1032 987 1072 animo
1019 1044 1144 1085 aequo
1175 1029 1292 1080 fero3
1335 1043 1466 1070 unum
1499 1043 1659 1080 vereor,
1691 1041 1743 1069 ne

313 1093 438 1134 hasta
459 1091 642 1133 Caesaris
663 1088 893 1131 refrixerit.

259 1196 269 1229 1
287 1195 300 1230 1
830 1175 1231 1214 ARGUMENTUM.

323 1245 489 1282 Tulliolae
515 1248 666 1280 mortem
693 1241 908 1280 Dolabellae,
931 1242 1042 1276 etiam
1065 1243 1149 1287 post
1175 1240 1380 1279 divortium,
1410 1238 1604 1287 significat,
1624 1238 1661 1273 in
1689 1249 1749 1273 cu-

358 1296 422 1344 jus
441 1296 693 1333 consuetudine
706 1293 879 1329 solatium
895 1293 963 1328 sibi
976 1291 1066 1340 fore
1083 1292 1148 1327 ait.
1203 1291 1294 1327 Suos
1313 1292 1569 1326 obtrectatores
1587 1303 1610 1326 a
1628 1290 1749 1325 Dola-

369 1349 463 1385 bella
488 1347 647 1397 refutari
672 1346 761 1385 vult,
782 1346 825 1381 ab
852 1345 1044 1392 eodemque
1069 1355 1106 1379 se
1133 1345 1262 1379 amari.
1317 1342 1466 1391 Scripta
1486 1342 1623 1378 Coesare
1641 1354 1749 1389 quar-

369 1406 446 1437 tum
463 1400 615 1436 consule.

704 1461 938 1505 CICERO
971 1460 1373 1503 DOLABELLAE.

320 1522 453 1574 VEL
483 1546 578 1573 meo
610 1531 742 1586 ipsius
774 1529 948 1570 interitu
980 1528 1145 1569 mallem
1187 1527 1348 1568 litteras
1385 1541 1501 1567 meas
1541 1525 1752 1567 desidera-

321 1605 402 1641 res,
442 1604 571 1645 quam
606 1602 657 1628 eo
696 1602 812 1637 casu,
844 1600 930 1642 quo
963 1600 1057 1627 sum
1094 1585 1345 1641 gravissime
1382 1583 1591 1625 afflictus:
1624 1596 1752 1638 quein

323 1647 477 1689 ferrem
510 1655 625 1687 certe
656 1644 932 1693 moderatius,
967 1643 999 1684 si
1034 1652 1076 1683 te
1111 1643 1326 1683 haberem.
1387 1641 1499 1682 Nam
1539 1649 1582 1681 et
1616 1640 1754 1681 oratio

324 1714 399 1746 tua
429 1703 629 1760 prudens,
650 1711 695 1743 et
724 1715 843 1742 amor
873 1715 975 1756 erga
1004 1713 1072 1740 me
1104 1699 1344 1755 singulariS,
1370 1698 1551 1739 multum
1581 1697 1755 1738 levaret.

326 1761 409 1803 Sed
431 1763 468 1792 41
485 1760 688 1816 quoniam
711 1759 829 1799 brevi
854 1766 1060 1813 tempore,
1084 1765 1131 1796 ut
1160 1755 1308 1811 opinio
1330 1764 1475 1795 nostra
1496 1764 1574 1805 est,
1597 1764 1638 1794 te
1661 1768 1754 1794 sum

326 1819 508 1868 visurus,
530 1817 592 1857 ita.
621 1830 689 1856 me
720 1815 920 1856 affectum
952 1813 1159 1864 offendes,
1182 1822 1227 1853 ut
1257 1811 1438 1853 muitum
1470 1827 1495 1853 a
1525 1821 1566 1852 te
1596 1811 1757 1866 possim

320 1874 490 1932 juvari:
524 1888 608 1914 non
632 1887 716 1928 quo
749 1872 810 1912 ita
840 1873 919 1912 sim
950 1870 1125 1922 fractus,
1149 1879 1194 1910 ut
1224 1878 1298 1909 aut
1328 1868 1546 1909 hominem
1578 1882 1647 1909 me
1667 1881 1759 1909 esse

328 1932 487 1974 oblitus
510 1931 604 1981 sim,
627 1939 701 1970 aut
723 1928 908 1969 fortunae
941 1926 1306 1969 succumbendum
1337 1935 1513 1981 putem3
1544 1925 1666 1966 428ed
1697 1934 1761 1966 ta-

330 2004 427 2031 men
451 1988 641 2029 hilaritas
665 1986 736 2028 illa
765 1996 911 2026 nostra
937 1994 979 2026 et
1002 1984 1204 2035 suavitas,
1225 1998 1322 2039 quae
1347 1993 1387 2023 te
1410 1991 1566 2039 praeter
1595 1991 1760 2024 ceteros

374 2143 414 2172 38
436 2139 619 2177 ingentium
640 2135 852 2178 squillarum]
885 2135 938 2166 Sic
959 2135 1027 2166 edi·
1071 2138 1127 2164 tui·
1140 2143 1220 2170 esse,
1237 2143 1277 2164 nc
1301 2143 1344 2164 aes
1363 2132 1504 2164 alienum
1528 2133 1645 2170 facere,
1661 2138 1694 2164 et
1707 2133 1763 2164 de-

333 2183 382 2213 dit
404 2182 443 2213 de
468 2183 656 2221 conjectura
683 2179 783 2219 patris
805 2179 876 2208 «Iac.
901 2178 1027 2207 Crono·
1072 2176 1147 2206 inde
1169 2185 1287 2215 negare
1312 2176 1427 2206 discat.
1473 2176 1545 2205 Hoc
1568 2175 1648 2206 mihi
1674 2176 1762 2207 vide-

333 2226 416 2261 vius,
446 2233 522 2253 cum
554 2222 688 2261 vulgata
716 2227 799 2251 esset
828 2221 1029 2256 culinarum,
1071 2224 1127 2248 tur
1149 2217 1360 2259 probabilius,
1375 2228 1471 2256 quam
1492 2217 1596 2247 irrisio
1611 2218 1762 2257 inscitiae,

334 2277 432 2307 quam
450 2265 587 2295 retinuit
602 2264 762 2300 Graevius,
777 2262 832 2293 sed
850 2261 940 2292 valde
956 2271 1030 2302 pro·
1072 2271 1169 2300 quam
1186 2260 1234 2290 bis
1249 2261 1362 2291 Bursae
1376 2260 1561 2299 exprobrari
1577 2265 1673 2300 putat
1690 2260 1761 2290 Ma-

334 2309 434 2339 babat
446 2308 639 2347 squillarum
655 2319 663 2335 .·
690 2307 769 2336 item
786 2311 820 2335 et
835 2304 973 2334 alteram
996 2304 1029 2334 «Ι.
1072 2302 1194 2333 nutius.
1240 2302 1285 2332 Et
1299 2302 1354 2333 ille
1376 2302 1481 2333 Bursa
1504 2311 1608 2342 nuper
1630 2302 1763 2332 restitu-

336 2350 389 2382 Fr.
403 2350 559 2380 Gronovii
576 2349 814 2387 conjecturam,
828 2345 926 2386 Sepia
940 2345 1028 2385 Sept.
1071 2350 1125 2375 tus
1142 2348 1213 2375 erat
1226 2355 1233 2373 ι
1257 2344 1343 2375 unde
1358 2349 1436 2384 apta
1450 2344 1575 2374 mentio
1589 2345 1658 2383 ejus
1671 2348 1765 2374 ante-

335 2403 394 2432 pro
412 2392 533 2432 Sophia
551 2391 585 2422 S.
603 2400 677 2420 nain
696 2389 817 2428 Sophia
833 2387 961 2426 quidem
979 2389 1029 2418 ni·
1072 2386 1272 2417 cedentibus.

335 2435 393 2466 hili
417 2439 478 2465 est.
524 2433 553 2464 E
572 2432 687 2463 ceteris
709 2430 905 2462 lectionibus
932 2431 1030 2460 libro·
1113 2432 1155 2460 40
1181 2432 1358 2468 antequam
1390 2431 1516 2457 certum
1550 2427 1672 2467 scierit]
1712 2427 1763 2459 Sic

336 2487 408 2508 rum
422 2477 562 2516 speciem
578 2475 701 2505 habent
715 2474 932 2509 cochlearum,
943 2472 1029 2512 quod
1070 2481 1131 2501 scr.
1146 2475 1181 2501 et
1201 2470 1272 2501 edd.
1290 2474 1369 2500 vett.
1384 2478 1508 2499 omnes·
1552 2469 1634 2505 Ant.
1650 2470 1762 2510 Augu-

335 2524 369 2550 et
384 2520 418 2550 in
444 2524 556 2549 nostro
578 2522 640 2552 est,
655 2515 710 2546 sed
725 2525 744 2545 a
762 2525 806 2545 m.
823 2523 847 2544 s.
861 2518 896 2544 et
919 2515 952 2544 in
977 2514 1027 2545 ed.
1071 2514 1177 2543 stinus
1199 2512 1382 2551 corrigebat
1400 2511 1507 2548 sciret,
1522 2510 1607 2549 quod
1622 2511 1672 2542 lex
1687 2512 1764 2543 lati-

336 2560 471 2592 Mediol.
494 2565 528 2591 et
550 2560 771 2599 gallinarum,
788 2556 874 2596 quod
894 2555 1027 2588 Lambi-
1072 2555 1186 2585 nitatis
1197 2554 1325 2585 videtur
1339 2553 1515 2594 postulare.
1530 2554 1651 2594 recepit
1667 2553 1766 2586 Lam-

338 2613 398 2634 nus
414 2607 545 2633 secutus
556 2606 616 2632 est.
1071 2598 1179 2629 binus.

379 2648 420 2679 39
441 2655 482 2675 ne
505 2645 622 2674 habeat
637 2642 681 2674 B.
699 2641 756 2672 Pl.
772 2651 826 2681 ap.
841 2649 935 2680 quem
957 2640 1028 2670 lite·
1113 2642 1150 2669 41
1177 2642 1350 2678 quum—te
1371 2647 1444 2668 sum
1467 2637 1608 2676 visurus]
1637 2637 1718 2668 Mss.
1731 2643 1766 2669 et

336 2697 393 2717 ras
408 2686 524 2726 discat]
541 2686 642 2716 ,Iocus
657 2694 693 2714 ex
718 2682 831 2714 eodem
854 2682 946 2712 fonte
968 2680 1028 2711 du·
1071 2681 1142 2712 edd.
1159 2685 1240 2710 vett.
1256 2680 1408 2719 quoniam
1425 2678 1474 2710 vel
1490 2680 1628 2718 quando.
1646 2685 1743 2711 recte.

336 2735 421 2766 ctus,
436 2734 469 2759 et
485 2728 597 2759 cadem
612 2725 829 2765 ambiguitate
842 2725 1028 2761 literarum,
1112 2725 1154 2755 42
1174 2723 1230 2753 sed
1242 2722 1367 2761 tamen]
1386 2721 1454 2752 Aut
1468 2721 1586 2752 excidit
1599 2722 1692 2762 quod,
1709 2727 1767 2754 aut

337 2780 409 2809 quae
423 2776 456 2801 et
472 2780 491 2801 a
504 2768 729 2801 Grammatico
748 2767 932 2803 discuntur,
946 2770 980 2796 et
995 2766 1030 2796 in
1072 2765 1106 2797 id
1122 2764 1373 2806 intelligendum
1387 2767 1438 2795 est
1451 2774 1491 2795 ex
1504 2773 1575 2804 quo.

339 2823 372 2842 re
390 2813 578 2853 pecuniaria
597 2811 763 2843 dicuutur.
807 2811 927 2841 Sensus
942 2807 1029 2839 vide-
