1817 3196
265 90 320 124 22
655 87 832 127 EPIST.
863 89 1049 127 LIBER
1081 88 1307 128 PRIMUS

269 198 449 232 starem:
488 204 685 246 eumque,
717 207 843 248 quem
887 194 1047 234 bonum
1085 193 1223 233 civem
1261 207 1426 249 semper
1462 193 1698 247 habuisset,

267 251 307 282 47
318 247 479 288 bonum
502 262 638 289 vrrum
662 264 751 290 esse
773 259 1000 306 pateretur.
1049 248 1098 289 In
1122 249 1202 290 illis
1225 260 1365 290 autem
1390 252 1493 292 meis
1516 252 1698 292 actioni-

268 305 348 346 bus
379 305 685 359 sententiisque
715 307 930 356 omnibus,
951 321 1049 360 quae
1075 306 1329 368 Pompeium
1354 308 1607 350 videbantur
1632 307 1700 348 of-

269 361 454 412 fendere,
476 371 689 403 certorum
715 363 955 413 hominum,
975 377 1082 416 quos
1107 376 1200 417 Jam
1222 363 1350 403 debes
1363 366 1592 428 suspicari,
1615 379 1701 405 ser-

268 433 417 459 mones
439 419 730 461 referebantur
751 420 804 460 ad
827 434 918 460 me:
949 419 1023 473 qui
1045 433 1141 460 cum
1166 418 1237 460 illa
1266 421 1471 462 sentirent
1502 436 1544 462 m
1575 436 1700 477 repu-

270 475 399 526 blica,
427 491 523 530 quae
556 490 638 531 ego
667 477 863 532 agebam,
893 489 1142 530 semperque
1174 477 1425 519 sensissent:
1457 492 1525 518 ine
1557 487 1700 519 tamen

163 539 261 578 p.12
276 547 358 574 non
383 532 626 573 sutisfz'icere
649 510 873 588 Pompeio,
896 532 1196 587 Caesaremque
1224 533 1565 576 inimicissimum
1597 535 1704 575 mihi

230 591 260 612 ³·
275 589 481 639 futurum,
503 588 688 644 gaudere
710 605 753 630 se
774 590 961 630 aiebant.
995 588 1097 629 Erat
1122 589 1203 630 hoc
1223 590 1329 631 mihi
1351 591 1605 633 dolendum:
1629 590 1703 632 sed

271 646 407 688 multo
440 646 541 687 illud
572 646 724 702 magis,
752 647 867 702 quod
898 646 1122 687 inimicum
1152 660 1310 698 meum,
1339 653 1500 700 (meum
1531 650 1703 689 autem?

270 704 403 744 immo
434 718 532 744 vero
563 702 721 758 legum,
744 703 1024 758 judiciorum,
1047 703 1141 754 otii,
1171 704 1336 759 patriae,
1369 706 1579 746 bonorum
1610 719 1703 746 om-

267 761 422 811 nium‚)
436 760 496 801 sic
517 759 887 815 amplexabantur,
901 761 962 801 sic
983 761 1026 801 in
1045 759 1488 814 manibushabebant,
1502 762 1563 802 sic
1584 761 1704 802 fove-

268 818 388 868 bant,
421 817 482 858 sic
513 831 582 857 me
614 826 825 872 praesente
862 817 1190 869 osculabantur3
1221 832 1307 859 non
1342 818 1399 859 illi
1429 819 1617 874 quidem,
1653 827 1702 859 ut

266 874 374 915 mihi
405 873 675 914 stomachum
705 873 908 925 facerent,
929 889 1057 930 quem
1087 888 1169 930 ego
1203 873 1396 916 funditus
1424 875 1605 931 perdidi,
1627 874 1701 916 sed

265 939 380 972 certe
410 940 458 971 ut
491 930 630 972 faceie
662 945 706 971 se
738 905 1210 972 a1·bit1a'rentur.Hie
1243 946 1341 988 ego,
1375 943 1583 988 quantum
1621 932 1703 973 hu·

265 1003 393 1029 mano
442 987 622 1029 consilio
668 988 837 1030 efficere
879 989 1016 1043 potui,
1058 988 1381 1044 circumspectis
1431 990 1555 1030 rebus
1595 989 1702 1030 meis

263 1045 479 1095 omnibus,
498 1044 820 1100 iationibusque
851 1045 1088 1094 subductis,
1118 1059 1326 1108 summam
1358 1046 1440 1088 feci
1471 1046 1703 1102 cogitatio-

262 1117 366 1143 num
398 1116 588 1142 mearum
619 1101 844 1143 omnium:
874 1116 1006 1156 quam
1037 1077 1133 1153 tibi,
1155 1101 1188 1142 si
1220 1111 1386 1158 potero,
1411 1103 1597 1144 breviter
1626 1117 1704 1144 ex-

262 1173 436 1215 ponam.

320 1215 432 1273 Ego,
473 1216 507 1257 si
546 1216 600 1257 ab
641 1214 849 1280 improbis
884 1222 928 1255 et
952 1214 1144 1278 ,perditis
1185 1214 1354 1256 civibus
1394 1216 1705 1272 rempublicam

263 1274 397 1316 teneri
430 1273 634 1324 viderem,
664 1273 776 1313 sicut
803 1280 848 1312 ct
879 1271 985 1312 meis
1018 1273 1281 1327 temporibus
1316 1273 1488 1324 scimus,
1520 1283 1564 1314 et
1595 1288 1704 1314 non-

261 1330 388 1371 nullis
423 1330 515 1372 aliis
548 1330 756 1371 accidisse
791 1328 1052 1384 accepimus,
1088 1343 1174 1370 non
1208 1329 1336 1370 modo
1371 1331 1573 1386 piaemiis,
1605 1345 1703 1385 quae

262 1388 375 1443 apud
399 1402 467 1428 me
489 1387 715 1428 minimum
738 1385 894 1437 valent,
917 1385 988 1426 sed
1011 1400 1065 1427 ne
1093 1386 1292 1442 periculis
1314 1387 1487 1441 quidem
1509 1387 1704 1451 compul-

262 1459 331 1485 sus
364 1444 474 1496 ullis,
496 1445 652 1499 quibus
682 1452 825 1484 tamen
858 1452 1086 1484 moventur
1118 1443 1249 1483 etiam
1279 1443 1502 1485 fortissimi
1533 1459 1628 1495 vni,
1650 1443 1704 1485 ad

261 1516 409 1542 eorum
443 1515 615 1542 causam
648 1514 717 1541 me
743 1499 1049 1555 adjunger3em
1079 1513 1134 1540 ne
1163 1500 1198 1539 si
1231 1514 1396 1541 summa
1428 1501 1602 1556 quidem
1632 1515 1705 1542 eo-

261 1573 355 1599 111111
378 1558 421 1598 in
443 1572 512 1598 me
533 1558 687 1598 merita
707 1564 968 1598 constarent.
1008 1556 1121 1599 Cum
1144 1564 1288 1598 autem
1311 1557 1354 1598 in
1376 1557 1596 1622 republica
1619 1557 1702 1599 Cn.

263 1615 497 1671 Pompeius
519 1615 719 1670 princeps
739 1621 865 1664 esset,
886 1612 951 1654 vir
972 1614 1022 1665 is,
1043 1613 1117 1670 qui
1139 1613 1250 1655 hane
1273 1615 1510 1670 potentiam
1533 1624 1577 1656 et
1607 1615 1700 1671 glo-

262 1672 369 1713 riam
399 1672 600 1713 maximis
630 1671 675 1712 in
705 1669 1016 1725 rempublicam
1046 1670 1224 1733 meritis,
1249 1671 1700 1727 praestantissimisque

262 1730 388 1770 rebus
425 1729 556 1784 gestis
597 1735 708 1769 esset
738 1736 1010 1780 consecutus,
1040 1727 1248 1783 cujusque
1277 1742 1360 1784 ego
1391 1728 1615 1785 dignitatis
1645 1730 1702 1770 ab

262 1785 550 1827 adolescentia
571 1784 728 1835 fautor
751 1784 794 1825 in
816 1792 1003 1841 praetura
1024 1793 1167 1826 autem
1189 1793 1232 1826 et
1253 1784 1297 1825 in
1303 1761 1552 1827 t>consulatu
1576 1785 1701 1841 adiu-

264 1852 331 1884 tor
353 1843 482 1884 etiam
503 1842 790 1884 exstitissem:
813 1856 997 1898 cumque
1015 1841 1128 1883 idem
1146 1842 1403 1883 auctoritate
1423 1853 1467 1884 et
1488 1843 1702 1884 sententia

264 1914 340 1955 per
361 1915 418 1951 se,
440 1899 629 1941 consiliis
663 1907 707 1940 et
739 1898 891 1940 studiis
925 1908 1066 1940 tecum
1102 1913 1170 1940 me
1201 1899 1450 1954 adjuvisset,
1472 1914 1703 1955 meumque

264 1957 488 1998 inimicum
510 1971 643 1998 unum
666 1956 709 1998 in
739 1955 916 1998 civitate
944 1955 1122 1997 haberet
1154 1956 1401 1999 inimicum:
1433 1972 1519 1998 non
1554 1957 1702 2013 putavi

265 2013 424 2055 famam
447 2013 750 2055 inconstantiae
776 2011 882 2054 mihi
905 2013 1304 2069 pertimescendam,
1327 2013 1360 2054 si
1379 2014 1668 2069 quibusdam
1658 2029 1704 2056 m

266 2070 488 2112 sententiis
523 2070 713 2135 paullum
744 2083 814 2111 me
849 2070 1157 2122 immutassem,
1180 2084 1409 2135 meamque
1438 2071 1704 2113 voluntatem

266 2128 318 2169 ad
341 2128 495 2170 summi
519 2127 614 2177 viri,
635 2128 689 2169 de
709 2141 863 2182 meque
891 2127 1055 2183 optime
1086 2127 1227 2168 meriti
1259 2127 1516 2183 dignitatem
1549 2143 1573 2168 a
1576 2142 1704 2184 g·g1e-

222 2190 253 2222 b.
267 2198 449 2240 gassem.
511 2184 562 2226 In
594 2184 674 2226 hac
695 2184 909 2226 sententia
928 2183 1277 2240 complectendus
1299 2193 1389 2225 erat
1409 2185 1515 2226 mihi
1539 2185 1703 2237 Caesa1,

266 2251 314 2282 ut
336 2242 469 2292 vides,
490 2241 588 2282 48111
620 2242 854 2297 conjuncta
884 2249 927 2282 et
956 2256 1086 2283 causa
1113 2250 1157 2282 et
1187 2242 1412 2297 dignitate.
1475 2241 1563 2284 Hic
1594 2241 1704 2282 mul-

266 2306 357 2340 tum
381 2314 403 2340 v
408 2274 514 2339 aliiit
545 2312 642 2339 cum
669 2309 788 2339 vetus
822 2298 1028 2350 amicitia,
1050 2313 1179 2354 quam
1212 2306 1258 2339 tu
1281 2313 1367 2339 non
1399 2299 1571 2362 ignoras
1593 2299 1701 2340 mihi

262 2364 307 2397 et
331 2356 387 2402 Q
407 2355 525 2396 fratri
549 2369 647 2396 cum
671 2354 843 2396 Caesare
864 2354 1009 2406 fuisse,
1030 2363 1122 2396 tum
1144 2355 1388 2397 humanitas
1410 2370 1502 2410 eJus
1523 2371 1573 2397 ac
1594 2355 1702 2396 libe·

261 2412 421 2463 ralitas,
444 2412 563 2453 blevi
594 2421 786 2467 tempore
817 2419 861 2452 et
890 2411 1043 2453 litteris
1074 2420 1117 2453 et
1145 2412 1299 2454 officiis
1331 2421 1555 2468 perspecta
1573 2413 1702 2455 nobis

261 2478 305 2511 et
336 2469 526 2525 cognita.
550 2469 823 2510 vehementer
854 2469 984 2510 etiam
1017 2483 1082 2510 res
1115 2469 1207 2526 ipsa
1239 2469 1413 2525 publica
1445 2484 1513 2510 me
1545 2470 1699 2521 movit,

260 2541 358 2581 quae
389 2525 495 2567 mihi
520 2526 745 2566 videbatur
774 2526 1111 2590 contentionem,
1135 2526 1371 2582 plmaeseltim
1402 2526 1604 2567 maximis
1635 2541 1702 2567 re-

260 2583 339 2624 bus
361 2599 387 2625 a
409 2582 579 2624 Caesare
602 2582 749 2638 gestis,
775 2597 875 2623 cum
896 2582 976 2624 illis
1001 2583 1101 2625 vilis
1123 2583 1236 2625 nolle
1257 2582 1372 2625 fieri:
1405 2591 1463 2634 et,
1487 2598 1540 2624 ne
1561 2583 1698 2637 fieret,

297 2736 337 2766 47
362 2734 477 2764 bonum
498 2735 609 2763 virum
630 2742 694 2763 esse
709 2731 799 2772 pat]
829 2732 893 2773 Qui
918 2733 955 2763 fi.
1038 2735 1079 2764 43
1101 2733 1137 2763 in
1163 2733 1248 2775 conj.
1274 2738 1305 2764 et
1330 2742 1431 2764 causa
1456 2737 1487 2763 et
1507 2733 1556 2773 ιζ]
1583 2734 1619 2765 in
1641 2743 1699 2766 mo

256 2774 329 2846 detm
348 2775 501 2815 Pompeio
517 2775 555 2807 de
571 2775 697 2807 Caesare
712 2774 825 2817 datam
846 2784 955 2808 serva-
996 2775 1182 2815 paullulum
1196 2776 1344 2809 offendit.
1360 2780 1469 2818 potest
1481 2775 1605 2808 abesse„

258 2826 290 2846 Fe
311 2840 317 2846 .
