1860 3228
275 114 350 154 17‘0
632 113 812 152 EPIST.
839 114 1022 152 LIBER
1048 115 1343 156 SEPTIMUS

231 229 261 261 b.
615 217 850 260 CICERO
878 204 1192 262 TREBATIO
1230 221 1273 261 S.
1309 221 1365 263 D.

273 271 617 326 ILLUSERAS
640 285 728 327 heri
752 287 862 327 inter
884 286 1083 343 scyphOS,
1107 289 1221 342 quod
1245 289 1454 338 dixeram,
1475 292 1516 322 74
1528 296 1701 328 contro-

272 340 452 381 versiam
476 356 580 392 esse,
606 352 803 397 possetne
834 344 970 394 heres,
1001 345 1116 398 quod
1149 344 1309 386 furtum
1333 348 1373 379 75
1387 354 1514 385 antea
1535 343 1699 385 factum

270 405 395 448 esset,
419 397 519 439 furti
545 409 658 440 reete
678 413 818 454 agere.
864 399 1028 454 Itaque,
1050 401 1129 440 etsi
1151 402 1326 442 domuin
1353 403 1459 442 bene
1483 410 1610 456 potus
1634 415 1698 441 se-

271 469 404 510 roque
437 456 657 506 redieram,
690 466 830 496 tamen
863 458 957 496 76id
994 468 1139 512 caput,
1175 459 1246 499 ubi
1281 459 1374 500 baec
1407 457 1700 499 controversia

270 522 350 563 est,
374 513 534 562 notavi,
553 523 596 552 et
624 513 886 567 descriptum
919 513 994 552 tibi
1022 514 1142 554 misi:
1175 524 1223 555 ut
1245 516 1387 565 scires,
1420 516 1476 564 id,
1506 514 1620 569 quod
1651 523 1698 554 tu

267 571 308 603 77
323 570 534 609 neminem
558 570 736 609 sensisse
757 570 946 619 dicebas,
969 569 1070 610 Sex.
1094 569 1272 620 AElium,
1293 575 1332 605 78
1349 572 1426 613 M'.
1451 571 1700 621 Manilium,

270 623 338 666 M.
363 625 544 666 Brutum
568 627 760 667 sensisse.
813 625 908 682 Ego
932 636 1073 667 tamen
1098 626 1307 668 Scaevolae
1329 639 1372 668 et
1392 630 1532 672 Testae
1556 642 1699 669 assen-

270 682 366 722 tior.
426 682 547 723 Vale.

195 764 250 800 23
319 794 324 798 .
777 760 1180 798 ARGUMENTUM.

260 823 376 872 Signa
403 825 565 870 quaedam
595 827 629 857 et
662 827 804 858 statuas
834 823 1009 863 Ciceroni,
1041 825 1162 870 potius
1194 824 1336 859 tabulas
1365 825 1482 871 pictas
1517 827 1691 872 cupienti,

316 876 443 911 Gallus
469 879 615 910 emerat.
672 875 729 910 Ex
758 876 830 910 illis
857 875 1069 911 enuionilms
1094 876 1234 911 nullam
1253 888 1276 910 a
1292 888 1329 911 se
1347 877 1546 912 desiderari
1569 877 1693 913 Cicero

308 928 494 963 rescribit:
523 928 632 962 simul
651 932 799 973 gratum
814 927 882 962 sibi
900 939 972 962 esse
988 928 1184 976 significat,
1203 929 1300 976 quod
1327 929 1471 963 domum
1487 930 1692 976 proximam

309 980 397 1015 velit
415 980 618 1015 conducere.
673 980 779 1014 Anno
797 981 944 1014 incerto.

542 1044 776 1086 CICERO
808 1045 852 1085 S.
878 1044 935 1085 D.
968 1045 1156 1087 FABIO
1189 1045 1410 1087 GALLO.

255 1102 527 1155 TANTUM
551 1112 664 1168 quod
697 1127 751 1153 ex
773 1112 973 1167 Arpinati
998 1127 1210 1163 veneram,
1231 1128 1329 1162 cum
1362 1113 1467 1154 mihi
1496 1129 1520 1154 a
1551 1123 1592 1154 te
1623 1114 1692 1154 lit-

256 1179 357 1212 terae
402 1170 578 1211 redditae
617 1179 741 1211 sunt:
773 1169 828 1210 ab
867 1169 1104 1224 eodemque
1142 1170 1289 1226 accepi
1328 1169 1536 1211 ⁷9Aviani
1572 1170 1692 1225 ‚litte-

255 1242 347 1279 ras3
379 1227 419 1267 in
444 1227 599 1282 quibus
627 1226 709 1267 hoc
741 1227 877 1267 inerat
908 1226 1267 1278 liberalissimum,
1289 1227 1466 1268 nomina
1487 1242 1530 1268 se
1552 1225 1692 1268 factu-

254 1299 364 1335 rum,
394 1298 492 1325 cum
526 1284 724 1334 venisset,
754 1298 840 1338 qua
869 1298 952 1339 ego
984 1283 1131 1324 veliem
1165 1284 1248 1324 die.
1311 1283 1411 1334 Fac,
1433 1299 1595 1339 quaeso,
1617 1283 1691 1339 qui

253 1356 336 1397 ego
358 1356 467 1392 sum,
489 1355 580 1381 esse
601 1351 655 1381 te.
678 1350 798 1380 estne
820 1350 893 1380 aut
923 1339 984 1380 tui
1008 1340 1198 1396 pudoris,
1221 1349 1295 1381 aut
1331 1341 1481 1391 nostri,
1505 1341 1690 1397 primum

254 1413 404 1455 rogare
427 1398 480 1439 de
503 1399 601 1439 die:
635 1397 788 1437 deinde
812 1397 904 1452 plus
936 1411 1079 1438 annua
1112 1396 1360 1452 postulare?
1412 1397 1496 1438 Sed
1532 1407 1689 1448 essent,

252 1456 311 1496 mi
347 1455 486 1506 Galle,
508 1455 653 1495 omnia
685 1453 842 1503 facilia,
866 1453 900 1493 si
933 1462 976 1493 et
1009 1469 1059 1494 ea
1092 1464 1303 1494 mercatus
1336 1468 1463 1504 esses,
1485 1469 1582 1509 quae
1605 1469 1688 1510 ego

250 1512 560 1562 desiderabam,
581 1521 624 1551 et
646 1510 697 1551 ad
721 1525 813 1551 eam
835 1524 1060 1560 summam,
1082 1525 1212 1564 quam
1237 1509 1467 1551 volueram.
1509 1509 1688 1550 80Atta-

249 1583 348 1610 men
370 1569 449 1609 ista
473 1569 578 1624 ipsa,
600 1582 696 1622 quae
722 1577 762 1608 te
786 1567 939 1607 emisse
972 1567 1137 1617 scribis,
1160 1581 1244 1607 non
1281 1566 1418 1607 solum
1452 1576 1544 1607 rata
1575 1566 1685 1608 mihi

248 1635 388 1677 erunt,
411 1626 482 1667 sed
514 1625 643 1666 etiam
678 1634 814 1680 grata.
850 1624 974 1680 plane
1007 1624 1122 1664 enim
1151 1623 1359 1679 intelligo,
1384 1632 1424 1664 te
1446 1638 1532 1664 non
1554 1624 1685 1665 modo

246 1683 403 1734 studio,
427 1683 498 1724 sed
530 1682 660 1723 etiam
693 1695 838 1721 amore
873 1695 1010 1731 usum,
1033 1695 1130 1736 quae
1165 1690 1206 1721 tc
1240 1680 1507 1731 delectarint,
1543 1679 1683 1721 homi-

244 1753 358 1790 nem,
383 1750 428 1780 ut
449 1754 531 1795 ego
559 1752 724 1794 semper
749 1737 960 1793 judicavi,
986 1737 1026 1778 in
1063 1736 1179 1778 omni
1209 1737 1380 1792 judicio
1412 1737 1680 1792 elegantissi-

242 1810 376 1848 mum,
399 1800 434 1828 8¹
452 1812 549 1852 quae
572 1810 639 1836 me
672 1795 805 1850 digna
839 1795 1016 1850 putaris,
1038 1794 1262 1835 coemisse.
1323 1793 1407 1834 Sed
1431 1795 1557 1834 velim
1591 1809 1681 1835 ma-

242 1865 342 1894 neat
364 1853 656 1909 Damasippus
690 1852 730 1891 in
755 1851 982 1891 sententia.
1006 1865 1177 1905 prorsus
1198 1851 1312 1891 enim
1335 1865 1389 1891 ex
1413 1851 1506 1891 istis
1526 1851 1681 1892 emtio-

242 1910 368 1951 nibus
407 1910 564 1951 nullam
601 1909 810 1951 desidem.
870 1906 936 1948 Tu
975 1917 1118 1948 autem
1149 1907 1324 1963 ignarus
1361 1907 1547 1949 instituti
1577 1908 1678 1959 mei,

241 1968 390 2022 quanti
413 1982 495 2023 ego
518 1981 653 2023 genus
680 1965 857 2006 omnino
893 1965 1114 2020 signorum
1148 1964 1340 2005 omnium
1375 1979 1461 2006 non
1493 1965 1678 2016 aestirno,

241 2026 346 2065 tanti
373 2025 454 2065 ista
472 2033 670 2079 quatuor,
693 2031 766 2063 aut
785 2021 975 2076 quinque
998 2021 1202 2062 sumsisti.
1235 2021 1429 2062 Bacchas
1452 2023 1553 2062 istas
1575 2036 1675 2062 cum

102 2095 136 2125 p.
156 2087 226 2118 106.
242 2080 383 2122 Musis
407 2081 575 2122 Metelli
598 2093 837 2134 comparas.
889 2078 1006 2125 Quid
1030 2077 1198 2120 simile?
1229 2078 1431 2134 primum,
1455 2079 1567 2134 ipsas
1591 2093 1674 2135 ego

197 2137 390 2180 a'Musas
413 2152 644 2193 numquam
669 2135 777 2176 tanti
801 2144 1015 2191 putassem
1036 2152 1045 2177 ε
1077 2144 1206 2189 atque
1237 2136 1278 2175 id
1312 2134 1507 2176 fecissem
1531 2135 1674 2176 Musis

236 2197 436 2236 omnibus
459 2193 815 2251 approbantibus.
836 2192 907 2232 sed
932 2201 1073 2233 tamen
1096 2202 1187 2233 erat
1209 2202 1356 2248 aptum
1379 2192 1674 2243 bibliothecae,

233 2253 470 2307 studiisque
503 2251 659 2292 nostris
693 2263 950 2306 congruens.
1013 2249 1196 2291 Bacchis
1220 2264 1319 2290 vero
1354 2249 1426 2290 ubi
1457 2259 1522 2291 est
1558 2249 1672 2307 apud

274 2390 315 2420 74
337 2385 587 2417 controversiam
603 2382 681 2422 esse]
708 2382 812 2412 Possit
827 2382 928 2412 videri
1013 2386 1054 2417 79
1075 2383 1211 2422 Aviani]
1242 2384 1296 2414 Sic
1320 2389 1354 2415 et
1380 2385 1433 2415 hie
1458 2383 1582 2415 correxi
1613 2393 1671 2424 pro

230 2434 470 2460 controversum
483 2437 557 2458 esse.
581 2425 644 2456 Sed
658 2430 691 2455 et
707 2435 782 2454 mox
797 2430 859 2462 est,
874 2425 929 2455 ubi
970 2426 1105 2456 Avianiz‘
1127 2432 1160 2455 et
1183 2426 1273 2463 alibi,
1294 2431 1331 2456 ut
1353 2432 1386 2457 ct
1409 2427 1555 2457 Graevius
1578 2426 1668 2457 fecit.

232 2473 298 2501 Ιιαό
311 2470 525 2502 controversia
541 2473 597 2499 est.
971 2468 1016 2497 sic
1032 2467 1104 2497 edd.
1120 2477 1169 2507 pr.

272 2517 313 2547 75
326 2511 562 2551 anleasactmn
577 2509 669 2549 esset]
687 2519 731 2540 sc.
743 2518 839 2548 quam
851 2509 929 2539 scri·
1014 2512 1054 2540 80
1075 2510 1244 2550 Attamen]
1293 2510 1439 2541 Graevius
1469 2521 1487 2540 e
1515 2509 1594 2540 Mss.
1621 2509 1670 2540 Ac

230 2559 306 2595 ptus
322 2556 414 2586 heres
429 2559 526 2584 esset.
967 2555 1090 2582 tamen.

273 2599 313 2631 76
328 2598 482 2637 idcnput,
498 2596 552 2626 ubi
564 2596 629 2626 haec
639 2605 667 2625 c.
680 2593 740 2634 est]
755 2602 798 2623 sc.
814 2593 923 2624 locum
1011 2596 1044 2623 8}
1072 2603 1143 2633 quoe
1166 2604 1216 2623 mc
1243 2594 1346 2632 digna
1371 2593 1517 2634 putaris]
1544 2594 1587 2624 At
1611 2594 1665 2625 Ci-

229 2648 248 2669 e
264 2639 346 2669 libro
360 2639 451 2670 JCti.
967 2645 1042 2665 cero
1057 2636 1135 2665 satis
1151 2637 1317 2675 perspicue
1338 2642 1449 2675 negat,
1465 2646 1503 2666 ea
1519 2645 1552 2665 sc
1568 2636 1667 2675 digna

271 2685 310 2715 77
335 2682 495 2712 neminem
517 2678 662 2718 sensisse]
687 2688 731 2708 sc.
752 2687 817 2708 non
832 2687 925 2718 posse
967 2683 1000 2706 et
1023 2688 1082 2707 sno
1105 2677 1242 2707 consilio
1264 2684 1342 2717 apta
1363 2688 1451 2708 csse:
1478 2687 1537 2707 nec
1559 2678 1666 2708 cohae-

228 2722 378 2754 heredem
395 2723 474 2753 furti
485 2732 594 2761 agere,
611 2721 697 2761 quod
706 2725 784 2751 ante
798 2721 921 2751 factum
967 2723 1016 2749 rot
1034 2719 1114 2750 bene
1131 2728 1204 2749 cum
1221 2721 1440 2760 superioribus
1455 2732 1460 2748 :
1485 2729 1556 2759 quoe
1569 2723 1600 2750 te
1614 2721 1667 2750 ‹Ie—

227 2770 323 2801 esset,
340 2776 437 2804 quam
453 2766 520 2804 ipse
536 2764 628 2794 heres
643 2763 783 2803 scriptus
798 2767 893 2793 esset.
966 2763 1128 2792 lec-tarint.
1175 2761 1260 2791 Puto
1281 2762 1434 2792 excidisse
1457 2771 1532 2798 non,
1551 2769 1585 2792 et.
1608 2763 1662 2794 C'r-

270 2810 310 2840 78
333 2808 394 2838 M'.
420 2805 616 2846 lilanilium]
640 2805 729 2837 Male
752 2804 850 2845 vulgo
872 2804 922 2835 M.
965 2813 1116 2834 cei-onem
1132 2803 1310 2843 scripsisse:
1327 2814 1397 2844 quoe
1411 2808 1441 2833 te
1456 2804 1660 2841 delectarint,

226 2848 417 2880 Manilium.
964 2855 1070 2876 -non
1085 2854 1154 2886 qua>
1169 2855 1220 2877 mc
1234 2846 1337 2885 digna
1347 2847 1489 2887 putaris.
