1860 3228
498 93 577 132 AD
602 93 659 133 M.
679 91 932 132 MARmM
957 92 1032 144 ΕΤ
1057 90 1340 131 CETEROS.
1561 99 1632 139 1¹71

203 211 271 238 me
291 195 440 240 locus?
485 197 546 239 At
568 195 791 261 pulchellae
814 205 927 238 sunt.
990 195 1105 236 Novi
1128 198 1307 252 optime,
1329 205 1372 237 et
1394 210 1509 252 saepe
1533 198 1634 240 vidi.

204 256 458 297 nominatim
494 256 573 296 tibi
610 268 733 310 Signa
754 253 861 294 mihi
883 263 987 294 nota
1008 253 1291 304 mandassem,
1315 255 1348 294 si
1372 254 1633 308 probassem.

205 310 269 352 Ea
289 313 403 353 enim
425 313 548 368 sinna
567 325 650 366 ego
647 288 809 352 e'emere
831 309 1070 375 soleo,quae
1091 310 1144 351 ad
1162 310 1486 351 similitudinem
1510 324 1635 365 gym-

204 370 421 410 nasiorum
443 377 654 410 exornent
675 367 780 409 mihi
802 367 896 408 82in
921 367 1118 423 palaestra
1139 366 1296 408 locum.
1358 366 1515 408 Martis
1536 381 1634 408 vero

204 425 375 481 signum
398 440 482 490 quo
504 425 610 466 mihi
645 425 762 481 pacis
795 425 988 466 auctori?
1050 423 1231 465 Gaudeo
1265 423 1427 464 nullum
1461 423 1635 465 Saturni

202 496 370 538 Signum
395 482 538 522 fuisse.
561 484 600 513 83
616 481 709 523 liaec
731 482 844 522 enim
862 481 948 522 duo
967 481 1090 537 signa
1114 492 1307 537 putarem
1328 481 1432 522 mihi
1456 495 1514 521 aes
1534 480 1636 522 alie-

201 552 306 579 num
327 539 533 581 attulisse.
591 538 800 580 Mercurii
823 538 988 579 mallem
1013 539 1186 594 aliquod
1211 538 1376 579 fuisset.
1398 541 1438 570 84
1452 537 1635 590 felicius,

200 605 322 651 puto,
342 611 440 637 cum
463 595 632 636 Avi-ano
667 596 902 652 transigere
934 609 1170 651 possemus.
1233 596 1362 642 Quod
1398 595 1477 636 tibi
1504 595 1636 637 desti-

201 666 322 692 naras
361 653 721 709 trapezophoron,
758 654 791 693 si
802 631 873 694 ote
911 652 1110 703 delectat,
1146 652 1350 693 habebis:
1386 653 1448 692 sin
1489 661 1635 694 autem

201 710 456 750 sententiam
478 711 670 761 mutasti,
691 725 772 767 ego
795 709 964 751 habebo
988 709 1165 750 scilicet.
1212 708 1302 750 Ista
1323 709 1495 764 quidem
1521 724 1636 750 surn-

199 779 270 806 ma
290 780 357 807 nae
380 781 462 823 ego
485 767 621 808 multo
642 744 845 808 libentius
867 767 1042 807 emerim
1071 766 1352 807 diversorium
1374 765 1634 818 Tarracinae,

200 836 253 863 ne
275 837 442 880 semper
463 824 625 880 hospiti
647 825 849 866 molestus
874 825 968 864 sim.
1023 824 1214 865 Omnino
1236 823 1379 864 liberti
1401 824 1484 864 mei
1509 824 1634 865 video

197 894 288 921 esse
309 882 495 937 culpam,
514 896 583 922 cui
607 881 731 938 plane
753 895 816 922 ies
839 891 976 922 certas
996 881 1264 921 mandaram·
1256 881 1478 936 ‚itemque
1495 880 1634 932 Junii,

199 951 328 992 quem
351 949 456 994 puto
481 939 559 979 tibi
585 948 736 980 notum
767 953 872 989 esse,
895 937 1052 979 Aviani
1084 937 1353 978 familiarem.
1416 937 1637 980 Exhedria

198 994 399 1048 quaedam
420 995 526 1036 mihi
550 1011 661 1036 nova
684 1005 780 1037 sunt
804 996 1001 1036 instituta
1023 997 1065 1036 in
1089 994 1564 1051 porticulaTusculani.
1586 1010 1637 1037 ea

200 1050 395 1093 volebam
428 1052 594 1093 tabellis
623 1068 788 1094 omare.
811 1054 985 1101 etenim,
1010 1053 1042 1093 si
1065 1052 1168 1107 quid
1201 1053 1368 1116 generis
1391 1053 1634 1094 istiusmodi

197 1122 268 1149 me
288 1109 488 1160 delectat,
511 1109 678 1165 pictura
699 1109 897 1151 delectat.
959 1085 1041 1150 Sed
1066 1120 1224 1159 tamen,
1247 1124 1279 1149 Sl
1304 1109 1384 1150 ista
1406 1109 1513 1150 mihi
1536 1122 1636 1151 sunt

198 1164 411 1217 habenda,
443 1167 670 1208 certiorem
695 1167 819 1208 velim
851 1181 920 1208 me
955 1167 1102 1229 facias,
1135 1167 1206 1206 ubi
1241 1166 1340 1215 sint,
1363 1167 1534 1221 quando
1570 1182 1636 1208 ar-

199 1234 532 1286 cessantur,quo
552 1238 708 1280 genere
729 1233 929 1264 vecturae.
962 1223 1006 1263 Si
1030 1223 1145 1263 enim
1162 1198 1484 1278 Damasippus
1475 1238 1519 1264 in
1541 1239 1638 1265 sen-

199 1279 336 1320 tentia
368 1294 455 1320 non
489 1281 696 1331 manebit,
725 1279 910 1335 aliquem
944 1279 1408 1335 pseudodamasippum
1440 1281 1506 1321 vel
1537 1295 1636 1322 cum

189 1335 364 1391 jactura
385 1337 659 1392 reperiemus.
720 1337 851 1384 Quod
883 1336 934 1378 ad
969 1351 1038 1377 me
1067 1337 1120 1376 de
1140 1335 1270 1376 domo
1293 1337 1475 1377 scribis
1466 1350 1637 1390 iterum,

189 1407 286 1448 jam
316 1393 358 1434 id
392 1408 475 1450 ego
498 1396 537 1425 85
552 1394 828 1451 proficiscens
858 1393 1104 1435 mandaram
1130 1407 1237 1434 meae
1259 1392 1427 1435 Tulliae.
1451 1409 1501 1435 ea
1521 1395 1637 1437 enim

196 1451 293 1505 ipsa
311 1427 444 1492 horae>
440 1466 689 1507 acceperam
715 1461 809 1491 tuas
836 1450 1015 1492 litteras.
1076 1449 1259 1506 Egeram
1285 1451 1416 1492 etiam
1439 1467 1536 1493 cum
1561 1462 1637 1493 tuo

199 1507 344 1559 Nicia,
365 1508 481 1571 quod
505 1522 539 1548 is
563 1510 711 1559 utitur,
735 1518 783 1549 ut
809 1509 906 1558 scis,
931 1507 1198 1548 familiariter
1220 1507 1387 1549 Cassio.
1448 1509 1509 1551 Ut
1531 1509 1681 1550 rediib.

199 1573 359 1615 autem,
391 1579 522 1621 prius,
544 1580 675 1620 quam
708 1575 802 1606 tuas
834 1565 919 1621 legi
952 1565 1029 1605 has
1064 1565 1283 1620 proximas
1318 1565 1496 1617 litteras,
1518 1582 1638 1622 quae-

201 1621 279 1662 sivi
301 1622 355 1662 de
377 1636 472 1662 mea
494 1621 647 1673 Tullia,
668 1638 713 1678 q·
700 1621 771 1663 nid
805 1622 978 1686 egisset.
1003 1636 1076 1679 per
1112 1621 1321 1662 Liciniam
1348 1637 1392 1664 se
1413 1625 1552 1679 eoisse
1574 1624 1640 1665 di-

199 1679 339 1719 cebat.
363 1679 435 1719 sed
458 1679 627 1734 opinor,
652 1679 851 1720 Cassium
875 1680 936 1719 uti
961 1694 1047 1719 non
1072 1679 1131 1719 ita
1154 1678 1335 1719 multum
1362 1695 1520 1721 sororme
1544 1695 1639 1722 eam

198 1750 328 1800 porro
351 1750 507 1792 negare
528 1750 573 1777 se
594 1737 763 1786 andere,
783 1750 882 1777 cum
905 1737 969 1776 vir
989 1736 1158 1776 abesset
1175 1739 1259 1789 (est
1281 1737 1394 1777 enirn
1420 1738 1639 1801 profectus

198 1794 242 1833 in
268 1770 526 1848 Hispaniam
551 1791 739 1844 Dexius)
759 1793 830 1834 illo
852 1803 895 1833 et
916 1793 1108 1842 absente,
1126 1802 1169 1833 et
1191 1794 1415 1844 insciente,
1439 1809 1639 1850 migrare.

200 1848 280 1890 Est
301 1850 408 1891 mihi
432 1851 739 1906 gratissimum,
762 1850 871 1891 tanti
894 1866 919 1891 a
938 1860 980 1890 te
1001 1850 1260 1891 aestimatam
1283 1853 1639 1894 consuetudinem

200 1908 303 1948 vitae
337 1907 562 1962 victusque
594 1908 760 1949 nostri:
796 1907 997 1964 primum,
1020 1917 1068 1948 ut
1099 1922 1192 1948 eam
1226 1908 1401 1949 domum
1437 1924 1640 1961 sumereS,

200 1974 250 2006 ut
271 1979 355 2006 non
379 1965 508 2005 modo
531 1979 666 2021 prope
686 1979 770 2015 me,
790 1965 862 2006 sed
887 1964 1011 2020 plane
1040 1979 1208 2005 mecum
1242 1965 1437 2006 habitare
1464 1981 1638 2031 posses:

199 2022 356 2063 deinde
378 2033 425 2062 ut
445 2022 630 2077 migrare
651 2023 692 2054 86
706 2032 826 2063 tanto
849 2036 978 2077 opere
1000 2020 1238 2063 festinares.
1299 2022 1383 2064 Sed
1405 2038 1458 2064 ne
1482 2025 1638 2074 vivam,

201 2080 235 2120 si
258 2080 338 2120 tibi
360 2080 568 2130 concedo,
590 2090 638 2121 ut
659 2079 752 2144 ejus
775 2079 834 2120 rei
857 2088 903 2119 tu
925 2079 1124 2143 cupidior
1155 2079 1226 2130 sis,
1248 2094 1377 2134 quam
1410 2095 1493 2136 ego
1528 2096 1639 2123 sum.

200 2135 355 2191 Itaque
388 2136 533 2176 omnia
569 2137 782 2207 experiar.
841 2136 980 2177 Video
1016 2136 1146 2186 enim,
1183 2136 1288 2191 quid
1326 2151 1421 2178 mea
1455 2138 1640 2190 intersit,

199 2194 304 2248 quid
337 2193 558 2247 utriusque
593 2193 805 2234 nostrum.
866 2193 912 2234 Si
945 2193 1048 2248 quid
1081 2207 1225 2249 egero,
1247 2193 1403 2236 faciam
1434 2204 1482 2236 ut
1515 2195 1640 2237 scias.

199 2250 265 2292 Tu
289 2259 332 2291 et
364 2250 417 2291 ad
451 2250 598 2291 omnia
630 2251 852 2300 rescribes,
874 2261 918 2291 et
938 2249 1110 2305 quando
1148 2260 1190 2291 te
1221 2260 1486 2308 exspectem,
1507 2252 1639 2295 facies

199 2322 284 2360 me,
307 2309 340 2348 si
364 2307 444 2348 tibi
468 2307 650 2360 videtur,
674 2308 916 2349 certiorem.

242 2440 283 2470 82
304 2438 339 2468 in
357 2438 518 2477 palaestra
540 2436 660 2476 locum]
684 2436 813 2477 Nempe
829 2445 898 2467 cer·
940 2435 1088 2467 dubitavi
1113 2437 1275 2477 corrigere
1297 2437 1472 2477 vulgatum
1500 2438 1640 2468 manda-

198 2483 286 2516 tum,
301 2486 341 2510 ut
354 2485 429 2520 post
444 2484 507 2516 est,
521 2481 668 2510 exedi-ia.
942 2479 1028 2509 bam.
1061 2479 1217 2519 Sequitur
1230 2486 1264 2510 et
1277 2489 1479 2519 acceperam,
1494 2489 1642 2518 egeram.

242 2525 281 2554 83
304 2524 370 2553 haec
383 2522 446 2552 duo
459 2523 558 2561 signa
574 2522 650 2561 &c.]
668 2531 714 2552 sc.
729 2521 807 2560 quia
821 2524 901 2551 sunt
941 2521 987 2551 sic
1003 2526 1116 2552 tamen
1131 2522 1265 2553 tandem
1280 2527 1330 2553 est
1346 2524 1380 2552 in
1395 2522 1446 2552 ed.
1462 2522 1557 2552 Rom.

199 2565 294 2605 signa
309 2566 457 2597 Deorum
471 2564 631 2602 tristium,
649 2574 709 2595 nec
725 2564 801 2594 boni
818 2564 902 2594 omi·
985 2564 1026 2595 86
1049 2567 1140 2594 tanto
1154 2574 1246 2604 opere
1247 2564 1445 2604 festinares]
1465 2563 1553 2594 Male
1567 2563 1641 2594 vul-

198 2608 262 2638 nis.
943 2615 987 2645 go
1003 2604 1156 2645 festines,
1179 2617 1254 2636 cum
1279 2605 1466 2647 praecedant
1485 2615 1641 2643 sumeres,

243 2647 425 2688 84selicius
431 2648 529 2689 puto]
542 2649 655 2680 Placet
665 2645 806 2680 Victorii
820 2657 899 2678 con
935 2657 1063 2687 posses:
1085 2654 1120 2679 et
1142 2649 1288 2690 pendent
1309 2649 1380 2680 haec
1397 2649 1510 2679 omnia
1524 2658 1544 2680 a
1555 2650 1642 2680 tanti

193 2690 481 2732 jecturafacilius.
942 2691 1139 2722 oestimatam
1154 2701 1228 2723 esse.

241 2736 281 2766 85
297 2734 504 2775 prtfieiseens
521 2732 738 2773 memdaram]
763 2733 816 2764 Sic
831 2741 899 2764 non
