1903 3218
338 83 415 125 272
714 81 891 120 EPIST.
919 81 1106 120 LIBER
1130 80 1400 130 DECIMUS

341 184 632 228 Octavianum
663 185 892 227 cecidisse:
915 190 1031 240 (quae
1063 185 1113 235 si,
1135 185 1250 241 quod
1272 184 1331 225 dii
1360 182 1641 239 prohibeant!
1675 196 1773 224 vera

339 251 462 285 sunt:
496 256 579 283 non
610 242 883 283 mediocriter
906 242 1030 283 doleo
1047 243 1076 292 ε)
1099 241 1338 284 Antonium
1370 240 1550 296 turpiter
1583 238 1771 280 Mutinae

338 299 631 341 obsessionem
654 299 888 353 reliquisse,
911 299 982 340 sed
1006 299 1162 339 habere
1189 298 1382 353 equitum
1414 297 1440 323 ³*
1472 296 1663 352 legiones
1693 295 1773 336 sub

339 356 473 412 signis
509 364 692 397 armatas
731 365 829 405 treS,
862 363 906 396 et
941 355 989 396 P.
1022 355 1233 410 Bagienni
1275 369 1416 405 unam,
1450 353 1631 393 inermes
1652 352 1774 405 ¹bene

339 412 521 455 multos:
554 412 802 454 Ventidium
820 426 990 466 quoque
1012 426 1055 452 se
1076 425 1175 452 cum
1197 411 1365 467 legione
1387 410 1583 465 septima,
1605 417 1772 458 octava,

340 484 454 512 nona
474 469 779 524 conjunxisse:
811 468 843 507 si
867 467 975 507 nihil
998 467 1040 507 in
1065 467 1230 522 Lepido
1258 469 1346 523 spei
1381 469 1449 518 sit,
1472 466 1773 507 descensurum

340 526 393 568 ad
414 537 630 568 extrema:
659 535 701 565 et
724 538 808 565 non
832 524 961 564 modo
983 523 1194 574 nationes,
1216 525 1288 565 sed
1309 525 1437 565 etiam
1461 522 1648 573 servitia,
1669 535 1774 563 con-

342 583 600 624 citaturum:
636 581 835 622 Parmam
867 581 1104 635 direptam:
1141 580 1188 620 L.
1209 581 1448 621 Antonium
1478 579 1609 635 Alpes
1644 592 1774 619 occu·

341 654 476 695 passe.
538 639 649 685 Quae
673 637 704 678 si
730 651 828 679 vera
849 645 962 685 sunt,
990 636 1151 678 nemini
1185 636 1378 677 nostrum
1410 636 1661 677 cessandum
1690 643 1772 683 est,

342 711 420 737 nec
441 695 796 751 exspectandum,
818 694 920 748 quid
943 694 1143 734 decernat
1167 703 1352 733 senatus.
1408 693 1492 733 Res
1514 693 1627 733 enim
1651 691 1772 746 cogit

342 753 442 795 huic
477 763 597 794 tanto
630 751 828 791 incendio
859 764 1103 790 succurrere
1140 764 1304 800 omnes,
1325 750 1398 803 qui
1429 759 1503 789 aut
1532 750 1774 804 imperium,

341 820 416 851 aut
453 823 608 850 nomen
647 808 833 861 denique
871 806 1018 862 populi
1060 806 1244 847 Rotnani
1285 806 1448 846 salvum
1483 805 1633 845 volunt
1669 818 1775 845 esse.

342 867 525 908 Brutum
555 865 669 906 enim
703 864 902 904 cohortes
928 877 1054 913 xv11,
1076 872 1119 903 et
1145 863 1250 903 duas
1284 877 1369 903 non
1392 862 1648 916 frequentes,
1671 861 1775 902 tiro-

342 937 441 963 num
480 922 684 978 legioneS,
705 934 810 975 quas
844 920 1157 976 conscripserat
1186 918 1417 969 Antonius,
1443 918 1600 959 habere
1631 917 1774 958 audio.

341 979 495 1035 Neque
518 990 659 1020 tamen
687 977 856 1027 dubito,
877 977 980 1031 quin
1015 990 1177 1027 omnes,
1199 976 1272 1031 qui
1307 975 1521 1032 supersint
1552 975 1605 1015 de
1640 973 1776 1015 Hirtii

339 1036 549 1086 exercitu,
572 1034 795 1076 confluant
825 1034 876 1075 ad
908 1048 1021 1074 eum.
1084 1032 1197 1073 Nam
1230 1034 1272 1073 in
1296 1033 1462 1073 delectu
1486 1046 1571 1072 non
1593 1030 1776 1071 multum

340 1093 429 1148 spei
455 1102 558 1148 puto
592 1105 707 1132 esse:
741 1090 978 1146 praesertim
1005 1105 1103 1130 cum
1126 1089 1232 1130 nihil
1255 1091 1310 1130 sit
1333 1088 1624 1144 periculosius,
1647 1100 1775 1142 quam

340 1150 525 1204 spatium
549 1147 831 1190 confirmandi
854 1162 944 1188 sese
957 1147 1151 1188 Antonio
1172 1146 1278 1187 dari.
1309 1146 1425 1186 Anni
1446 1154 1587 1185 autem
1606 1155 1775 1199 tempus

340 1206 582 1247 libertatem
613 1205 819 1260 majorem
853 1204 956 1244 mihi
985 1204 1073 1254 dat,
1099 1214 1323 1259 propterea
1344 1203 1446 1257 quia
1467 1201 1681 1242 frumenta
1702 1208 1776 1240 aut

341 1263 382 1303 in
406 1264 536 1320 agriS‚
558 1272 632 1303 aut
655 1263 696 1302 in
720 1261 831 1301 villis
864 1271 978 1301 sunt.
1041 1260 1192 1315 Itaque
1226 1260 1435 1316 proximis
1462 1258 1614 1299 litteris
1636 1256 1779 1298 consi-

339 1320 444 1361 lium
476 1334 613 1360 meum
651 1318 918 1373 expedietur.
982 1316 1095 1357 Nam
1123 1331 1260 1372 neque
1289 1317 1449 1367 deesse,
1471 1329 1609 1370 neque
1631 1327 1777 1369 super-

338 1391 428 1418 esse
452 1376 699 1432 reipublicae
725 1375 835 1414 volo.
898 1373 1095 1414 Maxime
1127 1384 1268 1413 tamen
1290 1372 1429 1422 doleo,
1451 1372 1557 1413 adeo
1580 1380 1622 1411 et
1644 1370 1775 1425 longo

338 1444 381 1474 et
413 1434 569 1475 infesto
601 1432 752 1473 itinere
780 1431 831 1471 ad
864 1444 932 1470 me
954 1430 1104 1480 veniri,
1134 1440 1181 1470 ut
1213 1430 1282 1470 die
1304 1429 1631 1484 quadragesimo
1664 1436 1776 1483 post,

341 1501 415 1531 aut
440 1491 548 1531 ultra
568 1489 715 1539 etiam,
736 1502 865 1543 quam
888 1487 1003 1527 facta
1025 1496 1138 1537 sunt,
1161 1486 1308 1527 omnia
1329 1485 1594 1526 nuntientur.

274 1585 328 1623 34
856 1574 1258 1613 ARGUMENTUM.

342 1643 496 1685 Narrat,
510 1643 671 1678 Antonio
689 1640 910 1679 adveniente,
926 1640 1157 1686 quid.egerit,
1177 1642 1211 1673 et
1230 1639 1309 1684 agit
1325 1638 1468 1684 gratias
1489 1636 1664 1678 Ciceroni,
1683 1634 1779 1683 quod

672 1693 807 1740 iniquis
825 1692 868 1728 de
884 1703 921 1727 se
938 1691 1139 1727 rumoribus
1157 1702 1227 1726 non
1246 1690 1451 1725 crediderit.

296 1773 328 1804 b.
345 1762 410 1803 M.
437 1760 700 1803 LEPIDUS
725 1758 858 1800 ΙΜΡ.
883 1756 1145 1854 ΙΤΙΞέΗῙΙἸΠΝἷ),
1168 1755 1348 1820 ΡΟΝΤ.
1373 1754 1533 1796 ΜΑΧ.
1558 1753 1626 1795 M.
1648 1752 1699 1794 T.
1723 1752 1775 1794 C.

344 1874 396 1926 S.
426 1884 478 1925 V.
509 1884 561 1925 B.
594 1882 645 1924 E.
675 1881 725 1923 E.
752 1882 806 1922 V.
869 1881 980 1922 Cum
1019 1880 1247 1929 audissem,
1277 1878 1517 1920 Antonium
1554 1892 1652 1918 cum
1690 1877 1775 1918 suis

341 1942 494 1998 copiiS‚
517 1940 738 1996 praemisso
773 1938 822 1978 L.
844 1937 1038 1978 Antonio
1071 1951 1168 1978 cum
1202 1946 1322 1991 parte
1351 1934 1581 1990 equitatu5‚
1606 1935 1649 1974 in
1678 1948 1776 1990 pro-

342 1999 528 2040 vinciam
563 2011 700 2038 meam
740 1995 909 2036 venire:
942 2009 1040 2035 cum
1077 1994 1270 2034 exercitu
1310 2007 1405 2033 meo
1441 1992 1496 2032 ab
1531 1991 1778 2032 confluente

343 2056 559 2097 Rhodano
591 2063 732 2096 castra
757 2052 888 2103 movi,
911 2066 960 2092 ac
992 2060 1143 2092 contra
1173 2064 1246 2090 eos
1270 2050 1412 2090 venire
1446 2047 1628 2089 institui.
1690 2046 1779 2089 Ita-

341 2127 425 2168 que
457 2111 674 2154 continuis
708 2109 933 2151 itineribus
966 2107 1018 2148 ad
1045 2110 1085 2139 35
1098 2107 1256 2148 Forum
1292 2105 1554 2147 Vocontium
1591 2104 1702 2155 veni,
1734 2116 1778 2146 et

344 2170 468 2220 ultra,
491 2178 631 2210 castra
651 2167 703 2209 ad
727 2166 886 2206 flumen
910 2164 1176 2221 Argenteum
1206 2173 1357 2205 contra
1376 2162 1649 2204 Antonianos
1680 2160 1778 2202 feci.

211 2237 242 2268 P·
262 2225 398 2267 16⁷·P.
421 2226 648 2268 Ventidius
680 2238 776 2264 suas
808 2223 999 2279 legiones
1033 2231 1116 2263 tres
1142 2220 1374 2276 conjunxit
1393 2234 1493 2262 cum
1514 2233 1581 2270 eo,
1603 2228 1648 2259 et
1669 2218 1779 2260 ultra

303 2279 332 2300 ²·
344 2297 413 2325 me
435 2292 573 2324 castra
595 2282 753 2338 posuit.
776 2280 963 2321 habebat
994 2288 1119 2321 antea
1153 2278 1367 2334 legionem
1392 2276 1637 2326 secundam,
1657 2284 1701 2316 et
1721 2289 1777 2317 ex

343 2340 515 2396 reliquis
545 2339 788 2395 legionibus
819 2351 1021 2392 maguam
1044 2335 1380 2384 multitudinem,
1403 2334 1475 2374 sed
1498 2334 1775 2374 inermorum.

343 2396 596 2453 Equitatum
620 2396 750 2436 habet
776 2407 998 2449 magnum.
1060 2393 1173 2433 Nam
1195 2391 1334 2432 omnis
1356 2405 1409 2431 ex
1434 2389 1589 2446 proelio
1609 2388 1777 2445 integer

341 2454 539 2505 decessit,
559 2454 619 2494 ita
634 2460 682 2492 ut
700 2451 785 2491 sint
806 2450 846 2480 36
856 2449 1038 2505 amplius
1054 2450 1246 2505 equitum
1264 2447 1305 2489 *ἢ
1329 2447 1479 2502 Itaque
1500 2446 1553 2487 ad
1572 2459 1641 2486 me
1658 2460 1776 2487 com-

343 2511 484 2568 plures
506 2510 677 2559 milites,
698 2517 741 2548 et
762 2507 926 2561 equites
950 2507 1003 2547 ab
1024 2521 1076 2547 eo
1110 2506 1391 2547 transierunt:
1423 2513 1466 2544 et
1496 2503 1539 2543 in
1569 2502 1660 2543 dies
1690 2503 1777 2544 sin·

341 2568 465 2625 gulos
483 2568 520 2624 ej
530 2581 578 2608 us
599 2565 738 2622 copiae
761 2564 1026 2604 minuuntur.
1060 2563 1228 2604 Silanus
1250 2570 1294 2602 et
1313 2559 1463 2601 Culleo
1480 2560 1534 2600 ab
1549 2572 1600 2600 eo
1617 2558 1776 2602 disces-

382 2732 422 2761 35
446 2727 569 2760 Forum
585 2724 789 2764 Vacontium]
808 2723 861 2754 Sic
877 2723 951 2754 libri
968 2733 1038 2754 om·
1122 2722 1163 2753 36
1185 2722 1326 2761 amplius
1341 2720 1500 2761 equitum]
1524 2720 1693 2752 Lacunam
1707 2730 1774 2752 ma-

341 2781 410 2802 nes.
446 2770 626 2809 Corrigunt
639 2768 695 2798 alii
713 2766 854 2804 Voconii,
867 2771 908 2798 ut
921 2770 971 2798 est
985 2776 1037 2807 ep.
1082 2773 1142 2795 nus
1157 2773 1221 2794 sec.
1237 2765 1272 2794 in
1294 2763 1358 2794 Ms.
1375 2773 1447 2794 meo
1469 2762 1611 2805 explevit
1632 2764 1774 2804 triginta

344 2817 393 2848 17.
409 2812 464 2844 alii
481 2811 717 2843 Vocontiorum.
733 2819 764 2841 v.
780 2808 871 2841 Clav.
1081 2807 1201 2845 millia,
1216 2815 1332 2847 nempe
1347 2816 1385 2838 ex
1400 2804 1472 2837 edd.
