1817 3196
290 99 360 133 116
643 89 822 131 EPIST.
851 91 1036 129 LIBER
1062 92 1328 133 QUINTUS

285 213 350 240 ras
373 198 493 250 misi;
524 198 595 239 sed
617 197 732 253 quod
766 196 907 252 priora
934 205 1125 252 tempora
1148 198 1189 237 in
1215 197 1345 238 ruinis
1369 196 1613 253 reipublicae
1636 198 1711 238 no-

284 256 466 310 strisque
480 256 725 310 jacuerunt,
749 254 983 309 posteriora
1004 264 1143 294 autem
1173 268 1238 294 me
1259 269 1284 294 a
1305 254 1528 295 scribendo
1548 253 1631 294 tuis
1647 253 1710 295 in-

276 312 526 367 justissimis
579 321 705 366 atque
756 310 1040 350 acerbissimis
1099 310 1381 352 incommodis
1431 311 1711 353 retardarunt.

285 369 397 410 Cum
419 384 518 410 vero
540 378 583 409 et
605 366 872 408 intervallum
896 365 989 420 jam
1023 367 1123 406 satis
1147 368 1320 422 longum
1337 367 1508 417 fuisset,
1529 378 1572 408 et
1595 376 1712 407 tuam

283 426 484 467 virtutem
507 425 723 478 animique
746 422 1087 476 magnitudinem
1120 423 1367 479 diligentius
1389 438 1523 464 essem
1546 437 1713 464 mecum

264 483 555 524 .recordatus:
589 494 672 520 non
708 479 854 532 putavi
886 492 976 517 esse
1012 479 1196 520 alienum
1226 481 1433 521 institutis
1467 482 1586 529 meis,
1618 480 1713 521 haec

240 546 270 567 ²·
284 539 337 581 ad
361 548 401 580 te
423 539 620 579 scribere.
685 535 775 589 Ego
811 543 864 585 te,
901 534 950 574 P.
985 534 1122 585 Sexti,
1144 545 1186 575 et
1210 537 1355 591 primis
1378 538 1642 593 temporibus
1667 536 1713 577 il-

230 2013 265 2047 b.

284 597 350 646 lis,
373 596 527 650 quibus
554 595 594 634 in
622 593 825 633 iuvidiam
861 591 1028 640 absenS,
1060 601 1102 631 et
1136 592 1175 632 in
1213 593 1369 634 crimen
1397 596 1617 643 vocabar-e,
1639 594 1712 635 de-

285 653 426 694 feudi:
459 659 516 700 et,
555 665 652 691 cum
696 650 737 689 in
781 649 840 688 tui
886 647 1203 688 familiarissimi
1233 649 1399 703 judicio
1437 666 1486 691 ac
1524 650 1712 707 periculo

284 710 323 744 67
339 719 457 749 tuum
489 707 689 761 [crimen]
721 705 1070 760 conjungeretur,
1104 714 1148 745 ut
1178 706 1297 760 potui
1320 708 1637 748 accuratissime
1671 717 1712 747 te

287 774 486 820 tuamque.
505 777 674 805 causam
700 770 862 801 tutatus
885 775 1003 802 sum:
1035 771 1078 801 et
1108 763 1319 816 proxime,
1342 765 1499 804 recenti
1525 765 1711 805 adventu

282 837 394 873 meo,
414 835 510 862 cum
533 834 621 860 rem
643 818 764 859 aliter
786 817 1024 857 institutam
1047 817 1334 869 offendissem,
1361 834 1410 860 ac
1434 821 1538 860 mibi
1568 821 1710 876 placu-

282 879 398 930 isset,
421 878 451 918 si
483 876 724 926 affuissem3
756 884 896 915 tamen
924 874 1037 915 nulla
1070 889 1113 915 re
1146 874 1268 916 saluti
1305 886 1389 917 tuae
1418 876 1560 917 defui:
1592 892 1712 918 cum—

281 949 364 989 que
385 949 436 975 eo
459 944 652 989 tempore
675 931 835 972 invidia
855 945 1052 982 annonae,
1076 931 1238 973 inimici
1272 947 1356 973 non
1380 933 1516 974 solum
1540 933 1617 985 tui,
1640 948 1712 974 ve-

282 1006 375 1033 rum
410 991 539 1045 etiam
568 989 802 1031 amicorum
827 997 1012 1038 tuorum,
1034 988 1238 1042 iniquitas
1263 989 1393 1030 totius
1409 990 1581 1045 judicii,
1604 991 1712 1032 mul-

282 1056 410 1104 taque
431 1049 511 1089 alia
533 1046 780 1101 reipublicae
806 1045 923 1095 vitia,
948 1043 1039 1099 plus
1062 1059 1189 1098 quam
1212 1061 1340 1087 causa
1361 1048 1453 1102 ipsa
1472 1047 1712 1103 veritasque

281 1106 535 1147 valuissent:
571 1103 726 1144 Publio
751 1112 823 1142 tuo
848 1115 984 1156 neque
1011 1115 1154 1157 opera,
1188 1116 1324 1156 neque
1356 1103 1551 1153 consilio,
1574 1118 1711 1159 neque

280 1162 438 1213 labore,
461 1175 597 1217 neque
620 1159 771 1215 gratia,
794 1172 932 1214 neque
953 1157 1197 1199 testimonio
1216 1158 1348 1199 defui.
1401 1159 1710 1211 Quamobrem,

277 1220 478 1261 omnibus
507 1218 661 1260 officiis
683 1216 886 1257 amicitiae
910 1215 1138 1270 diligenter
1167 1230 1192 1256 a
1222 1230 1288 1257 me
1320 1227 1551 1272 sancteque
1572 1231 1711 1258 serva-

276 1277 346 1327 tis,
370 1291 422 1317 ne
443 1276 523 1317 hoc
545 1274 716 1330 quidem
743 1272 1155 1328 praetermiuendum
1178 1287 1269 1313 esse
1290 1273 1410 1323 duxi,
1435 1284 1474 1314 te
1500 1283 1545 1314 ut
1566 1274 1710 1315 horta-

275 1347 342 1374 rer
365 1345 659 1389 rogaremque,
683 1339 729 1371 ut
761 1339 804 1370 et
837 1329 1053 1370 hominem
1079 1338 1133 1379 te,
1156 1339 1197 1370 et
1223 1329 1358 1370 virum
1379 1345 1469 1371 esse
1492 1331 1710 1372 meminis-

275 1404 355 1441 ses,
379 1391 421 1431 id
445 1399 523 1440 est,
547 1399 594 1429 ut
615 1400 887 1429 communem
913 1387 1209 1440 incertumque
1233 1401 1393 1437 casum,
1421 1401 1548 1442 quem
1570 1401 1709 1443 neque

274 1447 411 1488 vitare
432 1446 657 1502 quisquam
694 1443 901 1493 nostrum,
936 1457 1014 1483 nec
1052 1453 1252 1498 praestare
1287 1442 1370 1483 ullo
1402 1454 1526 1498 pacto
1550 1454 1707 1499 potest,

274 1503 488 1560 sapienter
510 1502 654 1551 ferres,
672 1509 715 1541 et
737 1499 872 1540 dolori
894 1498 1062 1540 fortiter
1086 1514 1134 1540 ac
1159 1499 1342 1540 fortunae
1367 1501 1604 1552 resisteres;
1636 1516 1708 1542 co-

274 1561 532 1615 gitaresque,
554 1569 597 1600 et
631 1559 671 1598 in
698 1567 842 1598 nostra
863 1556 1052 1605 civitate,
1076 1566 1119 1596 et
1142 1556 1185 1596 in
1207 1557 1373 1607 ceteris,
1395 1558 1434 1587 68
1449 1571 1545 1611 quae
1568 1572 1709 1599 rerum

273 1618 425 1672 potitae
449 1626 561 1667 sunt,
585 1615 728 1657 multis
752 1614 995 1654 fortissimis
1026 1623 1153 1667 atque
1182 1615 1356 1668 optimis
1392 1614 1505 1665 viris,
1538 1615 1709 1670 injustis

267 1675 460 1730 Judiciis,
485 1674 586 1714 tales
609 1685 730 1713 casus
754 1670 968 1712 incidisse.
1031 1669 1138 1710 Illud
1164 1672 1326 1711 utinam
1359 1685 1410 1711 ne
1433 1685 1528 1711 vere
1550 1672 1710 1712 scribe-

272 1745 377 1783 rem,
400 1745 450 1772 ea
472 1740 512 1771 te
536 1729 755 1785 republica
775 1742 931 1776 carere,
954 1728 994 1767 in
1018 1742 1102 1781 qua
1124 1728 1337 1767 neminem
1359 1728 1609 1784 prudentem
1632 1728 1711 1769 ho-

274 1789 431 1829 minem
457 1802 519 1828 res
545 1787 627 1828 ulla
649 1784 845 1826 delectet.
910 1783 975 1824 De
1000 1794 1072 1824 tuo
1096 1794 1238 1825 autem
1267 1784 1369 1835 filio,
1402 1799 1561 1835 vereor,
1584 1799 1652 1836 ne,
1674 1786 1709 1826 si

274 1845 381 1886 nihil
403 1845 456 1885 ad
482 1854 523 1885 te
558 1843 814 1898 scripserim,
839 1841 1031 1882 debitum
1063 1842 1154 1895 ejus
1191 1841 1337 1882 virtuti
1374 1841 1517 1882 videar
1537 1842 1577 1877 69
1592 1843 1710 1883 testi·

275 1903 468 1943 monium
492 1915 577 1942 non
600 1899 789 1941 dedisse:
823 1899 886 1938 sin
927 1907 1068 1938 autem
1099 1899 1257 1947 omnia,
1291 1913 1387 1953 quae
1425 1899 1580 1950 sentio,
1614 1913 1709 1955 per-

276 1958 545 2014 scripserim,
577 1971 629 1998 ne
651 1956 845 1997 refricem
871 1955 974 1995 meis
997 1954 1148 1995 litteris
1168 1955 1422 1995 desiderium
1447 1970 1496 1996 ac
1517 1955 1708 1997 dolorem

278 2025 416 2057 tuum.
475 2014 560 2055 Sed
591 2025 734 2055 tamen
757 2011 1087 2068 prudentissime
1109 2011 1254 2063 facies,
1287 2013 1320 2052 si
1356 2012 1466 2053 illius
1491 2013 1709 2068 pietatem,

277 2073 494 2123 virtutem,
538 2070 807 2120 industriam,
841 2069 1102 2124 ubicumque
1141 2068 1237 2120 eris,
1272 2078 1387 2110 tuam
1420 2084 1525 2120 esse,
1568 2078 1709 2112 tecum

274 2143 365 2171 esse
388 2129 531 2170 duces.
555 2143 632 2169 nec
665 2127 780 2168 enim
812 2126 952 2166 minus
977 2136 1122 2167 nostra
1150 2135 1263 2177 sunt,
1285 2141 1381 2180 quae
1416 2126 1560 2167 animo
1592 2141 1711 2168 com·

304 2186 515 2236 lectimur‚
537 2200 665 2240 quam
698 2198 795 2239 quae
826 2182 959 2224 oculis
983 2183 1212 2224 intuemur.
1273 2183 1566 2229 Quamobrem
1597 2193 1641 2225 et
1663 2183 1711 2224 il-

272 2200 354 2284 iius
376 2243 537 2283 eximia
566 2243 715 2292 virtus,
738 2254 1013 2294 summusque
1036 2241 1078 2280 in
1099 2250 1139 2281 te
1158 2254 1290 2291 amor,
1314 2253 1482 2295 magnae
1506 2240 1584 2282 tibi
1606 2255 1709 2282 con-

274 2299 472 2340 solationi
503 2298 631 2339 debet
659 2312 774 2350 esse3
804 2308 848 2338 et
882 2311 956 2337 nos
980 2297 1210 2352 ceterique,
1231 2298 1305 2352 qui
1343 2305 1384 2337 te
1417 2311 1502 2338 non
1534 2311 1590 2338 ex
1622 2295 1708 2337 for-

274 2366 392 2407 tuna,
415 2356 485 2396 sed
508 2370 563 2396 ex
597 2355 753 2396 virtute
783 2364 857 2395 tua
889 2355 1130 2409 pendimus,
1163 2367 1415 2410 semperque
1449 2353 1707 2408 pendemus3

272 2423 316 2454 et
346 2413 548 2464 maxime,
582 2413 712 2453 animi
742 2411 803 2452 tui
827 2411 1169 2463 weonscientiae,
1192 2419 1289 2451 cum
1325 2410 1403 2450 tibi
1426 2409 1533 2451 nihil
1554 2410 1707 2451 merito

315 2526 355 2560 67
379 2530 472 2557 tuum
487 2526 609 2556 crimen
624 2524 891 2565 conjungeretur]
909 2526 968 2556 As·
1012 2525 1092 2561 bini,
1107 2525 1161 2563 qui
1176 2529 1262 2554 recte
1277 2522 1377 2553 edidit
1392 2522 1521 2553 dedisse.
1556 2521 1707 2561 Utinam,

275 2568 400 2599 sentior
427 2567 614 2598 Guilielmio
640 2572 674 2596 et
700 2566 885 2603 Gebhardo,
916 2568 969 2606 qui
1013 2566 1068 2604 qui
1090 2565 1170 2595 illud
1186 2565 1413 2601 defenderunt,
1438 2564 1607 2601 dixissent,
1629 2565 1709 2604 quid

276 2611 399 2641 crimen
414 2620 434 2640 a
449 2609 555 2649 glossa
569 2619 637 2639 esse
653 2609 826 2649 putabant.
865 2610 968 2640 Intel-
1011 2612 1094 2638 esset
1111 2607 1143 2637 h.
1168 2607 1189 2637 1.
1215 2608 1432 2637 testimonium
1454 2615 1579 2646 capere,
1594 2611 1629 2637 et
1644 2607 1706 2638 hoc

276 2651 444 2691 ligendum
455 2652 653 2692 periculum.
1012 2649 1113 2679 iatine
1128 2648 1190 2678 dici
1204 2659 1295 2689 posse
1309 2648 1506 2679 docuissent.
1551 2648 1621 2679 Nec
1637 2652 1706 2679 ma'·

318 2694 358 2724 68
381 2703 451 2733 quoe
464 2702 576 2723 rerum
585 2694 697 2733 potita>
708 2690 799 2730 sunt]
824 2692 972 2723 Ser-ibon·
1014 2693 1063 2731 gis
1083 2690 1236 2730 explicari
1258 2696 1364 2731 potest
1383 2690 1549 2729 accepisse,
1564 2690 1650 2729 quod
1672 2691 1707 2721 in

276 2734 353 2765 dum
368 2737 443 2766 sint.
490 2735 517 2765 E
532 2734 724 2776 compendio
739 2737 768 2764 st
783 2733 898 2764 vitium
912 2740 972 2765 est.
1015 2733 1086 2764 cod.
1101 2742 1160 2762 suo
1174 2733 1344 2763 inventum
1360 2732 1518 2773 probabat
1532 2732 1692 2763 Graevius.

318 2777 359 2810 69
382 2779 598 2808 testimonium
617 2787 680 2807 non
700 2775 826 2816 cepisse]
854 2777 905 2807 Sic
932 2777 970 2806 li-
1056 2778 1097 2808 ῖυ
1133 2774 1342 2814 consciencioe]
1385 2774 1470 2810 Hoc,
1503 2773 1590 2813 quod
1626 2774 1705 2805 Mss.

278 2818 326 2849 bri
341 2828 454 2850 omnes
468 2820 581 2861 scripti
595 2825 630 2851 et
644 2818 714 2850 edd.
740 2823 860 2858 praeter
874 2817 972 2850 Lam·
1014 2826 1140 2855 omnes,
1162 2817 1262 2848 etiam
1278 2817 1393 2855 nostri,
1409 2816 1544 2855 habent,
1561 2816 1704 2853 restitui,
