1903 3218
317 96 394 134 296
626 93 808 134 EPIST.
847 95 1033 134 LIBER
1069 95 1426 137 UNDECIMUS

319 197 406 262 rim¹
429 197 679 251 incolumes,
699 214 814 250 enm,
836 216 862 242 a
882 214 968 257 quo
991 201 1034 242 id
1060 200 1332 258 impetratum
1364 209 1443 251 est,
1467 199 1642 256 periisse
1664 212 1756 240 non·

321 254 560 311 indignari;
590 271 688 299 cum
717 260 954 314 pra-sertim
976 259 1105 301 iidem
1135 259 1327 301 homines
1351 257 1425 308 illi,
1447 268 1490 298 et
1512 257 1684 298 invidiae
1707 265 1752 296 et

319 312 456 354 exitio
479 311 666 356 fuerint?
727 315 932 358 Flecteris
952 330 1072 373 ergo,
1094 317 1308 370 inquiunt,
1330 329 1461 372 quum
1489 314 1650 355 factum
1674 327 1750 354 no-

319 381 453 412 strum
478 370 720 428 improbare
749 372 893 414 audes.
953 373 994 415 O
1016 374 1259 428 superbiam
1284 373 1516 414 inauditam
1537 372 1546 413 !
1578 370 1683 412 alios
1706 370 1749 410 in

321 426 510 469 facinore
545 428 733 481 gloriari,
761 428 854 470 aliis
884 442 937 470 ne
967 429 1111 470 dolere
1139 429 1313 484 quidem
1346 428 1558 485 impunite
1595 427 1748 469 licere!

319 483 379 528 At
402 483 494 526 haec
515 485 644 525 etiam
665 486 796 526 servis
815 499 982 541 semper
1004 485 1136 526 libera
1158 485 1343 537 fuerunt,
1363 489 1577 535 timerent,
1593 483 1751 540 gaude-

320 550 427 591 rent,
468 541 662 582 dolerent
702 556 778 582 suo
821 543 979 597 potius,
1022 556 1149 598 quam
1189 542 1362 584 alterius
1403 543 1609 585 arbitrio:
1653 554 1751 596 quae

321 612 449 647 nunc,
480 601 520 631 79
538 607 585 639 ut
611 598 785 653 quidem
817 600 886 640 isti
921 599 1126 640 dictitant
1156 598 1365 640 libertatis
1395 611 1605 647 auctores,
1634 606 1750 637 metu

319 654 445 696 nobis
465 663 722 710 extorquere
740 666 964 697 conantur.
1026 654 1110 696 Sed
1132 655 1239 697 nihil
1258 664 1407 712 agunt.
1468 655 1638 698 Nullius
1663 668 1754 694 um-

317 724 447 766 quam
483 710 658 768 periculi
695 713 927 754 terroribus
957 713 1012 754 ab
1041 713 1201 763 officio,
1223 723 1299 754 aut
1321 713 1375 754 ab
1396 713 1663 754 humanitate
1682 710 1754 751 de-

319 767 514 810 sciscam.
575 768 823 824 Numquam
855 771 970 811 enim
1007 769 1228 811 honestam
1272 780 1453 810 mortem
1490 768 1754 825 fugiendam,

319 839 434 880 saepe
454 825 583 865 etiam
604 825 891 881 oppetendam
916 827 1083 882 putavi.
1133 825 1215 867 Sed
1239 827 1340 881 quid
1366 826 1469 867 milii
1488 833 1755 873 succensent,

319 882 353 922 si
377 881 417 921 id
441 891 561 936 opto,
583 891 628 921 ut
651 882 862 937 poeniteat
886 897 958 924 eos
981 883 1044 924 sui
1065 882 1166 924 facti
1187 885 1200 924 ?
1252 883 1394 939 Cupio
1417 883 1546 932 enim,
1570 881 1754 923 Caesaris

318 948 500 994 mortem
533 939 734 981 omnibus
756 953 847 981 esse
875 941 1087 982 acerbam.
1148 940 1208 981 At
1231 940 1367 982 debeo
1398 955 1474 997 pro
1497 939 1612 980 civili
1638 947 1757 994 parte

318 994 628 1051 rempublicam
661 995 767 1038 velle
799 997 974 1039 salvam.
1036 996 1085 1039 Id
1113 997 1285 1053 quidem
1319 1012 1386 1038 me
1418 1011 1589 1053 cupere,
1611 995 1691 1035 nisi
1714 1003 1759 1034 et

319 1062 418 1093 ante
447 1063 544 1093 acta
568 1053 670 1105 vita,
697 1063 737 1094 et
763 1054 923 1109 reliqua
953 1069 1045 1096 mea
1075 1068 1184 1111 spes,
1208 1064 1376 1096 tacente
1399 1069 1480 1104 me,
1501 1053 1670 1109 probat,
1692 1050 1758 1092 di-

319 1109 456 1151 cendo
484 1110 651 1152 vincere
683 1125 766 1151 non
792 1111 976 1167 postulo.
1038 1111 1184 1159 Quare
1213 1112 1419 1168 majorem
1453 1111 1494 1152 in
1519 1110 1692 1150 modum
1717 1117 1758 1148 te

320 1180 441 1222 rogo,
472 1177 517 1207 ut
546 1180 631 1208 rem
666 1169 874 1223 potiorem
906 1169 1100 1210 oratione
1129 1169 1290 1211 ducas:
1324 1168 1531 1223 mihique,
1561 1167 1593 1206 si
1628 1165 1759 1206 sentis

319 1223 538 1280 expedire,
562 1236 675 1265 recte
701 1224 807 1276 fieri,
829 1226 976 1266 credas
1004 1226 1160 1267 nullam
1185 1225 1533 1267 communionem
1557 1237 1653 1265 cum
1680 1222 1759 1262 im-

319 1281 466 1337 probis
496 1295 587 1322 esse
621 1296 758 1337 posse.
819 1282 903 1330 An,
926 1283 1039 1337 quod
1075 1283 1321 1324 adolescens
1351 1283 1547 1339 praestiti‚
1570 1293 1667 1322 cum
1696 1289 1760 1319 et-

319 1339 404 1380 iam
426 1351 566 1379 errare
588 1353 683 1380 cum
709 1340 989 1380 excusatione
1009 1353 1175 1396 possem
1196 1357 1205 1382 :
1238 1340 1278 1381 id
1303 1355 1431 1389 nunc,
1454 1348 1582 1380 aetate
1609 1337 1759 1393 praeci-

322 1395 472 1452 pitata,
510 1406 789 1445 commutem,
831 1411 881 1437 ac
918 1411 986 1437 me
1023 1397 1115 1452 ipse
1155 1400 1371 1439 retexam?
1432 1395 1531 1439 Non
1574 1394 1757 1435 faciam:

322 1466 475 1507 neque,
495 1452 612 1507 quod
644 1452 883 1507 displiceat,
910 1454 1196 1503 committam,
1223 1463 1505 1508 praeterquam
1536 1451 1650 1506 quod
1682 1450 1759 1490 ho-

275 1507 451 1550 ’aminis
482 1508 588 1550 mihi
622 1509 968 1564 conjunctissimi
1001 1524 1051 1551 ac
1093 1510 1167 1550 viri
1211 1510 1463 1566 amplissimi
1498 1510 1623 1550 doleo
1665 1521 1762 1563 gra-

323 1580 414 1607 vem
439 1580 600 1607 casum.
662 1566 828 1614 Quodsi
849 1567 972 1608 aliter
995 1581 1127 1607 essem
1153 1567 1630 1621 animatus,numqua1n
1645 1562 1762 1619 quod

319 1622 522 1673 facerem,
541 1637 769 1679 negarem:
801 1638 853 1666 ne
875 1634 916 1665 et
941 1624 982 1665 in
1009 1625 1226 1680 peccando
1250 1624 1486 1680 improbus,
1508 1634 1552 1664 et
1573 1622 1615 1663 in
1639 1619 1763 1661 dissi-

322 1679 525 1724 mulando
564 1680 741 1722 timidus
780 1696 831 1722 ac
873 1695 1004 1722 vanus
1051 1682 1335 1723 existimarer.
1397 1680 1455 1724 At
1491 1679 1627 1730 ludos,
1654 1691 1762 1733 quos

324 1737 509 1780 Caesaris
536 1737 729 1780 victoriae
754 1737 901 1779 Caesar
926 1737 1171 1779 adolescens
1198 1738 1316 1789 fecit,
1340 1738 1500 1779 curavi.
1563 1735 1621 1777 At
1645 1733 1763 1776 idad

325 1795 539 1851 privatum
583 1794 791 1844 officium,
834 1809 917 1835 non
962 1795 1013 1836 ad
1063 1804 1220 1836 statum
1271 1795 1519 1850 reipublicae
1562 1791 1764 1850 pertinet.

326 1851 458 1908 Quod
482 1862 624 1893 tamen
647 1866 802 1893 munus
834 1863 876 1892 et
908 1851 1094 1893 hominis
1125 1851 1373 1893 amicissimi
1398 1851 1616 1893 memoriae
1647 1851 1688 1880 8⁰
1701 1857 1766 1889 at-

326 1923 410 1966 que
442 1908 678 1951 honoribus
711 1919 928 1965 praestare,
959 1909 1087 1949 etiam
1116 1909 1288 1959 mortui,
1322 1909 1478 1950 debui:
1511 1918 1555 1949 et
1584 1906 1764 1963 optimae

329 1966 419 2023 spei
457 1966 718 2008 adolescenti
758 1981 808 2008 ac
849 1966 1157 2022 8¹dignissimo
1201 1965 1372 2007 Caesare
1409 1965 1571 2021 petenti
1611 1976 1767 2019 negare

330 2038 416 2065 non
443 2023 581 2080 potui.
644 2022 749 2064 Veni
773 2022 903 2064 etiam
931 2022 1118 2064 consulis
1141 2021 1321 2064 Antonii
1345 2023 1522 2063 domum
1548 2035 1679 2077 saepe,
1700 2034 1766 2060 sa-

330 2080 494 2124 lutandi
525 2094 678 2121 causa:
717 2080 770 2122 ad
803 2094 947 2136 quem,
976 2080 1048 2135 qui
1082 2094 1149 2120 me
1186 2093 1335 2136 parum
1370 2080 1521 2136 patriae
1552 2088 1765 2120 amantem

331 2153 423 2179 esse
463 2137 731 2187 existimant,
773 2137 952 2194 rogandi
994 2137 1167 2192 quidem
1210 2137 1386 2192 aliquid,
1428 2146 1503 2177 aut
1547 2133 1768 2177 auferendi

332 2209 476 2245 causa,
505 2197 546 2226 82
562 2193 806 2250 frequentes
842 2195 1048 2236 ventitare
1081 2194 1280 2250 reperies.
1339 2193 1423 2234 Sed
1450 2208 1546 2249 quae
1583 2193 1677 2234 haec
1706 2199 1772 2232 est

334 2251 595 2308 arrogantia,
617 2251 732 2307 quod
763 2251 909 2292 Caesar
942 2266 1173 2307 numquam
1207 2250 1508 2306 interpellavit,
1532 2250 1651 2306 quin,
1675 2248 1770 2304 qui-

338 2310 416 2351 bus
441 2308 605 2358 vellem,
627 2319 756 2363 atque
776 2309 905 2349 etiam
933 2323 1040 2364 quos
1070 2309 1160 2364 ipse
1191 2323 1276 2350 non
1307 2308 1530 2364 diligebat,
1555 2318 1695 2348 tamen
1719 2305 1770 2346 iis

337 2376 500 2409 uterer:
543 2380 631 2415 eOS,
665 2366 738 2420 qui
777 2366 881 2406 mihi
921 2366 1107 2407 amicum
1138 2365 1401 2422 eripuerunt,
1437 2364 1652 2421 carpendo
1689 2376 1770 2412 me,

335 2423 504 2469 ‚efficere
535 2422 696 2473 conari,
720 2437 786 2473 ne,
809 2437 917 2477 quos
948 2423 1089 2474 velim,
1112 2422 1319 2479 diligam?
1379 2421 1461 2463 Sed
1492 2436 1577 2462 non
1609 2433 1772 2470 vereor,

381 2589 422 2619 79
445 2585 619 2624 utquidem
632 2584 684 2616 isti
693 2583 862 2623 dictitant]
880 2583 1035 2615 Refertur
1074 2585 1155 2614 sari.
1180 2583 1296 2613 vitium
1310 2587 1420 2613 ortum
1437 2593 1454 2612 e
1471 2583 1586 2612 vitiosa
1607 2581 1770 2622 scriptura

339 2629 379 2661 ad
395 2627 439 2664 id,
454 2627 540 2667 quod
554 2637 588 2658 se
608 2626 771 2658 libertatis
783 2632 933 2657 auctores
943 2626 1033 2656 diae·
1075 2625 1234 2656 librorum
1251 2626 1370 2657 Caesan·
1385 2626 1553 2663 repetenti,
1570 2630 1610 2655 utv
1621 2629 1671 2655 est
1686 2630 1720 2655 et
1734 2623 1768 2654 in

340 2672 431 2702 bant.
933 2667 939 2670 ’
958 2677 961 2680 ’
1075 2677 1162 2704 meo,
1178 2668 1260 2698 etin
1276 2667 1349 2697 edd.
1365 2667 1489 2707 primis-

383 2714 423 2742 80
445 2720 486 2741 αι·
507 2710 691 2750 houm-ibus]
716 2709 746 2740 E
767 2710 831 2741 Ms.
859 2719 933 2741 meo
957 2709 1032 2739 dedi
1118 2712 1158 2742 82
1168 2709 1362 2749 frequentes
1388 2709 1491 2751 verm]
1537 2708 1685 2740 Graevius
1717 2711 1769 2739 ta-

339 2757 439 2793 atque
455 2754 646 2785 honoribus:
669 2754 721 2783 cui
739 2754 906 2784 consentit
921 2752 984 2782 Gu.
1006 2753 1033 2781 1.
1076 2752 1141 2783 οἱα
1169 2751 1271 2783 edidit
1288 2750 1516 2791 frequentius,
1535 2751 1635 2791 quod⁴
1652 2750 1769 2782 melius

339 2802 374 2827 et
389 2798 421 2827 ⁴2.
902 2815 905 2819 .
924 2806 928 2818 τ
978 2815 980 2817 -
1001 2813 1004 2817 ›
1075 2793 1423 2835 respondevsuperion
1434 2803 1528 2834 δεμ.
1611 2815 1613 2818 -

383 2840 421 2871 81
443 2838 635 2879 dignissimo
656 2836 795 2878 Caesare]
825 2836 946 2878 Vulgg.
966 2836 1031 2868 αε-
1072 2855 1076 2858 -
1258 2855 1260 2858 -
