1865 3223
284 104 362 140 3⁶26
590 95 765 134 EPIST.
792 93 981 132 LIBER
1004 93 1406 133 DUODECIMUS

569 200 636 241 M.
658 199 709 240 T.
730 199 783 241 C.
815 199 858 240 S.
880 197 938 239 P.-
955 198 1012 239 D.
1045 197 1432 239 CORNIFICIO.

293 263 502 319 ITANE,
517 277 671 324 praeter
689 267 940 321 litigatore5‚
956 280 1079 307 uerno
1093 266 1145 306 ad
1165 275 1207 306 te
1228 280 1339 306 meas
1356 265 1542 306 litteras?
1573 264 1719 307 multae

295 327 389 368 istae
412 327 598 381 quidem.
631 335 676 364 tu
699 324 812 364 enirn
846 323 1076 378 perfecisti,
1098 332 1145 361 ut
1168 337 1291 363 nemo
1324 323 1413 362 sine
1444 321 1594 362 litteris
1616 321 1721 362 meis

167 385 379 431 p.<:0÷.tibi
414 399 456 424 se
482 381 826 424 commendatum
863 388 1044 433 putaret.
1084 379 1157 419 sed
1191 381 1285 435 quis
1319 393 1519 434 umquam
1554 388 1723 418 tuorum

256 440 403 482 a‘mihi
431 441 543 481 dixit
572 451 677 486 esse,
707 438 775 476 cui
808 435 966 485 darem,
994 437 1097 489 quin
1127 433 1341 477 dederim?
1381 445 1454 476 aut
1485 435 1588 490 quid
1620 434 1725 476 mihi

290 498 541 554 jucundius,
563 508 706 549 quam,
728 505 823 532 cuin
856 506 1000 532 coram
1036 501 1173 532 tecum
1205 492 1316 547 loqui
1351 507 1433 533 nou
1458 487 1633 548 possim,
1654 501 1729 532 aut

298 555 481 596 scribere
512 553 561 592 ad
594 561 650 599 te,
673 558 746 589 aut
776 558 870 588 tuas
898 547 1038 603 legere
1064 548 1250 590 litteras?
1311 549 1419 590 Illud
1452 548 1589 605 magis
1623 547 1728 588 mihi

300 613 406 652 solet
427 623 517 650 esse
548 607 790 655 molestum,
815 604 944 645 tantis
974 618 1042 644 me
1065 604 1260 660 impediri
1289 605 1660 662 occupationibus,
1682 612 1732 645 ut.

301 668 353 709 ad
388 677 429 707 te
462 664 672 706 scribendi
710 676 804 703 meo
834 661 1041 702 arbitratu
1073 660 1405 710 facultas-nulla
1430 664 1567 703 detur.
1629 661 1731 703 Non

301 725 415 765 enim
439 732 480 763 te
506 719 713 777 epistolis,
736 718 806 758 sed
833 717 1123 759 voluminibus
1146 717 1390 759 lacesserem
1411 736 1422 769 3
1460 720 1614 774 quibus
1638 718 1733 774 qui-

280 782 397 822 ‘dcm
422 794 488 820 me
513 793 537 818 a
559 788 599 817 te
623 776 844 832 provocari
872 775 1114 830 oportebat.
1175 775 1385 820 Quamvis
1412 777 1526 817 enim
1548 790 1734 831 occupa-

303 843 371 878 tus
395 838 464 886 sis,
487 834 564 875 otii
588 842 730 874 tamen
754 832 847 887 plus
869 831 1016 873 habes.
1078 832 1181 882 Aut,
1199 833 1229 872 si
1255 846 1307 872 ne
1331 840 1374 873 tu
1401 832 1572 887 quidem
1596 847 1734 882 vacas,

303 894 390 935 noli
440 891 664 947 impudens
702 903 806 939 esse,
840 902 917 929 nec
960 887 1067 929 mihi
1101 888 1337 929 molestiam
1378 889 1597 939 exhibere,
1629 892 1673 929 et
1713 903 1738 928 a

304 965 374 991 me
403 949 562 990 litteras
592 947 842 996 crebriores,
863 959 961 986 cum
997 954 1041 986 tu
1073 945 1177 986 mihi
1211 960 1303 987 raro
1338 946 1499 997 mittas,
1529 945 1737 1002 flagitare.

308 1008 422 1049 Nam
453 1020 550 1046 cum
584 1012 710 1048 antea
741 1003 976 1043 distinebar
1009 1002 1209 1043 maximis
1241 1003 1619 1059 occupationibus,
1643 1016 1739 1058 pro-

311 1075 455 1121 pterea
491 1062 605 1117 quod
651 1060 850 1100 omnibus
894 1060 1005 1100 curis
1041 1059 1347 1115 rempublicam
1394 1059 1500 1101 mihi
1541 1059 1742 1107 tuendam

308 1121 541 1178 putabam:
600 1127 690 1175 tum
729 1116 812 1158 hoe
861 1124 1053 1172 tempore
1093 1116 1229 1157 multo
1271 1112 1477 1158 distineor
1516 1116 1743 1158 vehemen-

309 1179 409 1219 tius.
470 1177 530 1218 Ut.
571 1176 684 1215 enim
724 1173 895 1229 gravius
927 1181 1141 1228 aegrotant
1182 1172 1226 1224 ii,
1274 1174 1363 1229 qui,
1415 1188 1511 1215 cum
1562 1171 1745 1213 931evati

309 1235 462 1276 morbo
487 1233 744 1281 viderentur,
769 1230 810 1271 in
836 1244 931 1270 eum
964 1232 1016 1271 dc
1040 1230 1209 1285 integro
1233 1231 1499 1272 inciderunt:
1533 1231 1594 1270 sic
1617 1229 1745 1269 vehe-

310 1292 496 1333 mentius
521 1304 595 1329 nos
626 1289 881 1335 laboramus,
904 1287 993 1342 qui,
1017 1287 1246 1343 profligato
1276 1288 1400 1338 bello,
1424 1303 1472 1328 ac
1500 1301 1623 1342 paene
1647 1285 1747 1326 sub-

311 1349 413 1400 lato,
439 1356 688 1388 renovatum
717 1344 875 1385 bellum
909 1358 1055 1399 gerere
1076 1358 1296 1385 conamur.
1357 1344 1440 1385 Sed
1475 1343 1567 1385 liaec
1601 1343 1748 1384 hacte-

314 1421 408 1446 nus.
467 1403 530 1444 'l'u
557 1404 651 1452 tibi,
672 1402 731 1442 mi
756 1400 979 1450 Cornifiei,
1003 1400 1070 1441 fac
1104 1410 1152 1440 ut
1174 1401 1442 1456 persuadeaS,
1463 1416 1548 1442 non
1571 1413 1661 1441 esse
1682 1412 1750 1439 me

317 1474 403 1504 tam
438 1459 651 1501 imbecillo
690 1458 849 1506 animo,
881 1471 933 1497 ne.
966 1457 1106 1498 dicam
1146 1457 1396 1508 inhumano,
1427 1467 1475 1498 ut
1503 1473 1528 1498 a
1559 1467 1601 1497 te
1636 1455 1751 1496 vinci

317 1520 475 1577 possim
510 1528 584 1558 aut
604 1515 774 1565 officiis,
796 1524 870 1555 aut
901 1528 1059 1554 amore.
1082 1512 1085 1514 ’
1121 1513 1221 1554 Non
1246 1515 1497 1566 dubitabam
1523 1513 1718 1568 equidem
1740 1529 1750 1553 :

317 1585 613 1617 verumtamen
649 1572 784 1612 multo
824 1570 929 1612 mihi
969 1571 1181 1612 notiorem
1221 1585 1409 1612 amorem
1449 1581 1570 1612 tuum
1609 1568 1754 1610 effecit

321 1633 578 1687 Cherippus.
627 1629 667 1670 O
686 1629 921 1680 hominem,
939 1642 1104 1684 semper
1125 1627 1436 1683 illumquidem
1461 1626 1565 1669 mihi
1589 1635 1753 1682 aptum,

323 1705 436 1731 nunc
461 1703 559 1729 vero
582 1687 712 1727 etiam
735 1687 928 1727 suavem!
990 1685 1145 1726 Vultus
1171 1684 1411 1726 mehercule
1435 1695 1530 1725 tuos
1553 1684 1656 1724 mihi
1680 1696 1755 1723 ex-

326 1746 478 1804 pressit
499 1759 672 1785 omnes:
704 1758 789 1784 non
815 1743 951 1783 solum
985 1742 1174 1783 animum
1197 1758 1246 1784 ac
1270 1743 1400 1783 verba
1420 1741 1609 1798 pertulit.
1671 1739 1759 1779 Ita-

327 1819 409 1859 que
444 1802 527 1842 noli
563 1800 711 1850 vereri,
737 1815 788 1840 nc
821 1800 898 1840 tibi
933 1800 1261 1849 succensuerim,
1283 1799 1397 1854 quod
1428 1799 1579 1840 eodem
1613 1810 1759 1838 exem-

328 1860 400 1917 plo
424 1860 475 1900 ad
499 1872 581 1908 me,
603 1872 687 1912 quo
711 1857 761 1897 ad
789 1867 966 1896 ceteros.
1029 1853 1252 1910 Requisivi
1275 1856 1471 1910 equidem
1494 1854 1686 1911 proprias
1707 1853 1760 1893 ad

330 1933 399 1958 me
422 1930 552 1956 uuum
578 1915 737 1956 litteras
759 1931 767 1954 :
801 1914 871 1954 scd
897 1927 1033 1968 neque
1054 1911 1341 1962 vehementer,
1363 1922 1406 1954 et
1428 1921 1633 1954 amanter.
1694 1909 1762 1958 De

287 1981 491 2023 b·sumtu,
513 1986 639 2027 quem
665 1982 705 2010 te
730 1971 769 2010 in
797 1985 883 2010 rem
907 1970 1132 2010 militarem
1159 1969 1297 2010 facere
1318 1978 1360 2010 et
1383 1969 1532 2010 fecisse
1554 1967 1676 2017 dicis,
1698 1967 1764 2007 ni-

332 2032 392 2073 hil
416 2044 514 2071 sane
546 2043 719 2084 possum
744 2029 820 2068 tibi
854 2027 1070 2082 opitulari,
1094 2036 1320 2082 propterea
1349 2027 1463 2081 quod
1485 2025 1528 2066 et
1549 2025 1678 2066 orbus
1700 2038 1764 2064 se-

332 2099 474 2137 natus,
497 2086 744 2127 consulibus
774 2085 954 2133 amissis,
978 2093 1019 2124 et
1043 2083 1312 2124 incredibiles
1335 2083 1545 2139 angustiae
1569 2081 1763 2137 pecuniae

335 2145 551 2201 publicae:
584 2157 680 2196 quae
709 2142 976 2195 conquiritur
1009 2140 1209 2195 undique,
1233 2151 1280 2181 ut
1310 2142 1472 2196 optime
1503 2139 1664 2179 meritis
1687 2138 1766 2177 mi-

335 2203 483 2244 litibus
515 2199 723 2255 promissa
756 2202 996 2248 solvantur3
1027 2198 1140 2252 quod
1172 2198 1343 2252 quidem
1376 2197 1464 2238 fieri
1492 2197 1581 2252 sine
1606 2196 1767 2236 tributo

337 2273 462 2315 posse
485 2271 568 2296 non
593 2256 790 2296 arbitror.
849 2258 890 2289 94
908 2254 972 2295 Dc
996 2254 1118 2294 Attio
1153 2254 1364 2309 Dionysio
1397 2253 1501 2295 nibil
1527 2262 1630 2308 puto
1652 2265 1768 2291 csse:

339 2315 541 2371 quoniam
568 2313 671 2353 mihi
695 2311 802 2353 nihil
824 2312 936 2352 (lixit
966 2312 1214 2353 Stratorius.
1277 2311 1344 2352 Dc
1376 2311 1425 2351 P.
1452 2309 1635 2351 Lucceio
1667 2307 1772 2351 nihil

342 2373 422 2413 tibi
453 2370 658 2419 concedo,
694 2383 778 2423 quo
812 2369 1041 2409 studiosior
1072 2369 1165 2423 ejus
1197 2369 1267 2418 sis,
1298 2383 1426 2423 quam
1458 2381 1539 2422 ego
1571 2380 1677 2406 sum.
1709 2372 1773 2404 cst

342 2430 455 2470 enim
481 2427 603 2468 nobis
634 2426 907 2466 necessarius.
969 2426 1050 2466 Sed
1082 2429 1122 2459 95
1142 2441 1166 2465 a
1186 2426 1399 2479 magistris
1421 2439 1518 2465 cum
1541 2421 1772 2463 contende-

342 2500 431 2527 rem
454 2485 507 2526 de
530 2481 784 2539 proferendo
806 2483 901 2524 die:
936 2483 1224 2538 probaverunt
1254 2483 1374 2532 mibi,
1397 2494 1501 2532 sese,
1523 2494 1608 2534 quo
1634 2479 1774 2519 minus

387 2617 428 2649 93
453 2613 551 2643 levati
586 2612 693 2641 morbo
727 2611 1039 2642 videntur-incide.
1083 2612 1115 2641 in
1133 2611 1235 2647 libris,
1252 2611 1369 2646 A¹lein,
1386 2610 1502 2640 Attico.
1527 2609 1616 2639 Actio
1630 2607 1777 2637 Graevius

345 2656 441 2696 runt]
467 2658 535 2686 Aut
549 2655 699 2684 incidunt
713 2653 900 2693 legendum,
918 2661 973 2683 aut
991 2657 1037 2683 ri·
1082 2659 1115 2682 ct
1130 2654 1197 2689 alii,
1213 2652 1298 2691 quod
1319 2653 1438 2682 rectius
1458 2658 1550 2692 put0‚
1568 2650 1687 2680 saltem
1705 2648 1776 2678 vul-

347 2701 521 2730 cierentur.-
543 2696 605 2727 hoe
628 2695 761 2725 melius:
791 2695 885 2733 idque
908 2702 1039 2726 suemus
1083 2703 1161 2734 gato
1176 2695 1281 2725 Actio.

349 2751 431 2772 sum.
455 2738 683 2779 compendium
697 2738 848 2767 videntur
861 2737 987 2777 decepit
1002 2739 1038 2767 li·
1125 2740 1165 2770 95
1187 2747 1209 2766 α
1245 2735 1426 2775 magistris]
1460 2735 1481 2766 i.
1511 2733 1714 2769 auctionum,
1748 2741 1780 2761 v.

350 2783 474 2820 brar-ios
489 2789 547 2812 aut
563 2781 714 2813 editores
1087 2779 1178 2809 clav.

393 2828 433 2858 94
456 2824 510 2856 De
525 2822 631 2862 Actio]
657 2821 752 2853 Varie
778 2820 840 2851 hoc
861 2830 979 2851 nomen
993 2825 1043 2853 est
