1903 3218
404 72 479 111 AD
505 73 593 111 CN.
611 71 904 111 PLANCUM
929 73 1004 110 ET
1029 74 1309 114 CETEROS.
1499 83 1572 118 241

144 176 277 218 animi
305 176 469 232 impetu
499 177 542 218 in
575 174 881 232 rempublicam
916 175 1155 218 incumbas.
1216 177 1340 219 Nihil
1358 188 1436 230 est,
1457 182 1573 236 quod

144 232 223 274 tibi
247 233 400 290 majori
424 232 582 275 fructui
604 231 838 289 gloriaeque
859 246 949 273 esse
971 232 1128 288 possit:
1160 247 1239 274 nec
1260 234 1492 290 quidquam
1515 253 1570 280 ex

145 290 347 332 omnibus
379 291 505 331 rebus
539 289 736 331 humanis
769 298 833 329 est
870 289 1130 344 praeclarius,
1172 299 1247 330 aut
1282 294 1570 346 praestantius,

141 361 271 402 quam
293 347 346 389 de
368 345 586 403 republica
616 346 723 386 bene
751 346 916 386 mereri.
976 344 1132 388 Adhuc
1162 347 1276 388 enim
1307 349 1469 404 patitur
1498 359 1570 392 tua

141 412 307 445 summa
328 403 569 460 humanitas
591 411 633 443 et
655 402 879 458 sapientia,
901 417 984 450 me,
1005 403 1120 458 quod
1143 404 1484 455 sentiam,libere
1505 407 1569 448 di-

141 474 249 501 cere.
290 460 480 502 Fortuna
502 458 764 515 suffragante
788 459 941 500 videris
964 474 1028 501 res
1050 460 1260 503 maximas
1284 471 1566 507 consecutus:

138 518 254 571 quod
284 530 542 572 quamquam
566 516 656 556 sine
681 517 836 557 virtute
858 531 944 558 non
968 518 1203 573 potuisses;
1236 528 1375 560 tamen
1399 533 1454 561 ex
1477 534 1567 562 ma-

139 573 258 614 xima
290 581 423 629 parte,
458 587 521 622 ea,
555 587 651 628 quae
689 587 732 614 es
769 573 964 628 adeptus,
988 573 1171 628 fortunae
1213 576 1565 632 temporibusque

137 630 397 671 tribuuntur.
457 628 541 670 His
568 630 831 686 temporibus
853 630 1117 672 difficillimis
1148 631 1411 688 reipublicae,
1440 635 1564 689 quid-

136 686 238 741 quid
261 687 523 737 subveneris,
550 687 640 728 ¹4i<l
664 687 744 728 erit
767 697 905 728 totum
924 697 966 728 et
989 688 1159 744 proprie
1177 698 1312 730 tuum.
1374 690 1563 732 Incredi-

134 742 219 784 bile
240 754 304 784 est
325 744 519 784 omnium
549 743 724 795 civium,
748 744 984 786 latronibus
1006 745 1216 801 exceptis,
1238 747 1384 788 odium
1408 747 1449 789 in
1472 747 1562 789 An·-

132 799 323 842 toniutn:
358 815 514 856 magna
539 814 634 856 spes
657 801 700 841 in
723 811 764 842 te
786 810 829 842 et
853 802 894 842 in
918 811 993 842 tuo
1015 801 1208 843 exercitu
1231 817 1389 860 magna
1408 819 1562 861 exspe-

130 857 279 898 ctatio.
341 856 493 913 Cujus,
535 872 610 913 per
650 858 767 909 deos,
805 858 955 914 gratiae
991 858 1226 914 gloriaeque
1254 875 1358 902 cave
1392 871 1561 918 tempus

130 914 317 955 amittas.
357 914 429 956 Sic
449 929 618 967 moneo,
641 925 687 956 ut
709 914 869 957 filium:
902 916 962 957 sic
985 916 1123 968 faveo,
1146 927 1192 958 ut
1215 917 1346 960 mihi:
1379 920 1440 961 sic
1462 919 1560 961 hor-

130 979 210 1022 tor,
235 980 281 1012 ut
302 982 345 1012 et
368 986 444 1027 pro
468 972 619 1027 patria,
641 984 683 1012 et
705 972 1026 1014 amicissimum.

640 1060 1042 1099 ARGUMENTUM.
1570 1050 1597 1091 6

127 1122 285 1159 Plancus
313 1124 445 1160 litteris
475 1125 524 1161 ad
557 1129 719 1160 senatum
749 1126 895 1172 scriptis
918 1137 1045 1172 pacem
1073 1137 1150 1160 cum
1179 1126 1339 1162 Antonio
1365 1134 1528 1164 suaserat
1545 1147 1556 1165 .-

177 1187 285 1223 quam
319 1176 442 1212 Cicero
470 1177 525 1212 his
553 1177 748 1219 dissuadet,
778 1188 856 1224 quae
880 1178 990 1212 armis
1015 1179 1150 1224 patim,
1180 1190 1287 1224 quam
1315 1182 1482 1225 pactione
1511 1183 1559 1216 sit

178 1228 395 1274 quaereuda:
425 1228 672 1275 hortaturque,
693 1233 734 1264 ut
759 1227 925 1275 sejungat
943 1240 980 1263 se
1006 1241 1028 1264 α
1046 1230 1217 1264 societate
1236 1230 1424 1273 malorum,
1445 1237 1556 1269 totus--

172 1291 242 1327 que
258 1280 307 1315 ad
324 1291 434 1328 remp.
457 1285 631 1316 transeat.

534 1394 537 1396 ,
566 1345 800 1388 CICERO
835 1345 1102 1388 PLANCO.

122 1413 280 1476 QUAE
297 1425 466 1468 locutus
489 1434 550 1467 est
589 1425 769 1466 Furnius
793 1433 937 1465 noster
969 1425 1022 1465 de
1043 1426 1188 1466 animo
1219 1436 1293 1468 tuo
1318 1428 1358 1469 in
1384 1443 1552 1486 rempu-

119 1483 291 1534 blicam,
313 1497 364 1523 ea
393 1483 635 1538 gratissima
666 1481 840 1522 fuerunt
870 1482 1050 1532 senatui,
1076 1483 1322 1539 populoque
1353 1485 1551 1529 Romano

120 1540 447 1596 probatissima:
479 1554 575 1595 quae
608 1551 750 1579 autem
785 1539 974 1579 recitatae
1008 1539 1160 1580 litterae
1193 1554 1291 1582 sunt
1322 1543 1363 1582 in
1387 1554 1550 1595 senatu,

116 1610 387 1652 nequaquam
428 1597 671 1637 consentire
713 1610 811 1636 cum
855 1595 1001 1636 Furnii
1047 1598 1241 1638 oratione
1291 1599 1391 1640 visae
1435 1614 1547 1643 sunt.

120 1652 245 1694 Pacis
262 1653 374 1694 enim
399 1662 548 1694 auctor
569 1667 674 1703 eras,
697 1667 794 1693 cum
817 1652 982 1708 collega
1010 1663 1121 1704 tuus,
1145 1655 1208 1695 vir
1229 1655 1503 1709 clarissimus,
1525 1674 1550 1699 a

116 1710 369 1751 foedissimis
402 1709 642 1751 latronibus
676 1709 967 1751 obsideretur:
999 1712 1071 1764 qui
1111 1721 1185 1752 aut
1228 1713 1377 1767 positis
1418 1718 1547 1756 armis

116 1781 266 1823 pacem
292 1776 438 1823 petere
457 1767 637 1819 debent;
668 1777 756 1817 aut,
780 1767 812 1806 si
838 1777 1080 1822 pugnantes
1110 1782 1203 1809 eam
1228 1769 1460 1824 postulant,
1484 1774 1546 1813 vi-

113 1824 251 1865 ctoria
272 1838 373 1879 pax,
391 1838 478 1864 non
503 1825 702 1880 pactione
723 1824 926 1879 parienda
947 1833 1025 1864 est.
1085 1824 1168 1866 Sed
1192 1825 1244 1866 de
1264 1841 1368 1881 pace
1389 1827 1544 1872 litterae

112 1881 180 1923 vel
203 1881 370 1937 Lepidi,
393 1880 458 1922 vel
483 1892 584 1932 tuae,
606 1895 735 1936 quarn
767 1881 809 1921 in
840 1892 1001 1937 partem
1030 1891 1220 1938 acceptae
1251 1884 1351 1935 sint,
1373 1899 1428 1926 ex
1452 1886 1543 1928 viro

111 1938 294 1994 optimo,
327 1938 457 1979 fratre
496 1950 584 1989 tuo,
613 1949 656 1978 et
693 1952 745 1978 ex
783 1937 835 1979 C.
872 1938 1033 1978 Furnio
1073 1940 1233 1995 poteris
1265 1955 1541 1997 cognoscere.

110 1994 190 2036 Me
219 2005 359 2036 autem
389 1995 559 2051 impulit
592 1996 651 2036 tui
684 1995 854 2044 caritas,
879 2005 939 2045 ut,
960 2010 1218 2050 quamquam
1253 2012 1329 2038 nec
1355 1999 1432 2040 tibi
1458 2001 1539 2056 ipsi

109 2052 334 2094 consilium
357 2052 536 2103 deesset,
559 2063 601 2093 et
624 2052 780 2103 fratris,
807 2052 1038 2106 Furniique
1068 2053 1360 2096 benivolentia
1385 2056 1541 2098 fidelis-

106 2124 189 2164 que
211 2110 438 2165 prudentia
470 2110 548 2150 tibi
582 2120 738 2165 praesto
769 2118 878 2149 esset
904 2111 1060 2160 sutura,
1086 2109 1234 2151 vellem
1258 2121 1402 2154 tamen
1432 2128 1539 2156 ineae

105 2180 278 2221 quoque
310 2167 593 2217 auctoritatis,
622 2181 698 2222 pro
726 2165 918 2220 plurimis
951 2167 1104 2207 nostris
1134 2169 1540 2223 necessitudinibus,

136 2233 370 2279 raeceptum
408 2224 462 2264 ad
495 2233 535 2264 te
571 2223 744 2278 aliquod
778 2224 1013 2279 pervenire.
1074 2224 1214 2266 Crede
1251 2226 1383 2282 igitur
1416 2229 1538 2279 mihi,

146 2279 280 2331 lance,
315 2294 478 2331 omneS,
516 2294 622 2335 quos
655 2279 795 2320 adbuc
832 2280 987 2335 gradus
1026 2280 1251 2337 dignitatis
1281 2295 1537 2327 consecutus

104 2337 175 2388 sis,
203 2341 266 2390 (es
297 2346 440 2378 autem
469 2337 649 2392 adeptus
672 2336 976 2392 amplissimos)
998 2352 1069 2378 eos
1093 2338 1305 2380 honorum
1328 2341 1552 2390 vocabula⁴

99 2393 338 2446 habituros,
362 2409 446 2435 nou
469 2394 695 2450 dignitatis
719 2393 917 2450 insignia,
941 2394 1021 2435 nisi
1047 2404 1088 2436 te
1109 2410 1209 2438 cum
1232 2396 1429 2442 libertate
1461 2415 1538 2455 po-

143 2519 181 2548 14
201 2517 238 2547 id
249 2520 311 2548 erit
333 2522 437 2548 totum
453 2523 483 2549 et
493 2519 667 2559 proprium
683 2518 792 2558 tuum]
839 2528 890 2558 ep.
914 2520 966 2550 94.
991 2519 1025 2548 in
1039 2519 1106 2550 fin.
1131 2521 1190 2551 &c.
1236 2521 1379 2558 Ferrem,
1402 2521 1429 2551 si
1452 2519 1553 2557 esset]

99 2557 240 2599 Miratus
254 2569 340 2597 sum,
355 2559 441 2591 hanc
455 2560 630 2591 lectionem
647 2560 722 2590 ferri
739 2561 796 2601 po·
839 2561 873 2591 id
887 2561 949 2590 erit
964 2564 1067 2592 totum
1082 2566 1176 2593 tuum
1191 2567 1222 2593 et
1232 2563 1416 2603 proprium,
1433 2568 1470 2592 ut
1480 2568 1553 2605 cst„

99 2600 199 2631 tuisse
219 2603 241 2631 ‘a'
256 2601 365 2642 *doctis
389 2603 476 2640 viris,
499 2613 575 2633 cum
598 2603 668 2633 haee
690 2602 796 2633 forma
839 2603 874 2632 in
886 2601 943 2633 Or.
959 2613 1018 2644 pro
1034 2603 1136 2635 Marc.
1153 2607 1185 2635 3.
1199 2612 1281 2635 extr.
1297 2609 1390 2635 tuam
1412 2603 1555 2644 esse-tog

96 2642 268 2682 proprium
290 2647 387 2681 tuum
410 2653 477 2676 non
499 2645 543 2675 sit
564 2644 682 2680 latina,
696 2650 729 2675 et
752 2645 796 2674 ix·-
840 2649 911 2675 tam
931 2649 964 2676 et
972 2647 1145 2686 propriam
1148 2645 1298 2686 fatetur,
1314 2645 1370 2676 ubi
1386 2646 1450 2676 vid.
1466 2652 1554 2688 not„

100 2679 251 2724 repserit‘
266 2684 397 2717 inscitia
425 2686 646 2717 librariorum.
665 2687 799 2727 proprie
841 2686 903 2718 Ed.
922 2685 1019 2718 Rom.
1043 2693 1074 2718 et
1091 2689 1263 2728 proprium
1282 2692 1311 2717 et
1327 2687 1557 2731 ιτιιιηιζχρεεικἼ

100 2723 436 2770 tuam'dicitcicer03
458 2728 551 2759 etsie
566 2727 797 2768 corrigendum
841 2738 949 2760 verse:
975 2729 1110 2761 debebat
1140 2739 1207 2760 esse
1232 2735 1261 2760 ee
1288 2735 1384 2760 tuum
1411 2722 1446 2768 ei,
1459 2734 1557 2771 pra-J

101 2769 169 2797 e‘sse
196 2767 276 2798 vidit*
295 2772 299 2775 *
316 2768 508 2808 Eamhinus‘,
546 2771 644 2810 atq‘ue
674 2770 793 2801 edidit:
837 2772 960 2811 prium.
1545 2778 1548 2780 “

100 2819 198 2848 quern
209 2818 336 2849 sequor.
381 2812 433 2842 Sic
452 2814 585 2852 proprie
600 2816 696 2844 tuum
712 2812 798 2844 infra
938 2818 939 2821 ’
1007 2820 1009 2823 “

166 2865 274 2893 VOL·
297 2865 375 2895 111.
398 2867 439 2895 P.
462 2868 494 2895 1.
823 2868 850 2895 P.
