1817 3196
0 729 5 741 fl

481 92 562 132 AD
587 89 820 130 APPIUM
846 89 1202 131 PULCHRUM.
1503 98 1555 136 55

121 207 233 242 tates
266 205 431 240 nostras
462 195 740 253 copulandas.
802 196 886 237 Sed
917 205 961 236 et
993 196 1027 236 si
1062 195 1266 237 Clodium
1297 211 1554 252 convenero,

119 272 175 298 ex
199 256 308 298 illius
329 268 523 296 sermone
543 253 595 294 ad
616 263 657 293 te
679 253 862 294 scribam
886 253 1029 308 plura:
1050 263 1093 294 et
1113 253 1205 308 ipse
1227 267 1399 308 operam
1423 255 1554 308 dabo,

119 325 164 354 te
186 322 387 368 utquam
420 312 604 368 primum
639 309 820 351 videam.
881 310 1011 356 Quod
1046 310 1211 360 scribis,
1234 311 1314 351 tibi
1353 314 1552 353 manendi

117 384 290 412 causam
312 383 406 410 eam
439 368 584 419 fuisse,
607 379 653 408 ut
676 380 745 408 me
771 368 1038 419 convenires,
1068 367 1110 408 id
1133 366 1257 419 mihi,
1280 381 1334 408 ne
1355 369 1552 421 mentiar,

119 437 288 483 gratum
309 436 388 467 est.
448 424 567 466 Vale.

630 513 1033 552 ARGUMENTUM.

112 579 236 627 Appio
251 579 394 626 gratias
421 578 512 626 agit,
533 578 635 614 daviti
656 590 814 627 operam,
834 583 875 613 ut
892 578 1096 625 expeditum
1119 577 1345 624 provinciam
1362 577 1521 613 traderet
1536 594 1548 614 .-

177 631 305 667 deimle
322 632 463 666 itineris
481 632 657 666 rationem
677 631 835 678 exponit,
856 635 896 665 ut
913 631 1056 678 Appius
1075 629 1118 664 (Ie
1133 641 1320 676 congressu
1332 633 1486 666 statuat.

360 697 428 738 M.
451 697 502 739 T.
526 697 578 739 C.
609 696 800 739 APPIO
825 695 1142 748 PULCHRO‚
1166 695 1211 736 S.
1236 695 1293 737 D.

109 753 395 807 TRALLES
419 767 515 807 veni
548 781 586 807 a.
609 766 650 807 d.
686 780 751 806 vr.
776 764 959 806 Kalend.
993 764 1193 805 Sextiles.
1226 764 1286 805 ibi
1309 764 1415 806 mihi
1439 779 1549 822 prae-

112 831 181 864 sto
211 823 296 865 fuit
333 823 382 865 L.
419 824 608 866 Lucilius
639 837 739 864 cum
769 823 922 863 litteris
956 822 1254 877 mandatisque
1287 822 1385 874 tuis,
1411 825 1547 879 llquo

110 880 288 934 quidem
329 881 505 922 homine
545 881 761 922 neminem
797 879 993 936 potuisti,
1026 893 1104 921 nec
1138 879 1245 920 mihi
1281 880 1547 933 amiciorem,

109 949 192 977 nec
224 946 292 991 (ut
324 939 526 988 arbitror)
560 938 612 980 ad
645 952 695 978 ea
727 937 1043 993 cognoscenda,
1065 951 1162 993 quae
1193 936 1300 977 scire
1333 937 1547 990 volebam,

107 995 321 1050 aptiorem
355 996 731 1052 prudentioremve
763 996 948 1036 mittere.
1011 994 1105 1050 Ego
1127 1003 1271 1035 autem
1295 1004 1340 1035 et
1361 1004 1454 1035 tuas
1476 995 1546 1036 lit-

108 1059 220 1092 teras
258 1052 343 1109 legi
374 1053 570 1106 libenter,
600 1062 644 1093 et
672 1052 815 1093 audivi
850 1051 1062 1093 Lucilium
1097 1051 1340 1107 diligenter.
1401 1052 1546 1104 Nunc,

105 1109 314 1164 quoniam
335 1119 380 1150 et
402 1120 448 1150 tu
471 1111 531 1152 ita
556 1110 702 1159 sentis,
724 1110 894 1162 (scribis
916 1110 1046 1160 enim,
1067 1123 1165 1164 quae
1187 1110 1240 1149 de
1270 1110 1426 1150 nostris
1451 1110 1548 1151 offi-

105 1166 185 1207 ciis
223 1181 306 1223 ego
328 1167 380 1208 ad
416 1178 458 1208 te
480 1167 737 1223 scripserim,
759 1167 839 1207 etsi
863 1167 942 1207 tibi
969 1166 1165 1222 jucunda
1188 1166 1362 1216 fuerint,
1385 1177 1546 1220 tamen,

105 1223 312 1277 quoniam
333 1238 389 1264 ex
411 1225 498 1265 alto
520 1224 703 1280 repetita
724 1224 824 1273 sint,
846 1238 934 1264 non
956 1224 1194 1264 necessaria
1216 1234 1258 1263 te
1281 1227 1471 1279 putasse)
1502 1235 1548 1266 et

104 1293 152 1320 re
175 1293 287 1330 vera,
315 1281 572 1323 confirmata
598 1280 805 1331 amicitia,
827 1289 869 1320 et
902 1290 1128 1336 perspecta
1149 1280 1248 1330 fide,
1281 1295 1546 1322 commemo-

101 1337 214 1378 ratio
236 1337 479 1379 officiorum
501 1352 766 1394 supervacua
786 1347 876 1390 est3
906 1352 1000 1378 eam
1022 1347 1187 1393 partem
1210 1337 1417 1378 orationis
1434 1353 1544 1394 prae-

104 1394 368 1437 termittam:
412 1398 449 1427 12
467 1395 547 1436 tibi
574 1405 717 1436 tamen
736 1409 877 1451 agam,
900 1403 947 1435 ut
980 1395 1133 1445 debeo,
1155 1395 1330 1450 gratias.
1390 1394 1544 1438 Auim-

102 1451 268 1493 adverti
304 1453 418 1493 enim
441 1462 484 1494 et
509 1453 688 1494 ¹3didici
723 1466 779 1493 ex
818 1453 903 1492 tuis
924 1452 1093 1503 litteris,
1117 1462 1160 1492 te
1181 1453 1382 1493 omnibus
1416 1454 1460 1494 in
1480 1468 1545 1495 re-

102 1507 183 1549 bus
215 1509 417 1550 habuisse
449 1510 674 1559 rationem,
704 1518 753 1550 ut
785 1509 890 1550 mihi
925 1510 1182 1560 consuleres,
1212 1510 1545 1566 restitueresque

101 1573 148 1605 et
180 1580 442 1622 praeparares
473 1566 794 1622 quodammodo
825 1567 984 1617 omnia,
1008 1581 1094 1621 quo
1116 1581 1212 1607 mea
1243 1569 1352 1608 ratio
1376 1567 1545 1610 facilior

98 1631 144 1662 et
165 1622 345 1664 solutior
366 1638 456 1664 esse
478 1633 638 1680 posset.
700 1623 801 1665 Hoc
824 1635 945 1665 tuum
968 1624 1161 1665 officium
1184 1638 1283 1664 cum
1307 1625 1414 1665 mihi
1445 1640 1543 1681 gra-

97 1679 314 1721 tissimum
335 1695 428 1722 esse
448 1681 605 1732 dicam,
628 1681 821 1736 sequitur
841 1681 960 1732 illud,
982 1691 1032 1722 ut
1061 1691 1103 1722 te
1121 1681 1370 1722 existimare
1396 1684 1541 1735 velim,

96 1736 206 1778 mihi
229 1752 401 1794 magnae
423 1753 538 1780 curae
560 1738 668 1789 fore,
687 1748 816 1794 atque
837 1753 928 1779 esse
943 1739 1052 1794 jam,
1069 1738 1273 1794 primum,
1295 1750 1343 1780 ut
1366 1739 1456 1795 ipse
1476 1752 1538 1792 tu,

96 1794 248 1850 tuique
265 1810 430 1847 omneS,
452 1796 607 1837 deinde
628 1806 678 1836 ut
707 1797 837 1836 etiam
859 1796 1010 1851 reliqui
1033 1797 1141 1837 scire
1162 1797 1344 1851 possint,
1366 1811 1435 1838 me
1457 1798 1539 1839 tibi

97 1865 190 1892 esse
221 1853 547 1894 amicissimum.
609 1854 739 1900 Quod
761 1854 918 1909 quibus
948 1853 1089 1894 adhuc
1111 1868 1198 1894 non
1232 1854 1334 1894 satis
1355 1865 1420 1895 est
1441 1870 1538 1911 per—

96 1917 308 1964 spectum,
331 1910 359 1951 ii
379 1910 486 1951 mihi
508 1911 620 1952 nolle
641 1911 794 1967 magis,
809 1926 886 1952 nos
911 1910 994 1952 hoc
1013 1911 1158 1951 animo
1176 1925 1282 1963 esse,
1304 1927 1433 1967 quam
1448 1928 1536 1954 non

93 1964 334 2023 intelligere
356 1969 569 2009 videntur.
629 1968 713 2010 Sed
738 1968 933 2024 profecto
955 1968 1223 2024 intelligent3
1259 1983 1398 2025 neque
1419 1971 1535 2012 enim

92 2024 287 2065 obscuris
310 2025 517 2080 personi5‚
539 2041 619 2067 nec
642 2027 784 2082 parvis
806 2027 848 2066 in
872 2027 1011 2067 causis
1034 2040 1099 2066 res
1121 2036 1287 2082 agetur.
1331 2027 1415 2068 Sed
1437 2028 1535 2070 haec

93 2080 186 2121 fieri
216 2081 383 2134 melius,
416 2098 546 2139 quam
574 2084 676 2134 dici,
712 2093 787 2124 aut
819 2084 947 2124 scribi
987 2084 1101 2124 volo.
1163 2083 1293 2130 Quod
1330 2085 1535 2127 itinerum

91 2151 286 2180 meorum
315 2140 425 2180 ratio
449 2150 490 2181 te
512 2140 763 2181 nonnullam
793 2140 836 2181 in
859 2141 1177 2182 dubitationem
1201 2141 1368 2182 videtur
1397 2142 1534 2184 addu-

92 2208 203 2246 cere,
237 2196 460 2238 visurusne
492 2212 561 2238 me
591 2198 646 2238 sis
680 2199 723 2239 in
759 2199 1011 2254 provincia:
1043 2212 1093 2238 ea
1126 2212 1191 2239 res
1222 2198 1284 2240 sic
1317 2199 1530 2242 sehabet.

91 2249 313 2293 Brundisii
345 2269 443 2294 cum
474 2254 668 2310 loquerer
698 2270 797 2296 cum
831 2254 1012 2305 Phania,
1046 2255 1202 2296 liberto
1234 2265 1325 2308 tuo,
1352 2257 1450 2298 veni
1486 2258 1532 2298 in

91 2322 191 2350 eum
230 2325 486 2363 sermonem,
517 2322 564 2352 ut
595 2312 799 2363 dicerem,
826 2327 894 2353 me
928 2312 1110 2354 libenter
1144 2313 1198 2354 ad
1235 2327 1330 2354 eam
1365 2326 1534 2370 partem

86 2366 325 2421 provinciae
363 2369 549 2424 primum
579 2383 671 2410 esse
712 2380 954 2421 venturum,
995 2385 1082 2425 quo
1122 2380 1163 2411 te
1204 2371 1395 2412 maxime
1426 2372 1533 2413 velle

86 2423 330 2467 arbitrarer.
381 2438 483 2467 tunc
533 2427 641 2467 mihi
692 2427 759 2468 ille
808 2427 936 2479 dixit,
965 2427 1083 2484 quod
1136 2428 1269 2469 classe
1313 2438 1360 2470 tu
1403 2429 1531 2470 velles

127 2539 162 2567 ll
187 2547 248 2577 quo
271 2539 400 2578 quidem
422 2541 583 2572 hominem
605 2540 782 2581 neminem]
828 2551 847 2571 a
863 2540 1048 2579 Gebhardo,
1061 2551 1136 2572 cum
1149 2541 1278 2572 Graew'o
1291 2543 1429 2573 restitui.
1445 2543 1529 2573 Ora-

85 2578 160 2609 scio
183 2580 247 2610 dici
280 2581 383 2612 latine
406 2592 499 2622 posse
521 2584 612 2613 homo
626 2593 729 2614 nemo.
750 2589 784 2614 ct
826 2585 876 2614 tio
897 2584 967 2614 hiat
991 2584 1231 2625 quodammodo
1256 2585 1325 2615 sine
1349 2595 1399 2621 e0,
1416 2593 1530 2625 estque

85 2620 152 2651 Ms.
175 2628 299 2661 noster,
314 2624 394 2654 item
418 2625 482 2655 Gu.
506 2628 536 2656 2.
556 2626 656 2655 etiam
684 2625 785 2657 habet
827 2625 964 2656 inlibris
979 2636 1040 2657 scr.
1056 2627 1128 2657 edd.
1145 2637 1194 2667 pr.

87 2664 258 2696 hominem.
301 2665 365 2696 Sed
390 2666 424 2697 h.
446 2667 468 2697 1.
491 2676 604 2697 sensus
625 2678 719 2698 meus
734 2677 783 2699 re-
873 2671 908 2699 13
932 2669 1029 2700 didici
1053 2679 1094 2699 ex
1108 2671 1173 2700 tuis
1188 2668 1318 2708 litteris]
1344 2668 1491 2700 Graevius
1513 2680 1532 2700 e

86 2706 188 2744 quirit
210 2707 348 2745 homine,
364 2709 451 2748 quod
469 2709 515 2739 sic
537 2715 572 2740 et
587 2709 665 2740 alibi
687 2715 735 2741 est
753 2712 788 2741 in
829 2711 975 2751 vestigiis
1004 2711 1068 2742 Ms.
1104 2711 1220 2742 mallet
1258 2716 1288 2741 et·
1314 2720 1355 2740 ex
1389 2713 1455 2743 tuis
1491 2714 1532 2744 ca·-

87 2746 149 2778 hac
164 2748 270 2785 forma
283 2751 454 2789 orationis,
468 2757 503 2782 et
515 2751 638 2783 habent
653 2752 724 2784 edd.
737 2762 787 2794 pr.
831 2754 910 2783 teris
928 2757 959 2784 et
975 2763 1039 2794 per
1059 2755 1152 2784 alios.
1196 2753 1342 2783 Dixisset
1365 2754 1478 2785 Cicero
1502 2759 1533 2786 et

81 2792 124 2823 ,εἰ
137 2790 201 2821 Gu.
220 2793 248 2822 1.
830 2805 871 2825 ez·
893 2796 980 2832 aliis,
1004 2800 1062 2826 aut
1084 2798 1228 2827 aliorum
1247 2797 1457 2835 sermonibus,
1474 2803 1534 2829 aut

134 2833 173 2867 12
193 2833 251 2865 tibi
260 2837 373 2868 tamen
386 2834 505 2877 agam]
530 2835 616 2876 vbi,
631 2837 788 2869 omissum
829 2837 1021 2876 hujusmodi
1035 2837 1123 2878 quid.

793 2886 872 2923 124

1563 522 1588 556 5

1556 1363 1586 1393 p.
1601 1354 1655 1384 33.

1555 1406 1584 1427 a·
