1903 3218
411 81 491 119 AD
517 80 566 118 D.
593 76 851 117 BRUTUM
878 76 953 114 ET
979 75 1264 113 CETEROS.
1476 77 1553 119 287

125 185 242 238 dore,
262 198 427 226 summa
449 184 587 239 gratia
606 189 684 232 est,
713 184 753 214 47
772 179 1200 236 magnificentissimo
1224 191 1397 242 munere
1419 179 1554 220 aedili-

127 246 218 286 cio:
251 251 407 290 tamen,
429 241 549 295 quasi
571 254 621 280 ea
649 240 711 279 ita
731 252 817 279 non
848 245 1004 286 essent,
1025 251 1107 292 ego
1131 250 1296 290 suscepl
1316 243 1458 298 totum
1481 249 1555 276 ne-

123 301 310 357 gotium.
361 298 504 347 Nune,
521 297 552 336 si
576 308 645 336 me
664 295 773 336 tanti
796 294 915 343 facis,
933 294 1082 346 quanti
1106 302 1220 333 certe
1243 292 1363 341 faeis,
1381 292 1554 345 quando

126 358 318 412 equitum
350 354 561 396 centurias
593 360 726 402 tenes,
749 352 790 390 in
814 351 933 406 queis
964 363 1132 405 regnas,
1154 349 1277 389 mitte
1307 348 1360 388 ad
1385 348 1554 403 Lupum

127 423 337 462 nostruin,
359 421 406 452 ut
436 412 470 451 is
501 409 624 450 nobis
646 424 716 450 eas
747 407 961 449 centurias
992 407 1209 448 conficiat.
1269 404 1370 446 Non
1400 405 1555 446 tenebo

126 478 169 511 te
196 469 403 525 pluribus.
465 466 629 507 Ponam
662 467 705 506 in
737 475 933 506 extremo
961 464 1073 518 quod
1110 463 1262 504 sentio.
1324 461 1447 502 Nihil
1476 469 1556 512 est,

126 527 274 577 Brute,
297 539 394 566 cum
428 523 573 564 omnia
605 538 630 564 a
663 532 703 563 te
736 530 999 577 exspectem,
1021 520 1136 577 quod
1165 519 1270 561 mihi
1300 519 1465 576 gratius
1490 517 1555 560 fa-

128 597 225 625 cere
246 581 396 638 possis,

641 666 1042 705 ARGUMENTUM.

125 731 357 768 Commendat
385 731 533 768 eundem
562 730 744 773 Lamiam,
762 732 901 779 scripta
927 730 1081 778 epistola
1101 729 1197 766 brevi
1220 732 1305 777 post
1322 729 1553 777 superiorem.

396 798 463 839 M.
486 797 537 839 T.
562 798 614 840 C.
647 797 704 840 D.
738 796 963 848 BRUTO,
997 796 1131 838 IMP.
1164 796 1208 837 S.
1233 795 1291 837 D.

128 853 344 908 LAMIA
369 881 451 906 uno
470 865 664 906 omnium
687 863 1017 905 familiarissime
1040 875 1151 905 utor.
1212 862 1380 920 Magna
1399 863 1493 920 ejus
1514 864 1559 905 in

126 936 210 974 me,
239 938 325 964 non
356 923 454 964 dico
485 922 642 974 officia,
665 921 736 962 sed
775 922 939 973 merita,
976 936 1111 977 eaque
1145 928 1245 962 sunt
1277 921 1436 977 populo
1469 921 1560 963 Ro-

127 994 257 1021 mano
288 980 527 1021 notissima.
588 978 631 1020 Is
669 979 1096 1034 magnificentissimo
1132 993 1305 1019 munere
1341 978 1559 1020 aedilitatis

129 1036 395 1093 perfunctus,
418 1037 526 1092 petit
558 1046 812 1092 praeturam:
846 1050 1077 1090 omnesque
1108 1035 1368 1091 intelligunt,
1390 1049 1468 1077 nec
1493 1035 1559 1077 di-

127 1094 338 1149 gnitatem
369 1094 408 1135 ei
439 1094 598 1144 deesse,
621 1107 698 1133 nec
721 1093 918 1147 gratiam.
979 1093 1063 1134 Sed
1093 1095 1133 1123 48
1148 1093 1182 1133 is
1204 1092 1391 1133 ambitus
1412 1103 1560 1134 extare

129 1151 314 1202 videtur,
343 1160 391 1191 ut
423 1165 505 1206 ego
535 1150 681 1191 omnia
712 1150 1025 1204 pertimescam,
1054 1158 1274 1204 totamque
1306 1149 1560 1205 petitionem

133 1207 294 1249 Lamiae
318 1207 425 1248 mihi
449 1207 739 1248 sustinendam
765 1216 928 1262 putem.
988 1206 1040 1246 In
1062 1221 1112 1247 ea
1134 1220 1178 1245 re
1207 1209 1248 1241 49
1261 1215 1469 1260 quantum
1491 1220 1560 1248 me

131 1265 268 1320 possis
298 1264 515 1318 adjuvare,
539 1262 664 1304 facile
697 1263 933 1318 perspicio:
968 1277 1047 1303 nec
1080 1271 1433 1316 vei·o„quantuin
1464 1278 1560 1304 mea

128 1335 257 1361 causa.
284 1321 400 1371 velis,
422 1320 590 1361 dubito.
649 1318 789 1359 Velim
822 1319 970 1374 igitur,
1001 1319 1059 1360 mi
1097 1318 1245 1369 Brute,
1272 1319 1351 1359 tibi
1385 1329 1688 1374 persua-2176.

127 1377 242 1428 deas,
264 1377 371 1418 nihil
396 1392 461 1418 me
488 1376 650 1431 majore
680 1376 822 1417 studio
843 1391 869 1416 a
889 1388 931 1417 te
959 1385 1118 1431 petere,
1140 1375 1247 1417 nihil
1269 1385 1312 1416 te
1333 1377 1438 1417 milii
1461 1391 1558 1433 gra·
1569 1384 1601 1404 ³·

128 1434 214 1475 tius
245 1433 384 1483 faeere
415 1448 553 1489 posse,
575 1447 704 1487 quam
727 1434 760 1473 si
791 1433 992 1474 omnibus
1024 1433 1107 1473 tuis
1137 1433 1308 1488 opibus,
1329 1433 1447 1474 omni
1470 1444 1559 1475 stu-

129 1491 218 1541 dio,
252 1491 445 1532 Lamiam
479 1491 521 1530 in
556 1489 765 1546 petitione
791 1490 982 1545 juveris:
1022 1489 1137 1545 quod
1171 1499 1218 1531 ut
1251 1488 1398 1543 facias,
1432 1490 1560 1532 vehe-

132 1557 297 1598 menter
320 1556 360 1588 te
383 1562 504 1603 rogo.

1572 671 1618 710 17

644 1636 1047 1675 ARGUMENTUM.

132 1699 374 1748 Reprehendit
401 1701 439 1735 in
464 1700 618 1735 Decimo
644 1701 857 1736 nonnullam
885 1701 1026 1735 timoris
1051 1701 1364 1750 significationem.

385 1756 467 1799 post
485 1751 650 1788 Hirtium
669 1757 702 1788 et
722 1753 882 1788 Pansam
901 1752 1060 1787 consules
1078 1752 1297 1802 interfectos.

235 1817 376 1860 M.T.
400 1818 452 1860 C.
486 1818 545 1861 D.
578 1819 803 1871 BRUTO,
836 1818 972 1860 IMP.
1006 1818 1136 1860 COS.
1169 1818 1301 1861 DES.
1333 1820 1378 1861 S.
1412 1819 1470 1862 D.

135 1874 281 1928 ETSI
303 1901 357 1928 ex
392 1887 618 1937 mandatis,
639 1903 736 1943 quae
760 1886 914 1929 Galbae
937 1887 1257 1943 Volumnioque
1287 1889 1340 1930 ad
1371 1898 1566 1932 senatum

134 1943 304 1995 dedisti,
324 1944 428 1999 quid
445 1944 683 1986 timendum
703 1944 1092 2000 suspicandumque
1112 1955 1297 2000 putares,
1317 1947 1566 2002 suspicaba-

133 2014 253 2043 mur:
286 2010 428 2042 tamen
452 2001 670 2042 timidiora
700 2002 902 2042 mandata
933 2001 1201 2053 videbantur,
1229 2018 1357 2058 quam
1383 2013 1475 2046 erat
1500 2005 1566 2046 di-

133 2071 267 2112 gnum
291 2066 365 2099 tua
393 2057 626 2113 populique
657 2057 843 2098 Romani
867 2058 1062 2099 victoria.
1121 2059 1303 2101 Senatus
1325 2070 1484 2115 autem,
1507 2063 1566 2103 mi

136 2114 284 2166 Brute,
306 2114 430 2156 fortis
451 2124 530 2166 est,
552 2125 597 2155 et
618 2115 748 2156 habet
772 2114 904 2156 fortes
926 2116 1069 2158 duces.
1131 2115 1285 2171 Itaque
1305 2118 1484 2160 moleste
1506 2119 1567 2159 fe-

133 2171 270 2222 rebat,
294 2186 337 2212 se
358 2187 384 2212 a
410 2180 466 2222 te,
488 2185 615 2226 quem
646 2173 855 2223 omnium,
877 2173 1137 2228 quicumque
1167 2173 1363 2226 fuissent,
1385 2175 1567 2217 fortissi-

133 2241 252 2275 mum
271 2227 504 2282 judicaret,
527 2228 724 2269 timidum
754 2239 882 2284 atque
903 2229 1107 2284 ignavum
1130 2230 1334 2285 judicari.
1395 2232 1569 2274 Etenim

135 2298 251 2335 cum,
275 2294 317 2325 te
341 2284 521 2336 incluso,
553 2300 672 2341 spem
702 2287 936 2328 maximam
965 2301 1112 2327 omues
1143 2287 1394 2330 habuissent
1424 2290 1469 2331 in
1496 2299 1570 2331 tua

134 2341 309 2393 virtute,
341 2344 381 2372 50
397 2342 576 2383 florente
606 2342 828 2384 Antonio:
871 2343 966 2399 quis
997 2353 1102 2395 erat,
1132 2345 1206 2400 qui
1244 2345 1480 2402 quidquam
1515 2347 1569 2388 ti-

1582 1653 1630 1690 18

1419 1700 1568 1751 Scripta

173 2476 214 2508 47
239 2484 353 2513 magn.
377 2484 421 2505 m.
442 2476 586 2516 oedilitio]
612 2477 665 2507 Sic
687 2477 759 2507 edd.
774 2487 825 2518 pr.

132 2515 170 2545 P.
188 2516 358 2547 Manutius
379 2520 469 2548 1540.
491 2518 616 2549 addidit
629 2529 721 2549 usus.
738 2520 825 2559 quod

134 2561 169 2586 et
195 2558 342 2589 Graevius
366 2561 468 2590 tacite
495 2560 615 2591 edidit:
648 2562 734 2600 quod
759 2571 826 2591 non

868 2478 901 2508 in
930 2483 1076 2509 mentem
1103 2480 1272 2520 suspicari,
1302 2485 1375 2521 post
1406 2485 1568 2521 quantum

869 2520 1022 2551 excidisse
1045 2525 1081 2551 cu
1095 2535 1104 2551 :
1126 2522 1213 2561 quod
1235 2523 1287 2553 hic
1310 2523 1404 2554 facile
1419 2523 1566 2555 excidere

870 2563 989 2602 potuit.
1024 2564 1121 2594 Certe
1136 2567 1183 2595 ita
1196 2565 1380 2595 accuratior
1390 2570 1475 2595 esset
1490 2575 1565 2598 ora·

133 2598 331 2638 displiceret,
346 2602 373 2631 si
389 2601 478 2632 libris
494 2602 693 2633 firmaretur.

176 2644 217 2671 48
239 2642 267 2671 is
287 2644 428 2673 ambitus
448 2648 563 2674 extare
580 2646 628 2684 v.]
675 2647 728 2676 Sic
746 2647 826 2677 MSS.

134 2686 171 2712 et
192 2682 264 2714 edd.
280 2693 328 2723 pr.
351 2685 437 2716 male
459 2686 623 2718 Victorius
645 2689 790 2719 excitare
809 2700 827 2719 e

137 2724 329 2760 quibusdam
356 2736 418 2757 scr.
450 2727 553 2767 libris,
579 2729 666 2761 unde
695 2731 827 2770 quidam

135 2775 175 2796 ea·
182 2767 279 2796 citari
293 2767 410 2801 fecere.

178 2810 219 2842 49
239 2813 400 2848 quantum
417 2821 466 2843 me
482 2821 519 2852 p.
536 2812 585 2853 a.]
631 2813 723 2855 Saepe
737 2815 829 2845 venit

869 2605 918 2635 tio
933 2617 940 2634 ι
964 2610 998 2635 et
1012 2606 1060 2636 ita
1073 2615 1186 2636 sensus
1201 2616 1292 2636 meus
1307 2606 1464 2646 postulat.

913 2649 954 2677 50
965 2647 1109 2688 florente
1130 2647 1282 2687 Antonio]
1330 2649 1415 2679 Puto
1440 2652 1500 2680 aut
1533 2654 1565 2680 et

869 2688 1055 2719 addendum
1069 2700 1151 2727 esse,
1167 2696 1226 2720 aut
1245 2689 1355 2730 potius
1371 2695 1481 2721 totum
1501 2691 1575 2722 hoc'

870 2730 942 2761 loco
958 2741 1016 2761 suo
1035 2739 1164 2762 motum
1180 2740 1249 2762 esse
1270 2736 1304 2762 et
1320 2737 1394 2771 post
1415 2737 1446 2764 te
1460 2733 1566 2765 inclu-

869 2783 902 2803 so
932 2773 1167 2813 reponendum.
1212 2773 1267 2804 Ita
1305 2773 1480 2807 bellissime
1514 2786 1566 2807 re-

870 2815 1078 2856 spondebunt
1101 2816 1172 2847 haee
1200 2816 1411 2856 sequentibus
1431 2822 1466 2850 et
1493 2818 1583 2858 qui—.
