1865 3223
193 256 225 286 p.
241 246 312 276 218.

282 298 312 318 a.

243 1142 293 1178 81

253 1790 284 1821 b.

228 2012 282 2048 32

325 131 401 166 352
556 128 729 167 EPIST.
757 131 945 168 LIBER
970 131 1503 174 TERTIUSDECIMUS

579 231 648 274 M.
671 232 720 274 T.
741 233 793 275 C.
825 234 1042 277 ACILIO
1076 236 1255 278 PROC.
1288 236 1331 278 S.
1359 235 1408 278 P.
1432 238 1490 280 D.

327 286 393 340 L.
417 298 699 343 MANLIUS
720 312 784 342 est
807 303 938 343 Sosis.
1000 302 1041 344 Is
1064 303 1147 345 fuit
1171 303 1440 346 Catinensis:
1473 308 1544 348 sed
1568 315 1645 359 est,
1668 323 1751 351 una

323 370 422 397 cum
446 357 618 412 reliquis
642 359 954 414 Neapolitanis,
987 361 1092 401 civis
1127 360 1348 402 Romanus
1382 360 1535 414 factus,
1557 365 1753 408 decurio·

322 427 405 468 que
436 413 633 470 Neapoli.
657 426 747 455 erat
777 415 890 455 enim
923 416 1161 472 adscriptus
1193 417 1236 457 in
1267 418 1308 459 id
1341 419 1624 475 municipium
1656 432 1754 464 ante

318 470 540 512 civitatem
560 471 686 512 sociis
707 480 750 511 et
774 471 937 512 Latinis
969 473 1128 513 datam.
1190 472 1294 528 Ejus
1328 474 1458 516 frater
1480 476 1648 519 Catinae
1671 493 1750 520 nu-

316 541 394 583 per
415 537 607 569 mortuus
629 539 707 568 est.
768 527 942 569 Nullam
965 530 1142 570 omnino
1165 530 1420 573 arbitramur
1441 534 1493 575 de
1511 549 1562 575 ea
1582 535 1751 577 heredi·

315 593 405 625 tate
437 584 770 625 controversiam
802 599 899 626 eum
937 585 1206 627 habiturum:
1238 596 1281 628 et
1302 599 1366 629 est
1387 589 1515 632 hodie
1537 592 1581 632 in
1606 593 1745 634 bonis.

317 641 415 692 Sed,
438 655 566 696 quum
593 641 722 682 habet
745 651 950 697 praeterea
979 644 1153 699 negotia
1175 651 1317 684 vetera
1339 644 1380 684 in
1401 646 1547 689 Sicilia
1567 663 1668 701 sua3
1699 659 1743 690 et

313 697 424 739 hanc
445 698 723 739 hereditatem
739 698 984 749 fraternam,
997 711 1039 740 et
1053 700 1194 741 omnia
1212 700 1304 755 ejus
1322 700 1399 741 tibi
1413 706 1683 758 commendO,
1700 706 1745 748 in

312 754 546 810 primisque
566 756 703 811 ipsum
728 756 863 796 virum
884 757 1111 812 optimum,
1135 756 1325 812 mihique
1348 757 1741 814 familiarissimum,

313 812 378 853 his
416 812 566 852 studiis
605 813 841 853 litterarum
872 813 1167 868 doctrinaeque
1207 814 1449 869 praeditum,
1473 818 1627 872 quibus
1661 834 1744 876 ego

309 869 499 909 maxime
521 868 723 910 delector.
773 869 881 911 Peto
904 870 1037 926 igitur
1055 870 1130 911 abs
1152 881 1206 921 te,
1230 880 1276 912 ut
1298 885 1411 922 eum,
1431 874 1471 907 69
1485 874 1572 915 sive
1593 876 1744 928 aderit,

309 925 398 965 sive
423 940 505 966 non
529 927 694 967 venerit
727 926 768 967 in
804 927 1010 978 Siciliam,
1035 928 1077 968 in
1115 928 1218 968 meis
1251 928 1430 980 intimis,
1466 932 1739 988 maximeque

307 983 555 1024 necessariis
581 983 687 1024 scias
723 998 842 1035 esse3
875 984 1017 1039 itaque
1051 995 1221 1034 tractes,
1258 993 1306 1026 ut
1339 986 1566 1044 intelligat,
1603 1003 1742 1030 meam

308 1040 728 1085 commendationem
747 1041 827 1082 sibi
852 1056 1010 1097 magno
1034 1042 1284 1097 adjumento
1305 1042 1449 1084 fuisse.

823 1129 1224 1168 ARGUMENTUM.

452 1183 628 1224 Flavium,
650 1183 792 1218 Pisonis
807 1185 931 1229 generi
947 1184 1004 1218 sut
1019 1185 1333 1230 pernecessarium,
1354 1187 1589 1224 commendat.

563 1250 629 1290 M.
653 1249 703 1290 T.
731 1249 781 1291 C.
814 1248 1030 1290 ACILIO
1064 1249 1245 1291 PROC.
1278 1251 1322 1291 S.
1347 1250 1396 1291 P.
1425 1251 1507 1293 D.-

306 1306 367 1358 C.
395 1317 635 1369 FLAVIO,
657 1317 838 1357 honesto
860 1326 903 1357 et
925 1326 1076 1358 ornato
1097 1319 1243 1372 equite
1268 1318 1595 1369 Romano‚ut0r
1613 1320 1734 1362 valde

304 1374 583 1416 familiariter.
628 1374 729 1414 Fuit
749 1374 860 1414 enim
886 1374 1032 1429 generi
1055 1375 1154 1425 mei,
1179 1374 1231 1415 C.
1260 1375 1442 1426 Pisonis,
1468 1391 1737 1432 pernecessa-

302 1433 416 1473 rius:
452 1446 604 1487 meque
625 1431 952 1486 diligentissime
974 1432 1174 1471 observat
1203 1442 1244 1472 et
1268 1432 1372 1487 ipsc,
1402 1443 1444 1473 et
1478 1433 1525 1474 L.
1551 1434 1737 1484 Flavius,

303 1489 433 1530 frater
451 1488 559 1542 ejuS.
622 1488 899 1543 Quapropter
934 1487 1059 1528 velim
1096 1487 1268 1528 honoris
1303 1490 1384 1529 mei
1408 1505 1551 1541 causa,
1579 1491 1737 1545 quibus

300 1546 426 1587 rebus
457 1546 637 1586 honeste
659 1554 701 1585 et
731 1559 806 1600 pro
842 1554 914 1584 tua
946 1545 1159 1600 dignitate
1191 1546 1367 1599 poteris,
1399 1561 1526 1600 quarn
1561 1546 1744 1589 honori-²

299 1602 575 1644 ficentissime
597 1611 641 1642 et
662 1615 790 1656 quam
828 1599 1121 1642 liberalissime
1155 1602 1206 1642 C.
1233 1601 1425 1642 Flavium
1451 1611 1622 1644 tractes.
1684 1603 1733 1646 Id

298 1659 403 1700 mihi
429 1660 489 1700 sic
507 1660 588 1700 erit
610 1667 795 1715 gratum,
816 1668 862 1698 ut
885 1659 1047 1714 gratius
1070 1673 1160 1699 esse
1183 1659 1289 1699 nihil
1310 1660 1459 1714 possit.
1519 1661 1600 1702 Sed
1626 1677 1735 1718 prae-

299 1728 414 1757 terea
436 1717 515 1757 tibi
546 1716 728 1766 affirmo,
762 1729 900 1769 neque
931 1715 970 1755 id
995 1716 1232 1757 ambitione
1261 1717 1471 1758 adductus
1504 1716 1632 1769 facio,
1661 1719 1735 1760 sed

297 1789 394 1815 cum
427 1774 715 1814 familiaritate
747 1781 790 1812 ct
816 1773 1144 1824 necessitudine,
1179 1783 1268 1814 tum
1303 1773 1432 1813 etiam
1456 1775 1658 1825 veritate3
1691 1785 1733 1816 te

296 1846 350 1871 ex
377 1830 427 1872 C.
450 1830 585 1871 Flavii
608 1831 753 1870 officio
787 1838 831 1869 et
866 1830 1154 1881 observantia,
1187 1839 1231 1870 et
1261 1839 1468 1885 praeterea
1506 1831 1731 1886 splendore

296 1898 426 1943 atque
462 1888 573 1929 inter
602 1901 701 1927 suos
738 1886 891 1942 gratia,
922 1901 1123 1942 magnam
1158 1887 1423 1943 voluptatem
1459 1902 1549 1929 esse
1579 1897 1730 1945 captu-

297 1959 404 1986 rum.

817 2000 1221 2038 ARGUMENJ'UM.

469 2053 642 2101 Hospites
658 2065 740 2088 suos
756 2053 1032 2101 Archagathum
1051 2059 1086 2088 et
1106 2054 1300 2089 Philonem
1317 2055 1555 2091 commendat.

558 2119 627 2161 M.
648 2119 698 2160 T.
723 2119 775 2160 C.
806 2119 1022 2161 ACILIO
1057 2120 1237 2162 PROC.
1271 2121 1314 2162 S.
1341 2121 1390 2162 P.
1417 2121 1473 2162 D.

293 2178 369 2231 IN
394 2188 601 2229 Halesina
622 2188 814 2239 civitate,
835 2198 924 2230 tam
947 2189 1075 2239 lauta,
1099 2199 1271 2244 tamque
1294 2189 1444 2240 nobili,
1465 2187 1731 2243 conjunctis-

291 2245 422 2285 simos
455 2245 593 2286 habeo
624 2254 667 2285 et
698 2245 888 2301 hospitio
920 2255 963 2286 et
984 2245 1275 2287 familiaritate
1305 2245 1372 2286 M.
1394 2256 1437 2286 et
1461 2245 1512 2286 C.
1537 2245 1728 2296 Clodios,

290 2302 635 2357 Archagathum,
657 2311 701 2342 et
731 2302 973 2344 Philonem.
998 2304 1069 2344 sed
1094 2317 1253 2354 vereor,
1278 2318 1344 2354 ne,
1367 2303 1467 2357 quia
1488 2302 1728 2358 complures

293 2360 372 2400 tibi
398 2360 615 2414 praecipue
645 2360 917 2411 commendo,
941 2374 1169 2416 exaequare
1193 2362 1335 2401 videar
1366 2360 1602 2400 ambitione
1625 2373 1729 2414 qua—

291 2416 389 2458 dam
413 2416 808 2457 commendationes
830 2431 960 2458 meas.
982 2432 1240 2472 quamquam
1264 2432 1289 2457 a
1312 2426 1352 2457 te
1374 2417 1546 2471 quidem
1576 2430 1726 2456 cumu-

289 2473 374 2515 late
397 2472 552 2514 satisfit
578 2482 621 2513 et
653 2473 774 2524 mihi,
796 2483 838 2514 et
868 2474 973 2515 meis
1008 2475 1223 2515 omnibus.
1286 2474 1368 2514 Sed
1394 2473 1518 2514 velim
1541 2473 1601 2513 sic
1631 2472 1726 2512 exi-

291 2530 452 2582 stimes,
474 2530 586 2571 hanc
619 2528 841 2581 familiam,
863 2542 906 2572 et
939 2531 1032 2582 hos,
1064 2532 1169 2572 mihi
1203 2532 1391 2572 maxime
1419 2544 1509 2570 esse
1544 2530 1728 2584 conjun-

288 2597 382 2629 ctos
410 2596 639 2638 vetustate,
666 2587 836 2639 officiis,
870 2588 1175 2630 benivolentia.
1237 2587 1528 2633 Quamobrem
1565 2596 1666 2642 peto
1703 2599 1743 2628 a*

327 2719 368 2753 69
388 2720 454 2748 sive
477 2716 599 2757 aderit]
625 2717 678 2748 Sic
693 2717 816 2748 habent
838 2717 910 2748 edd.
928 2728 977 2758 pr.
1039 2718 1141 2749 miror
1162 2718 1224 2747 hoc
1248 2726 1315 2747 non
1337 2717 1471 2747 sensisse
1494 2717 1578 2745 viros
1601 2715 1727 2753 doctos,

286 2771 351 2792 nou
380 2762 496 2796 aberit,
513 2761 600 2799 quod
614 2767 665 2790 est
681 2759 846 2790 alienum:
872 2761 980 2790 aderit
1039 2760 1124 2799 quod
1142 2770 1200 2798 ego
1217 2759 1338 2789 dudum
1364 2763 1440 2789 ante
1462 2758 1540 2795 vidi,
1556 2768 1653 2798 quam
1673 2768 1727 2789 ve·

282 2804 462 2843 opponitur
487 2805 528 2842 τῷ
543 2813 608 2834 non
628 2803 762 2838 venerit,
779 2811 846 2834 non
861 2803 977 2834 aberit.
1039 2808 1125 2833 teres
1138 2802 1236 2833 libros
1251 2801 1417 2832 haberem.
