1817 3196
565 95 650 134 AD
690 91 1073 132 LENTULUM.
1460 97 1512 132 22

80 201 354 244 vehementer
373 213 580 242 recusare.
613 197 878 240 Gravissime
893 204 1036 237 autem
1055 208 1125 236 me
1143 197 1186 230 49
1200 195 1243 236 in
1263 194 1375 237 hanc
1394 210 1514 242 men-

82 269 169 300 tem
190 258 360 315 impulit
381 266 425 299 et
449 256 643 312 Pompeii
667 255 786 305 fides,
808 268 936 309 quam
959 254 1012 294 de
1036 266 1103 293 me
1126 251 1286 293 Caesari
1310 252 1512 312 dederat3

81 325 126 357 et
146 316 287 357 fratris
310 315 549 369 mei,quam
573 313 797 368 Pompeio.
831 310 964 352 Erant
986 320 1193 366 praeterea
1208 309 1302 350 haec
1320 311 1513 356 animad-

81 372 283 414 vertenda
304 372 347 413 in
369 373 558 421 civitate,
574 385 672 424 quae
694 378 794 410 sunt
811 368 925 424 apud
949 367 1174 409 Platonem
1196 378 1389 409 nostrum
1409 372 1513 412 scri-

77 439 154 486 pta
186 429 419 470 divinitus:
453 428 612 474 Quales
642 427 686 466 in
718 425 938 496 republica
970 425 1185 481 principes
1220 436 1376 477 essent,
1407 428 1511 470 tales

78 486 262 542 reliquos
283 486 417 527 solere
445 499 537 526 csse
568 485 698 525 cives.
767 482 977 524 Fenebam
1009 483 1230 534 memoria,
1253 484 1377 524 nobis
1409 500 1514 527 con-

76 542 254 594 sulibus,
276 557 326 584 ea
346 540 761 597 fundamentajacta
788 554 843 581 ex
874 539 1080 581 Kalendis
1107 538 1324 581 Januariis
1357 542 1515 583 confir-

77 600 222 641 mandi
260 610 444 650 senatus,
478 609 526 640 ut
561 599 775 639 neminem
809 596 954 637 mirari
992 606 1224 652 oporteret,
1260 599 1384 640 nonis
1425 598 1514 640 De-

78 656 262 699 cembris
290 668 458 698 tantum
488 655 552 697 vel
581 655 713 696 animi
742 653 872 695 fuisse
901 654 944 694 in
974 653 1045 694 illo
1075 654 1239 706 ordine,
1269 657 1335 697 vel
1365 667 1515 699 aucto-

76 714 229 756 ritatis.
292 714 499 768 Idemque
525 712 817 762 memineram,
839 710 963 752 nobis
986 711 1162 767 privatis
1185 727 1319 768 usque
1340 714 1392 755 ad
1416 714 1517 756 Cae·

78 785 215 812 sarem
235 780 280 812 et
302 770 507 811 Bibulum
531 769 741 819 consules,
760 783 856 810 cum
881 769 1104 810 sententiae
1128 778 1285 811 nostrae
1308 785 1516 827 magnum

78 827 123 868 in
145 838 293 869 senatu
319 827 484 884 pondus
506 827 728 876 haberent,
751 841 882 867 unum
905 825 993 866 fere
1015 840 1185 867 sensum
1217 826 1348 869 fnisse
1381 829 1517 870 bono-

75 898 170 926 rum
190 885 400 927 omnium.
443 884 614 935 Postea,
636 886 676 914 50
689 897 788 925 cum
810 893 854 924 tu
877 882 1134 939 Hispaniam
1155 884 1399 926 citeriorem
1416 901 1518 928 cum

76 942 258 997 imperio
292 943 524 993 obtineres,
556 955 694 995 neque
731 940 973 996 respublica
1001 940 1196 982 consules
1227 941 1420 993 haberet,
1443 943 1519 986 sed

76 1009 334 1040 mercatores
357 998 692 1055 provinciarum,
713 1008 757 1038 et
775 997 1034 1038 seditionum
1054 1012 1196 1039 servos
1216 1014 1265 1040 ac
1281 1000 1518 1053 ministros,

77 1056 234 1111 ⁵¹jecit
254 1056 429 1111 quidam
452 1069 576 1097 casus
597 1064 728 1110 caput
757 1069 917 1105 meum,
949 1055 1070 1109 quasi
1101 1056 1347 1097 certaminis
1374 1072 1518 1109 causa,

75 1111 120 1153 in
157 1113 342 1155 mediam
372 1113 696 1154 contentionem
742 1112 1138 1167 dissensionemque
1167 1113 1352 1156 civilem.
1414 1115 1516 1162 Quo

77 1170 124 1211 in
141 1170 389 1212 discrimine
409 1184 507 1211 cum
543 1168 750 1210 mirificus
784 1177 970 1219 senamS,
999 1169 1261 1211 incredibilis
1286 1170 1424 1213 Italiae
1447 1182 1514 1213 to-

83 1226 183 1278 tius,
205 1227 432 1283 singularis
464 1228 658 1266 omnium
682 1226 895 1267 bonorum
921 1239 1153 1266 consensus
1180 1227 1223 1267 in
1253 1243 1322 1269 me
1352 1230 1622 1271 tuendop·13·

75 1285 338 1326 exstitisset:
371 1298 458 1324 non
479 1283 636 1333 dicam,
657 1282 761 1337 quid
779 1282 1010 1324 acciderit:
1041 1283 1274 1324 multorum
1297 1294 1362 1326 est
1383 1283 1556 1338 enim,²·

75 1349 120 1382 et
142 1341 259 1382 varia
278 1340 430 1396 culpa:
463 1348 632 1381 tantum
663 1339 803 1381 dicam
836 1339 970 1391 brevi,
1002 1354 1090 1381 non
1120 1340 1227 1382 mihi
1261 1342 1517 1395 exercitum,

76 1398 150 1440 sed
170 1398 300 1440 duces
322 1397 523 1438 defuisse.
584 1396 636 1438 In
657 1411 759 1451 quo,
781 1405 830 1437 ut
845 1397 939 1452 jam
973 1397 1028 1437 sit
1049 1397 1093 1438 in
1116 1397 1167 1438 iis
1190 1398 1331 1455 culpa,
1353 1400 1427 1456 qui
1448 1414 1520 1442 me

76 1470 166 1497 non
187 1454 498 1507 defenderunt3
530 1468 616 1495 non
639 1454 781 1495 minor
803 1463 868 1495 est
889 1453 934 1495 in
956 1454 1023 1505 iis,
1045 1455 1120 1510 qui
1142 1455 1428 1512 reliquerunt:
1461 1469 1521 1509 et,

78 1515 119 1545 52
135 1512 170 1553 si
192 1512 421 1553 accusandi
454 1520 568 1562 sunt,
590 1511 624 1552 si
654 1511 728 1565 qui
762 1511 1102 1567 pe1·timuerunt;
1143 1513 1282 1568 magis
1304 1515 1434 1555 etiam
1456 1529 1522 1556 re-

76 1569 384 1626 prehendendi,
402 1568 437 1610 si
456 1569 530 1624 qui
553 1582 596 1609 se
619 1568 769 1608 timere
792 1567 1060 1609 simularunt.
1092 1568 1202 1610 Illud
1217 1570 1391 1625 quidem
1405 1582 1522 1613 certe

79 1636 276 1669 nostrum
299 1625 526 1667 consilium
548 1625 649 1680 jure
683 1625 943 1666 laudandum
972 1637 1050 1676 est,
1080 1627 1154 1682 qui
1185 1642 1302 1668 meos
1324 1628 1454 1680 cives,
1477 1640 1521 1670 et

80 1698 107 1725 a
127 1697 195 1724 me
215 1692 507 1733 conservatos,
529 1693 573 1723 et
594 1697 663 1723 me
685 1696 852 1723 servare
887 1683 1125 1739 cupientes,
1162 1684 1366 1740 spoliatos
1399 1686 1521 1728 duci-

78 1740 174 1792 bus,
197 1740 328 1782 servis
360 1741 533 1781 armatis
564 1739 698 1795 objici
721 1739 947 1791 noluerim,
968 1740 1260 1796 declararique
1280 1741 1520 1795 maluerim,

78 1807 240 1853 quanta
267 1797 331 1838 vis
367 1811 458 1837 esse
492 1798 704 1853 potuisset
736 1797 780 1838 in
810 1811 1021 1839 consensu
1046 1797 1274 1849 bonorum,
1308 1800 1339 1839 si
1369 1800 1418 1840 iis
1440 1815 1520 1856 pro

77 1868 147 1896 me
169 1862 309 1895 stante
330 1868 521 1910 pugnare
543 1854 757 1906 licuisset3
788 1869 888 1895 cum
910 1854 1118 1896 afflictum
1141 1856 1332 1897 excitare
1356 1857 1520 1912 potuis-

80 1921 188 1953 sent.
249 1912 448 1958 Quorum
481 1911 653 1966 quidem
684 1912 877 1952 animum
907 1919 953 1952 tu
976 1926 1063 1952 non
1085 1913 1343 1969 perspexisti
1365 1913 1520 1967 solum,

81 1983 182 2010 cum
221 1969 274 2010 de
307 1982 376 2009 me
405 1982 568 2024 ageres,
591 1968 664 2009 sed
700 1969 829 2009 etiam
864 1968 1129 2010 confirmasti
1162 1980 1291 2026 atque
1326 1972 1519 2013 tenuisti.

81 2026 182 2072 Qua
203 2026 246 2066 in
268 2040 398 2066 causa
418 2030 523 2078 (non
559 2025 689 2066 modo
714 2040 798 2066 non
823 2026 1007 2081 negabo,
1031 2026 1104 2067 sed
1125 2027 1256 2068 etiam
1279 2042 1446 2084 semper
1477 2039 1521 2070 et

77 2083 329 2134 meminero,
363 2093 407 2122 et
439 2082 686 2138 praedieabo
707 2082 925 2134 libenter,)
956 2098 1057 2124 usus
1087 2098 1131 2124 es
1163 2086 1422 2139 quibusdam
1443 2101 1522 2128 no-

76 2140 295 2181 bilissimis
318 2139 580 2190 hominibus,
606 2139 857 2181 fortioribus
882 2140 926 2181 in
948 2155 1017 2181 me
1036 2141 1316 2194 restituendo,
1340 2146 1379 2172 53
1393 2157 1524 2198 quam

80 2196 252 2238 fuerant
281 2196 411 2237 iidem
444 2196 489 2237 in
521 2198 732 2239 tenendo:
764 2200 902 2252 5⁴qua
933 2197 978 2238 in
1011 2199 1225 2240 sententia
1259 2200 1295 2240 si
1327 2210 1526 2241 constare

120 2311 162 2344 49
184 2310 220 2339 in
234 2309 296 2339 hac
310 2314 415 2339 mente
431 2308 577 2348 impulit]
604 2309 716 2340 Potest
729 2319 779 2340 es-

823 2311 985 2350 conjicere
1010 2312 1045 2342 ii.
1102 2311 1165 2342 Sed
1194 2317 1229 2343 et
1256 2322 1332 2343 mox
1356 2314 1390 2343 in
1419 2314 1524 2346 altero

79 2361 131 2385 ne:
156 2361 240 2382 cum-
250 2352 284 2381 in
300 2351 384 2381 hane
402 2358 549 2381 mentem
572 2351 780 2388 inclinarem,

823 2353 969 2383 membro
987 2359 1036 2384 est
1058 2354 1086 2384 ,ςὶ
1107 2356 1175 2393 qui,
1191 2360 1224 2385 et
1239 2356 1266 2384 si
1281 2356 1335 2395 qui
1350 2362 1438 2386 recte
1454 2367 1527 2397 pas-

80 2395 196 2426 movit.
210 2403 261 2423 me
284 2393 325 2423 ad
347 2392 586 2423 decernendum
610 2393 682 2423 boe.
729 2394 780 2424 Sic

80 2436 245 2466 labantem
265 2436 428 2475 impellere
442 2439 478 2464 et
499 2435 575 2466 alia.
619 2435 681 2465 Sed
703 2435 780 2466 faci-

79 2477 143 2508 lius
158 2483 208 2508 est
223 2479 258 2507 in
273 2479 358 2507 lame
373 2481 526 2513 mentem,
543 2482 580 2506 ut
594 2485 643 2507 est
658 2477 692 2507 iu
708 2477 781 2509 edd.

80 2519 176 2553 Rom.
196 2521 287 2552 1⁴71.
304 2520 362 2549 διο.
407 2518 471 2548 Ms.
490 2525 603 2549 nostro
617 2524 652 2550 et
666 2519 730 2550 Gu.

123 2564 163 2592 50
185 2571 259 2591 cum
275 2564 312 2591 tu
328 2561 424 2600 Hisp.
441 2561 608 2601 obtineres]
634 2571 679 2591 se.
702 2562 782 2591 Pro·

83 2609 218 2643 praetor,
240 2602 296 2633 sed
321 2613 397 2633 cum
424 2603 576 2642 imperio,
603 2613 678 2634 cum
706 2603 785 2634 alias

83 2644 304 2685 Propraetores
332 2645 399 2674 fere
433 2650 566 2675 tantum
582 2645 786 2683 jurisdictio-

84 2695 162 2717 nem
179 2687 350 2723 haberent,
365 2696 391 2717 s.
402 2697 476 2717 cum
491 2694 654 2727 potestate
664 2693 785 2719 essent.

125 2731 161 2759 51
179 2727 263 2769 jecit
280 2729 415 2768 quidam
430 2739 523 2759 casus
544 2729 618 2769 &c.]
645 2730 787 2769 Elegans

84 2769 201 2803 allusio
230 2769 270 2801 ad
296 2770 442 2801 fabulam
468 2771 507 2802 de
532 2781 632 2812 pomo
658 2772 788 2809 Eridos,

86 2813 235 2851 coniecto
249 2812 338 2844 iuter
353 2813 453 2843 Deas.

130 2856 169 2885 52
190 2855 219 2885 εἰ
235 2855 412 2887 accusandi
432 2859 522 2895 sunt,
546 2856 574 2887 εἰ
589 2855 659 2900 qui]
686 2856 790 2888 Possis

824 2395 884 2424 sim
909 2404 967 2434 pro
989 2397 1054 2435 qui.
1078 2395 1201 2427 addidit
1224 2397 1338 2427 Cicero
1359 2398 1400 2435 si,
1423 2404 1460 2429 ut
1482 2401 1525 2429 si-

823 2436 915 2467 milia
929 2444 1037 2468 essent
1052 2440 1223 2478 utriusque
1240 2441 1377 2470 membri
1392 2441 1499 2471 initia.

867 2481 906 2509 53
929 2489 1030 2518 quam
1039 2480 1190 2520 fuerant
1208 2482 1231 2511 z'.
1250 2483 1285 2512 in
1299 2483 1446 2522 tenendo]
1466 2484 1528 2513 Pro

826 2521 1017 2561 retinend03
1041 2523 1087 2553 sic
1108 2527 1143 2553 et
1164 2523 1242 2554 alibi
1264 2527 1370 2554 tenere
1395 2525 1529 2562 dicitur,

825 2569 863 2593 ut
879 2564 992 2593 statim
1006 2571 1096 2602 ante,
1107 2566 1308 2606 confirmasti
1317 2571 1413 2605 atque
1423 2569 1529 2597 tenui-

826 2607 879 2636 sti.
902 2615 932 2635 ν.
956 2611 991 2636 et
1012 2607 1104 2638 Clav.
1149 2608 1211 2638 Sed
1239 2609 1348 2638 nescio
1367 2609 1530 2648 quomodo

827 2646 881 2678 hie
914 2656 982 2678 non
1010 2649 1088 2679 satis
1112 2649 1230 2689 placet.
1255 2650 1430 2689 malimque
1451 2653 1530 2682 reti-

827 2690 930 2720 nendo
948 2690 998 2721 vel
1012 2692 1140 2722 tuendo.

872 2734 913 2763 54
935 2734 1049 2771 quain
1062 2735 1220 2764 sententia
1242 2734 1269 2764 .ςὶ
1294 2738 1439 2767 constare
1451 2734 1530 2775 vol]

830 2779 977 2805 constare
997 2780 1047 2806 est
1071 2775 1104 2806 h.
1129 2776 1152 2806 l.
1178 2782 1343 2816 perstare3
1366 2777 1422 2808 sed
1448 2778 1534 2808 forte

831 2817 952 2849 excidit
965 2819 1043 2852 sibi.·
1060 2819 1087 2849 εἰ
1102 2818 1160 2849 sibi
1175 2822 1320 2851 constare
1333 2820 1516 2856 voluissent,

772 2904 850 2942 ‹24
