1865 3223
390 88 470 126 AD
497 89 539 127 C.
567 85 879 126 MEMMIUM
906 84 979 122 ET
1005 84 1193 122 ALIOS.
1434 88 1509 121 355

86 189 230 232 studio
251 188 550 233 commendare
571 204 657 232 non
681 189 856 245 possim.
892 186 1195 229 Gratissimum
1219 186 1323 227 mihi
1349 186 1512 237 feceris,

89 247 122 286 si
158 249 332 298 curaris,
362 259 407 289 ut
440 248 651 303 intelligat
684 246 894 295 Bruttius,
928 245 970 285 id
1003 243 1117 298 quod
1149 243 1186 282 ei
1218 244 1372 299 recepi,
1405 244 1514 284 lianc

85 316 225 345 meam
247 305 659 348 commendationem
683 303 764 343 sibi
788 316 945 357 magno
969 300 1217 355 adjumento
1240 299 1382 341 fuisse.

591 390 994 429 ARGUMENTUM.
1522 389 1576 431 39

496 455 700 491 Titurnium
720 453 858 504 Rufum
878 454 1112 490 commendat.

344 523 409 563 M.
431 522 481 562 T.
506 522 557 563 C.
590 521 804 563 ACILIO
839 519 1020 562 PROC.
1054 520 1097 561 S.
1122 518 1170 560 P.
1196 517 1252 560 D.

86 575 230 630 CUM
265 589 426 630 familia
454 589 651 631 Titurnia
684 589 952 630 necessitudo
987 587 1091 628 mibi
1116 585 1342 626 intercedit
1367 591 1512 625 vetus:

85 658 139 685 ex
163 660 246 700 qua
276 646 460 701 reliquus
491 656 554 688 est
587 646 653 687 M.
675 645 896 687 Titurnius
921 643 1085 694 *Rufum
1109 643 1181 698 qui
1213 642 1319 683 mihi
1341 643 1380 674 73
1395 640 1513 682 omni

85 701 308 757 diligentia
338 714 465 758 atque
496 704 640 745 officio
671 712 735 744 est
765 702 962 744 tuendus.
1024 700 1101 742 Est
1122 700 1255 756 igitur
1277 700 1318 741 in
1343 709 1416 738 tua
1439 713 1515 754 po-

87 767 253 809 testate,
276 769 323 800 ut
345 760 413 800 ille
436 761 477 801 in
501 775 568 802 me
589 760 692 802 satis
713 761 794 801 sibi
816 759 1004 816 praesidii
1027 767 1150 814 putet
1171 770 1275 797 esse.
1315 755 1515 810 Quapro-

83 823 177 869 pter
212 829 309 857 eum
344 817 420 859 tibi
456 818 711 859 commendo
746 818 789 858 in
824 816 1028 871 majorem
1061 814 1259 856 modum:
1292 820 1335 853 et
1363 812 1439 853 abs
1473 820 1515 852 te

82 880 199 926 peto,
232 873 407 926 efficias,
437 885 484 915 ut
521 875 555 916 is
590 874 1009 916 commendationem
1043 872 1154 912 hanc
1188 870 1399 926 intelligat
1431 868 1514 910 sibi

83 942 242 984 magno
264 931 514 986 adjumento
536 931 680 973 fuisse.
743 930 836 972 Erit
856 930 962 972 mihi
986 929 1257 970 vehementer
1279 937 1464 983 gratum.

598 1018 1001 1058 ARGUMENTUM.
1526 1014 1583 1051 40

82 1080 250 1119 Aurelios
257 1081 402 1132 flatres
416 1085 625 1132 proconsuli
642 1084 866 1120 Macedoniae
884 1081 1119 1121 commendat,
1141 1080 1314 1128 Pompeio
1333 1083 1367 1114 et
1389 1078 1516 1114 Crasso

718 1147 823 1172 coss.
845 1147 889 1172 11.

160 1198 228 1242 M.
251 1200 302 1242 T.
326 1202 377 1243 C.
411 1203 467 1249 Q.
490 1202 840 1253 ANCHARIO,
874 1202 931 1248 Q.
955 1201 1002 1242 F.
1028 1199 1208 1242 PROC.
1242 1199 1285 1240 S.
1311 1198 1360 1239 P.
1388 1198 1443 1240 D.

86 1253 151 1308 L.
175 1276 218 1310 et
241 1267 292 1310 C.
312 1268 523 1320 Aurelios,
548 1270 596 1311 L.
619 1270 743 1320 filios,
765 1269 921 1324 quibus
943 1278 986 1309 et
1007 1268 1125 1323 ipsis,
1147 1276 1190 1307 et
1212 1275 1332 1322 patre
1353 1280 1515 1316 eorum,

85 1324 177 1366 viro
208 1326 390 1381 optimo,
413 1327 740 1367 familiarissime
772 1335 884 1377 utor,
905 1324 1161 1366 commendo
1197 1323 1276 1364 tibi
1308 1323 1515 1378 majorem

85 1381 128 1421 in
160 1383 351 1433 modum,
382 1383 672 1424 adolescentes
703 1384 903 1424 omnibus
934 1382 1110 1438 optimis
1136 1381 1300 1422 artibus
1328 1389 1517 1430 ornatos,

83 1451 202 1479 meos
225 1441 574 1495 pernecessarios,
599 1451 671 1481 tua
691 1441 883 1481 amicitia
903 1439 1194 1495 dignissimos.
1251 1437 1296 1478 Si
1320 1437 1404 1478 ulla
1426 1450 1521 1477 mea

86 1496 200 1550 apud
224 1506 265 1536 te
286 1498 605 1538 commendatio
629 1497 781 1548 valuit;
812 1500 853 1531 7⁴
864 1497 979 1551 quod
1003 1497 1091 1537 scio
1115 1495 1269 1536 multas
1290 1495 1520 1550 plurimum

87 1551 295 1605 valuisse3
327 1553 421 1594 haec
453 1563 500 1594 ut
530 1554 682 1605 valeat,
715 1569 834 1609 rogo.
896 1553 1063 1600 Quodsi
1100 1566 1172 1593 eos
1203 1551 1440 1592 honorifice
1471 1550 1520 1591 li·

85 1608 368 1665 beraliterque
391 1611 609 1653 tractaris:
641 1622 684 1652 et
706 1611 786 1652 tibi
818 1611 1085 1666 gratissimos
1114 1609 1388 1664 optimosque
1419 1607 1520 1648 ado-

83 1663 289 1708 lescentes
311 1667 574 1722 adjunxeris,
597 1678 639 1708 et
661 1668 767 1709 mihi
791 1668 1082 1724 gratissimum
1106 1665 1270 1706 feceris.
1332 1664 1451 1705 Vale.

595 1757 745 1794 ARGU
747 1757 867 1795 MEN
869 1757 998 1794 TUM.
1531 1761 1558 1797 4
1566 1761 1583 1796 1

128 1818 279 1855 Gratias
297 1821 377 1867 agit
394 1824 430 1856 et
447 1832 511 1856 suo
530 1825 565 1855 et
585 1821 752 1868 Pompeii
769 1822 913 1856 nomine
927 1832 995 1867 pro
1017 1819 1170 1855 Culleoli
1189 1831 1276 1866 erga
1295 1818 1488 1856 Lucceium

356 1873 601 1919 benignitate:
630 1874 849 1920 eundemque
868 1873 982 1908 denuo
1002 1873 1238 1907 commendat.

360 1937 428 1981 M.
450 1938 501 1981 T.
525 1939 577 1981 C.
612 1939 659 1980 L.
684 1938 1012 1981 CULLEOLO
1045 1939 1089 1979 S.
1115 1938 1164 1979 P.
1190 1937 1246 1979 D.
1530 1948 1562 1979 b.

87 1991 246 2055 QUAE
277 2004 416 2048 fecisti
451 2008 499 2048 L.
526 2007 698 2048 Lucceii
731 2022 873 2057 causa,
895 2008 1002 2048 scire
1034 2017 1074 2047 te
1097 2006 1221 2062 plane
1246 2005 1356 2055 volo,
1381 2014 1421 2046 te
1441 2003 1521 2045 ho-

84 2062 192 2103 mini
231 2064 475 2119 gratissimo
513 2065 832 2106 commodasse:
865 2074 908 2105 et
950 2078 1047 2105 cum
1091 2064 1187 2119 ipsi,
1226 2078 1321 2117 quae
1365 2061 1522 2112 fecisti,

87 2129 289 2175 pergrata
320 2131 432 2173 sunt,
473 2131 563 2162 tum
604 2121 852 2177 Pompeius,
889 2121 1244 2175 quotiescumque
1285 2134 1352 2159 me
1392 2119 1523 2170 videt,

88 2176 227 2228 (videt
263 2188 406 2219 autem
446 2180 595 2235 saepe‚)
634 2179 792 2235 gratias
835 2179 911 2218 tibi
955 2179 1047 2234 agit
1086 2178 1335 2233 singulares,
1396 2175 1522 2217 Addo

87 2233 218 2274 etiam
251 2233 369 2286 illud,
391 2236 506 2290 quod
538 2236 618 2277 tibi
647 2235 1012 2291 jucundissimum
1046 2249 1137 2276 esse
1173 2244 1289 2275 certo
1324 2234 1428 2284 scio,
1454 2248 1523 2274 me

86 2288 229 2345 ipsum
266 2305 321 2332 ex
356 2301 430 2333 tua
466 2307 568 2349 erga
601 2293 833 2334 Lucceium
868 2293 1150 2349 benignitate,
1186 2292 1376 2332 maxima
1403 2291 1523 2332 volu-

87 2355 209 2410 ptate
239 2349 368 2390 affici.
429 2349 558 2396 Quod
592 2359 797 2406 superest,
819 2364 1080 2405 quamquam
1110 2349 1217 2390 mihi
1247 2363 1334 2389 non
1361 2358 1424 2388 est
1447 2348 1523 2388 du-

90 2403 226 2455 blum,
246 2406 351 2460 quin
381 2420 479 2447 cum
513 2418 639 2448 antea
672 2417 817 2448 nostra
851 2422 992 2458 causa,
1015 2421 1129 2448 nunc
1155 2406 1246 2461 jam
1277 2406 1405 2446 etiam
1438 2414 1522 2445 tuae

90 2462 346 2504 constantiae
370 2464 523 2519 gratia,
546 2479 768 2505 mansurus
791 2464 846 2504 sis
870 2465 910 2504 in
944 2465 1091 2506 eadem
1127 2463 1209 2504 ista
1242 2462 1520 2503 liberalitate:

90 2526 234 2559 tamen
269 2520 345 2560 abs
383 2531 424 2561 te
446 2521 718 2562 vehementer
755 2522 884 2561 etiam
924 2532 1052 2577 atque
1083 2521 1211 2562 etiam
1248 2529 1361 2575 peto,
1386 2528 1522 2568 ntea,

134 2644 175 2675 73
197 2644 285 2673 omni
313 2645 408 2684 dilig.
435 2649 532 2686 atque
560 2644 676 2686 officio]
705 2645 783 2676 Non
832 2646 919 2675 tinet
933 2646 1044 2685 quod?
1088 2645 1185 2675 Patet
1198 2653 1265 2674 esse
1291 2641 1521 2682 parenthesin:

91 2684 171 2715 satis
205 2683 278 2715 haee
310 2685 373 2716 duo
406 2688 592 2718 consentire
618 2688 782 2719 videntur.
833 2687 867 2717 in
892 2697 931 2717 ea
952 2688 1036 2727 quod
1060 2688 1168 2717 locum
1193 2695 1258 2715 non
1286 2683 1394 2713 habet.
1439 2683 1523 2713 Puto

91 2727 180 2757 omm‘
201 2725 304 2766 officio
316 2737 356 2758 ac
367 2730 491 2768 pietate
505 2735 553 2760 est
577 2729 640 2771 Ep.
659 2730 686 2765 l,
706 2733 730 2759 1.
746 2734 782 2760 at
832 2739 900 2759 esse
923 2729 1117 2769 legendum:
1141 2738 1222 2767 quas
1238 2727 1301 2757 scio
1325 2727 1446 2756 multae
1469 2736 1523 2755 ιά-

92 2767 236 2809 οῇὶοἰὶιπι
251 2773 301 2799 est
315 2779 430 2809 genus,
445 2772 618 2811 diligentia
634 2771 761 2803 modus.
833 2773 939 2802 luisse.

135 2813 176 2845 74
196 2811 282 2851 quod
291 2812 355 2844 scio
370 2815 493 2844 multas
505 2813 589 2853 val.]
614 2815 688 2855 Quo
712 2823 784 2854 per—

748 2869 776 2896 Α
801 2871 825 2896 a
846 2863 871 2897 2
