1903 3218
302 86 378 120 252
681 83 859 121 EPIST.
890 83 1076 121 LIBER
1102 82 1373 131 DECIMUS

754 185 986 228 CICERO
1019 186 1282 229 PLANCO.

302 239 502 293 NIHIL
536 261 633 308 post
665 252 889 295 hominum
928 255 1176 295 memoriam
1211 254 1452 310 gloriosius,
1491 250 1597 292 nihil
1636 265 1732 307 gra·

299 308 398 359 tius,
439 324 490 350 ne
523 318 715 364 tempore
748 311 919 365 quidem
956 312 1048 367 ipso
1082 312 1365 366 opportunius
1405 310 1596 349 accidere
1629 308 1731 359 vidi,

296 380 424 420 quam
449 375 557 416 tuas,
582 366 755 418 Plance,
777 367 953 408 litteras.
1015 368 1213 408 Redditae
1246 379 1345 408 sunt
1374 367 1486 407 enim
1519 365 1730 419 frequenti

294 432 443 463 senatu
478 423 687 473 Cornuto,
723 438 821 464 cum
857 424 890 464 is
925 424 1102 479 frigidas
1137 438 1235 463 sane
1269 434 1312 465 et
1342 424 1632 464 inconstantes
1666 434 1730 461 re·

294 479 467 521 citasset
502 479 663 520 litteras
703 479 869 534 Lepidi.
904 480 982 520 sub
1019 494 1087 520 eas
1122 480 1266 521 statim
1294 481 1484 521 recitatae
1507 487 1606 519 sunt
1628 486 1729 527 tuae,

294 550 377 576 non
419 537 508 577 sine
545 536 712 591 magnis
749 536 923 590 quidem
964 535 1235 576 clamoribus.
1297 536 1408 577 Cum
1451 536 1575 576 rebus
1614 533 1729 574 enim

292 592 396 648 ipsis
418 601 558 633 essent
579 602 622 632 et
645 592 796 633 studiis
828 592 1130 647 beneficiisque
1162 594 1202 632 in
1235 593 1539 648 rempublicam
1577 589 1730 646 gratis—

292 650 439 690 simae:
473 660 560 690 tum
584 659 704 690 erant
727 649 990 704 gravissimis
1014 651 1053 679 553
1065 649 1203 689 verbis
1227 658 1268 689 et
1293 650 1528 689 sententiis.
1587 646 1728 703 Flagi-

292 715 380 746 tare
413 716 583 747 senatus
618 706 776 746 institit
813 706 1070 756 Cornutum,
1095 715 1141 746 ut
1171 705 1345 746 referret
1379 706 1521 746 statim
1557 706 1608 746 de
1644 703 1727 744 tuis

291 762 455 803 litteris.
520 762 594 803 Ille
618 777 660 802 se
692 763 960 803 considerare
986 762 1103 803 velle.
1165 762 1277 803 Cum
1312 763 1349 802 ei
1387 776 1590 817 magnum
1622 776 1721 801 cou-

290 820 449 860 vicium
473 820 593 859 fieret
617 829 774 860 cuncto
798 834 822 859 a
843 830 1007 869 senatu,
1030 820 1219 874 quinque
1251 819 1410 859 tribuni
1446 817 1580 873 plebei
1614 828 1726 858 retu-

290 876 442 916 lerunt.
505 875 708 916 Servilius
748 885 939 931 rogatus,
974 890 1059 916 rem
1094 875 1274 916 distulit.
1309 890 1390 930 ego
1427 888 1520 915 eam
1559 883 1726 914 senteu-

291 934 392 972 tiam
416 932 524 982 dixi,
547 932 614 973 cui
638 942 738 973 sunt
760 933 917 973 assensi
950 933 1000 973 ad
1036 947 1182 973 unum.
1206 947 1255 972 ea
1277 946 1372 986 quae
1408 931 1552 980 fuerit,
1574 946 1627 971 ex
1662 944 1725 970 se-

288 998 412 1030 natus
452 989 648 1030 consulto
691 1004 940 1045 cognosces
1001 989 1082 1039 Tu,
1115 1003 1374 1044 quamquam
1418 988 1597 1029 consilio
1639 1001 1724 1028 non

288 1061 403 1101 eges,
426 1046 491 1087 vel
513 1046 703 1087 abundas
737 1046 894 1102 potiuS,
918 1056 1060 1087 tamen
1095 1046 1177 1087 hoc
1212 1046 1355 1085 animo
1388 1060 1478 1085 esse
1512 1045 1655 1095 debes,
1678 1053 1726 1084 ut

286 1104 392 1144 nihil
414 1103 500 1144 huc
522 1104 715 1157 rejicias:
748 1118 854 1144 neve
891 1105 933 1144 in
970 1104 1093 1143 rebus
1129 1112 1215 1143 tam
1251 1102 1418 1152 subitis,
1442 1111 1613 1157 tamque
1649 1115 1723 1141 an-

287 1161 423 1216 gustis
446 1175 471 1200 a
492 1173 639 1201 senatu
664 1161 889 1201 consilium
917 1160 1145 1216 petendum
1170 1169 1306 1215 putes.
1356 1158 1454 1214 Ipse
1477 1159 1555 1198 tibi
1580 1159 1635 1198 sis
1660 1171 1722 1198 se-

287 1227 426 1258 natus.
450 1232 721 1273 quocumque
746 1228 785 1258 te
809 1218 916 1258 ratio
940 1217 1188 1272 reipublicae
1215 1217 1357 1266 ducet,
1383 1229 1572 1270 sequare.
1635 1214 1723 1255 Cu-

289 1288 368 1325 res,
400 1284 448 1314 ut
485 1282 584 1315 ante
625 1276 663 1305 53
678 1274 840 1315 factum
878 1274 1049 1329 aliquod
1090 1289 1114 1313 a
1153 1284 1194 1313 te
1227 1272 1450 1328 egregium
1483 1272 1720 1321 audiamus,

243 1341 415 1386 b.quam
452 1330 643 1372 futurum
668 1332 920 1386 putarimus.
982 1330 1090 1371 lllud
1117 1331 1193 1371 tibi
1221 1331 1442 1385 promitto,
1464 1328 1671 1383 quidquid
1696 1343 1720 1368 a

288 1397 330 1429 te
347 1389 429 1429 erit
453 1387 629 1437 factum,
651 1389 692 1428 id
717 1397 926 1438 senatum,
949 1403 1033 1427 non
1057 1387 1186 1427 modo
1212 1397 1256 1427 ut
1276 1386 1470 1436 fideliter,
1493 1385 1561 1426 sed
1587 1386 1717 1425 etiam

288 1456 336 1485 ut
357 1444 569 1501 sapienter
592 1444 769 1496 factum,
791 1445 1189 1500 comprobaturum.

222 1544 269 1584 17
798 1531 1198 1570 ARGUMENTUM.

284 1596 503 1632 Praesentem
521 1597 603 1635 belli
621 1601 758 1633 statum
777 1597 956 1635 describit,
978 1608 1055 1631 cnm
1075 1595 1302 1631 excusatione
1316 1592 1456 1642 fratris
1474 1605 1497 1628 α
1513 1604 1550 1628 se
1567 1593 1718 1631 dimissi,

659 1653 694 1684 et
713 1649 1020 1684 commendatione
1036 1659 1108 1683 suae
1126 1647 1329 1694 dignitatis.

679 1715 960 1756 PLANCUS
995 1712 1318 1756 CICERONI.

282 1772 655 1824 54ANTONIUS
691 1782 757 1823 Id.
782 1782 893 1822 Maii
927 1782 976 1821 ad
1015 1781 1170 1822 Forum
1204 1779 1312 1822 Julii
1340 1794 1436 1820 cum
1469 1778 1616 1834 primis
1644 1794 1715 1820 co-

282 1839 364 1893 piis
388 1840 518 1879 venit.
564 1839 790 1880 Ventidius
814 1839 930 1880 bidui
958 1839 1096 1894 spatio
1119 1839 1240 1878 abest
1263 1838 1316 1877 ab
1339 1851 1403 1876 eo.
1452 1834 1638 1891 Lepidus
1662 1836 1715 1877 ad

283 1895 442 1937 Forum
467 1896 648 1937 Voconii
669 1904 810 1937 castra
838 1896 968 1936 habet
990 1912 997 1936 :
1031 1895 1102 1949 qui
1134 1894 1251 1935 locus
1275 1909 1299 1933 a
1325 1893 1434 1934 Foro
1461 1893 1566 1934 Julii
1590 1902 1714 1947 quat-

280 1961 377 1994 tuor
412 1963 456 1993 et
489 1953 644 2009 viginti
683 1952 815 1993 millia
853 1967 1050 2008 passuum
1092 1952 1241 1991 abest:
1275 1951 1421 2004 ibique
1456 1963 1525 1989 me
1561 1963 1713 2005 exspe-

278 2020 394 2051 ctare
416 2010 657 2061 constituit,
680 2009 1043 2064 quemadmodum
1066 2009 1156 2064 ipse
1179 2007 1284 2047 mihi
1316 2006 1501 2063 scripsit.
1562 2005 1714 2052 Quod-

279 2068 312 2107 si
350 2067 495 2107 omnia
529 2067 634 2107 mihi
674 2067 843 2122 integra
878 2075 922 2107 et
964 2066 1069 2120 ipse,
1109 2075 1152 2105 et
1193 2064 1366 2105 fortuna
1406 2062 1610 2103 servarit:
1648 2077 1711 2103 re-

277 2124 392 2179 cipio
417 2125 553 2174 vobis,
574 2123 767 2165 celeriter
801 2138 868 2164 me
901 2123 1122 2177 negotium
1157 2135 1210 2161 ex
1246 2121 1457 2161 sententia
1489 2118 1712 2161 confectu-

278 2195 386 2221 rum.
450 2181 639 2222 Fratrem
663 2195 821 2231 meum,
844 2179 1023 2221 assiduis
1047 2178 1265 2219 laboribus
1289 2177 1710 2219 concursationibus-

276 2252 359 2292 que
381 2237 643 2288 confectum,
665 2238 853 2294 graviter
875 2251 918 2277 se
941 2236 1154 2286 habuisse,
1178 2244 1304 2276 antea
1325 2234 1404 2275 tibi
1428 2233 1603 2289 scripsi:
1635 2234 1708 2275 sed

278 2303 418 2335 tamen
449 2309 547 2336 cum
581 2295 766 2350 primum
799 2309 921 2350 posse
951 2293 1117 2349 ingredi
1151 2293 1305 2347 coepit‚
1328 2306 1413 2332 non
1441 2290 1577 2345 magis
1611 2290 1708 2340 sibi,

277 2366 404 2407 quam
428 2352 675 2408 reipublicae
699 2366 742 2392 se
764 2350 1030 2393 convaluisse
1063 2349 1331 2400 existimans,
1352 2348 1405 2389 ad
1427 2347 1573 2388 omnia
1596 2347 1706 2403 peri-

321 2503 359 2532 52
382 2500 484 2531 verbis
500 2504 531 2531 et
544 2500 721 2539 sententiis]
749 2500 827 2531 Edd.
843 2504 921 2531 ante
936 2510 968 2530 se
1013 2508 1121 2531 ramus
1135 2511 1145 2537 ;
1160 2502 1196 2529 at
1210 2508 1231 2529 α
1244 2503 1274 2528 tc
1289 2498 1323 2528 in
1339 2497 1398 2528 hac
1415 2496 1521 2527 forma
1536 2501 1622 2528 stare
1638 2506 1705 2528 non

276 2542 441 2573 Victorius
456 2552 569 2574 omnes
583 2541 637 2573 hie
659 2543 706 2572 ait
723 2542 838 2573 addere
849 2545 968 2582 plenoe,
1012 2547 1131 2581 potest.
1178 2541 1327 2571 Debebat
1352 2548 1419 2569 esse
1447 2543 1554 2569 tumn.
1600 2539 1705 2570 Credo

277 2585 363 2622 quod
385 2584 439 2615 ille
463 2585 543 2616 bene
567 2584 698 2615 delevit.
721 2585 776 2616 sed
797 2591 832 2615 et
853 2585 894 2615 ab
915 2585 965 2615 ed.
1012 2584 1203 2615 Ciceronem
1219 2582 1381 2622 scripsisse
1389 2579 1528 2621 factum
1542 2580 1667 2620 aliquid
1683 2591 1705 2611 α

277 2624 411 2656 Mediol.
428 2627 529 2658 abest.
1010 2631 1041 2655 te
1055 2626 1193 2664 egregie.
1212 2625 1272 2654 nisi
1296 2624 1465 2663 egregium
1483 2628 1533 2653 est
1546 2634 1565 2653 a
1581 2623 1703 2662 glossa-

319 2671 358 2698 53
369 2667 507 2708 factum
535 2668 667 2708 aliquod
689 2678 712 2699 α
738 2672 768 2698 te
794 2668 965 2707 egregium
1008 2672 1090 2698 tore.
1105 2666 1232 2706 aliquid
1246 2666 1343 2695 estin
1359 2664 1408 2695 ed.
1424 2664 1521 2696 Rom.
1685 2682 1695 2706 ⁸.

275 2710 370 2750 auat]
390 2711 462 2743 Hoc
475 2720 591 2742 sanum
605 2719 672 2740 esse
688 2720 753 2741 non
770 2715 888 2750 potest.
931 2709 964 2739 Si
1052 2712 1090 2740 54
1112 2707 1287 2747 Antonius]
1307 2707 1458 2746 Intellige
1477 2706 1630 2739 Lucium.
1648 2729 1652 2733 Δ

276 2753 416 2784 maxime
421 2752 559 2792 factum
576 2753 709 2792 aliquod
727 2754 895 2792 egregium
920 2751 964 2781 se-
