1817 3196
187 1779 281 1821 μη.

261 75 314 112 ⁴20
646 68 825 107 EPIST.
860 67 1045 107 LIBER
1078 69 1302 108 PRIMUS

264 189 422 230 magna
443 173 650 218 mercede,
671 187 799 229 quam
821 188 902 228 ego
932 174 1122 214 maximo
1144 174 1289 215 dolore
1315 187 1563 229 cognoram.
1626 171 1694 214 De

266 247 351 287 qua
372 231 535 272 ratione
571 241 660 271 tota
683 231 775 284 jam
800 230 965 270 videtur
994 231 1100 270 mihi
1134 230 1378 286 exponendi
1400 240 1567 285 tempus
1589 229 1696 280 dari,

267 300 317 329 ut
339 288 416 328 tibi
441 288 666 328 rescribam
692 287 743 326 ad
766 301 829 335 ea,
851 301 946 340 quae
970 287 1140 340 quaeriS.
1203 287 1438 327 Certiorem
1464 300 1504 327 te
1528 301 1600 342 per
1627 285 1696 326 lit-

271 355 380 386 teras
414 345 563 385 scribis
597 358 686 383 esse
717 343 892 391 lactum,
923 357 990 382 me
1023 358 1119 384 cum
1155 342 1325 384 Caesare
1358 353 1399 383 et
1432 358 1529 383 cum
1553 342 1698 398 Appio

270 417 360 442 esse
382 402 425 442 in
450 401 609 455 gratia:
644 410 768 454 teque
791 399 830 439 id
856 414 940 438 non
964 400 1268 454 reprehendere
1299 400 1518 440 adscribis.
1580 399 1701 440 Vati-

271 459 390 500 nium
425 471 565 497 autem
592 457 696 496 scire
720 466 760 495 te
785 455 887 495 velle
920 457 1123 504 ostendis,
1146 458 1301 510 quibus
1334 457 1458 497 rebus
1491 455 1699 497 adductus

272 515 531 556 defenderim
567 524 608 553 et
644 512 863 552 laudat-im.
925 513 1053 558 Quod
1079 513 1154 553 tibi
1191 523 1237 552 ut
1271 513 1434 568 planius
1470 527 1701 568 exponam,

273 572 398 613 altius
414 570 554 627 paullo
579 570 784 610 rationem
804 569 1079 610 consiliorum
1100 584 1290 610 meorum
1312 581 1514 626 repetam,
1531 583 1701 610 necesse

273 638 351 670 est.

332 684 427 740 Ego
457 699 538 734 me,
564 682 756 732 Lentule,
781 682 903 722 initio
935 697 1073 723 rerum
1106 692 1233 738 atque
1267 683 1483 724 actionum
1522 691 1706 732 tuarum,

274 757 360 783 non
399 741 532 782 solum
573 740 692 789 meis,
733 739 804 779 sed
843 739 970 779 etiam
1011 740 1257 795 reipublicae
1298 741 1539 781 restitutum
1584 749 1708 794 puta-

276 800 400 840 bam:
432 808 490 848 et,
520 797 722 852 quoniam
759 796 837 836 tibi
872 796 1163 837 incredibilem
1197 797 1407 852 quendam
1441 810 1645 845 amorem,
1666 804 1711 836 et

276 855 421 898 omnia
442 858 479 887 37
495 855 536 894 ἰη
561 865 601 893 te
638 853 777 909 ipsum
815 868 981 893 summa
1009 868 1058 894 ac
1082 854 1313 910 singularia
1335 853 1475 894 studia
1496 853 1710 902 deberem,

277 911 526 968 reipublicae
559 925 656 965 quae
697 919 737 949 te
771 910 812 950 in
849 924 914 950 me
948 910 1208 952 restituendo
1247 910 1425 951 multum
1463 910 1712 965 adjuvisset,

277 984 375 1010 eum
394 978 508 1009 certe
526 982 594 1008 me
612 967 800 1007 animum
823 967 974 1007 merito
996 967 1126 1021 ipsius
1149 968 1301 1009 debere
1320 967 1570 1017 arbitrabar,
1584 980 1711 1022 quem

279 1036 405 1067 antea
427 1024 725 1066 tantummodo
745 1023 963 1063 communi
988 1023 1132 1064 officio
1154 1024 1328 1073 civium,
1346 1039 1430 1064 uon
1454 1024 1595 1078 aliquo
1612 1038 1715 1079 erga

279 1097 349 1125 me
391 1081 594 1137 singulari
639 1079 848 1120 beneficio
889 1079 1082 1120 debitum
1131 1081 1437 1135 praestitissem.
1511 1080 1608 1121 Hac
1648 1094 1717 1121 me

280 1148 423 1182 mente
446 1138 590 1187 fuisse,
613 1146 655 1177 et
678 1146 847 1177 senatus
870 1151 921 1177 ex
949 1151 1030 1185 me,
1054 1147 1095 1176 te
1124 1137 1313 1187 consule,
1338 1137 1516 1186 audivit,
1539 1147 1581 1177 et
1603 1146 1647 1177 tu
1672 1136 1715 1178 in

280 1196 439 1237 nostris
481 1194 746 1235 sermonibus
788 1193 1232 1248 collocutionibusque
1275 1194 1365 1248 ipse
1405 1193 1563 1234 vidisti.
1626 1191 1719 1234 Etsi

275 1254 370 1309 jam
403 1251 550 1308 primis
584 1250 848 1305 temporibus
881 1249 976 1299 illis,
998 1250 1142 1290 multis
1176 1252 1298 1291 rebus
1331 1265 1448 1292 meus
1473 1249 1721 1291 offendeba-

285 1321 353 1351 tur
375 1310 557 1358 animus,
579 1322 693 1357 cum,
717 1316 757 1347 te
780 1316 934 1362 agente
955 1307 1007 1347 de
1036 1307 1195 1362 reliqua
1226 1316 1370 1348 nostra
1400 1307 1626 1363 dignitate,
1648 1316 1724 1348 aut

284 1366 456 1409 occulta
484 1363 786 1406 nonnullorum
819 1363 931 1414 odia,
954 1373 1028 1404 aut
1058 1365 1240 1405 obseura
1262 1364 1301 1404 in
1328 1378 1394 1404 me
1415 1365 1555 1405 studia
1577 1378 1723 1405 cerne-

285 1426 401 1466 bam.
463 1423 575 1464 Nam
598 1435 735 1475 neque
757 1420 809 1461 de
831 1421 1119 1461 monumentis
1143 1422 1246 1462 meis
1269 1422 1322 1461 ab
1348 1421 1397 1460 iis
1424 1421 1596 1476 adjutus
1618 1435 1676 1470 es,
1699 1436 1725 1461 a

288 1481 443 1536 quibus
471 1479 671 1528 debuisti,
695 1491 831 1531 neque
862 1477 914 1517 de
937 1478 976 1517 vi
1010 1477 1184 1527 nefaria,
1205 1493 1290 1532 qua
1321 1493 1418 1518 cum
1449 1478 1578 1519 fratre
1609 1491 1725 1520 eram

287 1539 418 1579 domo
439 1536 657 1591 expulsus,
676 1547 814 1588 neque
836 1533 1006 1574 hercule
1031 1534 1069 1574 in
1095 1535 1146 1574 iis
1169 1534 1271 1589 ipsis
1293 1535 1430 1584 rebus,
1447 1550 1559 1589 quae,
1576 1548 1726 1588 quam-

288 1608 416 1650 quam
441 1603 560 1634 erant
583 1591 689 1632 mihi
714 1600 888 1647 propter
918 1591 976 1631 rei
1010 1589 1228 1632 familiaris
1260 1592 1483 1647 naufragia
1515 1606 1728 1632 necesssa-
1810 1610 1817 1632 ω

290 1653 380 1701 riae,
405 1661 545 1691 tamen
569 1664 593 1689 a
616 1662 683 1689 me
706 1648 870 1688 minimi
895 1648 1157 1703 putabantur
1179 1648 1220 1688 in
1245 1648 1348 1689 meis
1371 1648 1551 1698 damnis,
1574 1662 1627 1688 ex
1653 1662 1729 1689 au·
1784 1670 1811 1681 w

294 1709 493 1749 ctoritate
526 1714 694 1747 senatus
727 1705 971 1755 sarciendis,
994 1719 1085 1745 eam
1118 1705 1395 1755 voluntatem,
1418 1720 1545 1760 quam
1578 1719 1732 1761 exspe-

294 1775 470 1814 ctaram,
495 1763 801 1819 praestiterunt.
835 1762 944 1808 Quae
969 1777 1066 1802 cum
1092 1762 1273 1802 viderem
1296 1767 1451 1816 (neque
1474 1763 1587 1803 enim
1609 1771 1732 1803 erant

277 1823 496 1870 obscura)
520 1835 604 1860 non
629 1830 768 1860 tamen
796 1831 880 1859 tam
901 1820 1054 1859 acerba
1076 1819 1179 1859 mihi
1205 1818 1298 1859 haec
1320 1820 1732 1873 accidebant,quam

295 1889 416 1923 erant
440 1878 509 1918 illa
533 1888 667 1931 grata,
689 1891 785 1930 quae
818 1875 1020 1917 fecerant.
1083 1875 1233 1931 ltaque
1255 1891 1513 1931 quamquam
1536 1887 1577 1917 et
1603 1875 1733 1916 Pom-

298 1937 395 1992 peio
420 1935 664 1990 plurimum,
687 1942 727 1973 te
749 1933 922 1987 quidem
955 1933 1046 1987 ipso
1080 1933 1359 1988 prasdicatore
1390 1948 1438 1972 a<-
1463 1943 1584 1983 teste,
1606 1933 1735 1973 debe-

298 1995 414 2043 bam,
438 2002 478 2033 et
502 2006 597 2032 eum
629 2005 713 2030 non
743 1989 878 2030 solum
914 1990 1138 2039 beneficio,
1161 1990 1231 2030 sed
1260 2004 1403 2030 amore
1425 1991 1552 2031 etiam
1577 2000 1619 2030 et
1642 2004 1737 2045 per-

299 2060 430 2107 petuo
453 2048 637 2103 quodam
656 2047 824 2101 judicio
846 2061 943 2086 meo
965 2046 1221 2101 diligebam:
1247 2056 1388 2087 tamen
1413 2062 1496 2087 non
1521 2057 1738 2102 reputans,

301 2107 402 2162 quid
428 2105 495 2147 ille
519 2104 658 2153 vellet,
677 2104 720 2144 in
743 2104 1070 2151 omnibusmeis
1093 2104 1314 2144 sententiis
1336 2104 1389 2144 de
1412 2105 1630 2159 republica
1652 2104 1738 2158 pri-

302 2163 425 2205 stinis
466 2161 780 2218 permanebam.
847 2160 937 2216 Ego
971 2160 1142 2201 sedente
1179 2160 1259 2201 Cn.
1288 2160 1511 2215 Pompeio,
1544 2175 1657 2211 cum,
1693 2169 1740 2201 ut

302 2221 492 2261 laudaret
519 2219 568 2259 P.
592 2217 804 2267 Sextium,
827 2217 1098 2257 38introisset
1128 2218 1168 2257 in
1204 2218 1366 2266 urbem,
1391 2218 1657 2272 dixissetque
1679 2225 1740 2257 te·-

305 2278 381 2318 stis
406 2275 617 2324 Vatinius,
650 2289 716 2314 me
748 2274 919 2315 fortuna
949 2284 991 2314 et
1024 2274 1227 2315 felicitate
1260 2274 1311 2315 C.
1336 2274 1518 2315 Caesaris
1549 2288 1742 2315 commo-

307 2345 415 2383 tum,
440 2333 497 2373 illi
520 2332 704 2375 amicum
727 2345 816 2371 esse
838 2331 1050 2386 coepisse:
1084 2332 1190 2381 dixi,
1214 2346 1280 2371 ine
1301 2345 1394 2372 eam
1428 2330 1572 2371 Bibuli
1606 2330 1742 2371 fortu-

306 2405 422 2440 nam,
444 2404 571 2444 quam
601 2389 669 2428 ille
699 2388 902 2428 afflictam
936 2398 1118 2442 putaret,
1140 2389 1330 2428 omnium
1356 2388 1584 2443 triumphis
1609 2388 1744 2428 victo-

309 2448 466 2502 riisque
499 2445 736 2486 anteferre:
768 2445 945 2499 dixique
978 2445 1126 2485 eodem
1162 2456 1281 2494 teste,
1315 2445 1398 2484 alio
1433 2444 1543 2493 loco,
1570 2445 1743 2488 eosdem

309 2520 415 2554 esse,
436 2504 509 2559 qui
534 2502 736 2543 Bibulum
759 2502 876 2541 exire
907 2501 1035 2541 domo
1067 2502 1400 2557 prohibuissent,
1422 2511 1464 2541 et
1485 2502 1558 2556 qui
1583 2516 1650 2542 me
1670 2516 1744 2542 co-

312 2561 516 2617 egissent.
540 2568 631 2600 tota.
654 2573 752 2599 vero
776 2558 1055 2614 interrogatio
1080 2573 1175 2600 mea
1204 2558 1310 2599 nihil
1342 2557 1507 2609 habuit,
1528 2561 1568 2592 39
1579 2559 1659 2600 nisi
1683 2572 1748 2601 re·-

354 2718 392 2748 37
414 2717 450 2745 in
472 2720 503 2745 te
522 2716 626 2754 ipsum
649 2724 778 2744 summa
805 2714 878 2754 δια]
905 2716 1011 2754 ipsum
1055 2725 1120 2745 non
1136 2716 1317 2745 introiisset.

314 2757 393 2792 mihi
407 2763 595 2796 suspectum
611 2763 660 2786 est
675 2773 681 2787 ς
705 2758 802 2795 friget
818 2762 917 2786 certe.
1097 2760 1137 2791 39
1161 2759 1221 2788 nisi
1243 2767 1329 2797 repr.
1346 2757 1436 2787 illius
1456 2755 1656 2795 tribunatus]
1682 2754 1754 2789 Du,

356 2801 395 2830 35
418 2799 591 2839 introisset]
617 2800 669 2830 Sic
692 2799 762 2830 edd.
787 2809 836 2839 pr.
864 2800 927 2830 Ms.
950 2799 1011 2831 Gu.
1055 2800 1122 2829 rius
1137 2805 1186 2830 est
1201 2801 1300 2830 illius.
1333 2798 1455 2830 Vereor
1471 2807 1511 2829 ne
1523 2798 1566 2829 sit
1581 2797 1698 2837 glossa.
