1903 3218
389 101 470 140 AD
495 101 552 140 M.
571 96 916 140 VARRONEM
941 96 1018 134 ET
1044 97 1327 137 CETEROS.
1492 105 1570 142 2²2⁹

141 211 208 245 est
230 218 345 247 nunc
367 204 457 246 vita
487 213 647 246 nostra.
706 201 843 243 Mane
873 198 1106 241 salutamus
1135 200 1253 242 domi
1280 210 1323 243 et
1351 202 1485 245 bonos
1512 206 1571 247 vi-

141 275 210 302 ros
233 261 407 312 multos,
441 262 515 303 sed
544 261 701 310 tristes,
722 268 767 300 et
796 258 875 301 hos
905 257 1027 298 laetos
1051 256 1259 300 victores:
1291 258 1365 314 qui
1387 273 1456 304 me
1477 263 1572 316 qui-

139 317 237 359 dem
268 319 537 375 perofficiose
564 325 608 357 et
637 326 906 372 peramanter
935 315 1180 354 observant.
1248 314 1336 356 Ubi
1370 316 1570 359 salutatio

138 374 338 427 defluxit,
360 375 513 418 litteris
536 387 603 414 me
624 373 815 424 involvo,
836 380 912 414 aut
934 370 1090 422 scribo,
1112 380 1187 411 aut
1208 370 1320 427 lego.
1381 374 1420 403 85
1438 373 1570 414 Veni-

139 440 220 472 unt
248 432 395 483 etiam,
425 431 498 487 qui
533 444 600 470 me
628 430 821 480 audiant,
852 428 974 485 quasi
1003 428 1181 468 doctum
1203 428 1439 481 hominem,
1469 431 1571 484 quia

141 488 282 544 paullo
307 503 414 540 sum,
441 502 570 542 quam
601 487 697 543 ipsi,
725 487 908 528 doctior.
971 483 1077 525 Inde
1104 486 1274 541 corpori
1306 499 1433 526 omne
1463 496 1570 527 tem-

140 560 217 600 pus
238 545 376 587 datur.
439 543 628 586 Patriam
652 544 770 585 eluxi
795 544 890 599 jam
911 551 956 582 et
982 542 1155 597 gravius
1177 551 1221 583 et
1241 542 1417 594 diutius,
1438 557 1569 598 quam

139 601 223 643 ulla
245 611 381 643 mater
402 601 577 643 unicum
601 601 754 641 filiurn.
796 601 879 642 Sed
902 613 1019 649 cura,
1042 598 1075 639 si
1097 612 1164 639 me
1185 614 1317 651 amaS,
1340 608 1388 640 ut
1404 600 1567 642 valeas:

136 672 190 699 ne
212 673 309 714 ego,
332 668 373 699 te
388 657 580 714 jacente,
603 658 717 699 bona
741 667 819 703 tua
834 655 1066 699 comedim.
1110 655 1250 698 Statui
1274 656 1389 698 enim
1412 656 1492 700 tibi
1515 672 1569 699 ne

137 725 302 771 aegroto
324 715 497 771 quidem
522 729 709 772 parcere.

647 802 1051 841 ARGUMENTUM.
1577 807 1603 845 Q
1614 809 1628 844 l

130 866 297 904 Fulmina
313 867 500 904 verborum
520 868 642 904 Paetus
663 867 826 903 Ciceroni
849 867 1040 909 tribuerat,
1067 879 1147 915 quae
1172 868 1315 903 imitari
1339 879 1410 903 non
1435 873 1569 916 posset,

184 921 281 967 quod
297 921 418 956 ridens
435 919 626 970 confutat:
654 921 766 956 etiam
784 920 880 967 quod
898 919 1070 968 Papirios
1087 920 1181 955 ullos
1199 924 1394 967 negaverat
1415 920 1570 969 plebeios

172 971 306 1020 fuisse.

585 1021 820 1064 CICERO
855 1021 1032 1064 PAETO
1063 1022 1108 1064 S.

134 1079 272 1132 AIN’
303 1090 505 1132 tandem?
536 1090 722 1131 insanire
755 1090 834 1132 tibi
867 1089 1039 1140 videris,
1070 1090 1186 1148 quod
1218 1090 1385 1133 imitere
1416 1092 1568 1133 verbo-

134 1161 228 1188 rum
254 1162 463 1200 meorum,
490 1157 536 1188 ut
559 1148 726 1198 scribis,
749 1146 961 1188 fulmina?
994 1158 1084 1187 tum
1108 1147 1329 1200 insanires,
1361 1149 1394 1189 si
1417 1146 1568 1191 conse·

133 1203 207 1260 qui
231 1219 314 1246 non
342 1219 501 1261 posses.
532 1219 631 1246 cum
655 1218 755 1245 vero
780 1205 910 1244 etiam
935 1204 1096 1254 vincas,
1123 1218 1192 1244 me
1227 1205 1344 1259 prius
1376 1206 1567 1258 irrideas,

133 1275 262 1316 quam
287 1270 342 1312 te,
361 1270 547 1318 oportet.
599 1261 745 1307 Quare
767 1259 874 1300 nihil
897 1260 976 1301 tibi
999 1274 1107 1315 opus
1129 1271 1194 1301 est
1216 1261 1319 1304 illud
1341 1277 1367 1303 a
1386 1261 1568 1315 Trabea,

133 1317 205 1359 sed
239 1319 381 1372 potius
401 1320 605 1370 ἀπότευγμα
626 1331 786 1358 meum.
847 1316 1155 1358 Verumtamen
1179 1318 1282 1372 quid
1316 1319 1395 1360 tibi
1417 1333 1500 1376 ego
1522 1320 1568 1361 in

131 1374 324 1431 epistolis
349 1373 519 1416 videor?
550 1387 694 1415 nonne
727 1373 895 1429 plebeio
919 1388 1114 1415 sermone
1137 1388 1263 1430 agere
1287 1380 1458 1419 tecum?
1489 1392 1569 1419 nec

129 1431 246 1473 enim
269 1445 436 1487 semper
457 1430 608 1471 eodem
630 1431 774 1472 modo.
807 1430 925 1477 Quid
945 1431 1058 1472 enim
1081 1431 1218 1472 simile
1237 1432 1368 1474 habet
1385 1433 1569 1490 epistola

131 1497 207 1530 aut
231 1488 419 1544 judicio,
452 1497 527 1528 aut
559 1488 790 1531 concioni?
821 1486 926 1542 quin
956 1488 1051 1544 ipsa
1074 1488 1245 1543 judicia
1273 1504 1361 1531 non
1383 1491 1568 1536 solemus

131 1546 280 1587 onmia
301 1554 485 1586 tractare
506 1558 592 1585 uno
616 1545 761 1586 modo.
824 1544 1020 1586 Privatas
1050 1559 1214 1597 causas,
1245 1555 1289 1587 et
1310 1561 1380 1588 eas
1403 1558 1568 1600 tenues,

133 1601 302 1659 agimus
333 1601 557 1644 subtilius:
591 1602 746 1658 capitis
778 1612 852 1643 aut
883 1601 1010 1644 famae
1044 1602 1209 1644 scilicet
1239 1604 1446 1646 ornatius.
1477 1606 1569 1662 epi-

131 1658 262 1701 stolas
287 1674 401 1712 vero,
422 1658 685 1714 quotidianis
711 1659 849 1700 verbis
873 1669 1019 1700 texere
1041 1659 1240 1701 solemus.
1301 1661 1384 1702 Sed
1409 1672 1567 1715 tamen,

130 1717 190 1758 mi
215 1715 351 1768 Paete,
373 1717 447 1771 qui
470 1715 547 1756 tibi
571 1716 688 1756 venit
707 1716 752 1756 in
774 1726 963 1757 mentem
982 1731 1154 1773 negare,
1176 1716 1397 1773 Papirium
1418 1734 1569 1775 quem·

131 1788 260 1829 quam
284 1787 503 1830 umquam,
525 1772 606 1813 nisi
630 1772 846 1829 plebeium
867 1772 1027 1816 fuisse?
1058 1773 1233 1815 fuerunt
1253 1775 1368 1816 enirn
1396 1774 1611 1831 patriciib·

129 1831 345 1871 minorum
372 1830 580 1880 centium,
611 1844 793 1886 quorum
827 1830 1027 1887 princeps
1062 1830 1111 1872 L.
1137 1830 1334 1886 Papirius
1357 1832 1566 1890 Mugilla-

127 1903 223 1939 nus,
262 1887 390 1943 86qu1
421 1901 573 1929 censor
608 1901 707 1928 cum
741 1887 790 1928 L.
814 1887 1072 1943 Sempronio
1101 1886 1304 1930 Atratino
1336 1889 1434 1941 fuit,
1465 1906 1566 1933 cum

127 1954 255 1987 antea
275 1944 425 1986 consul
447 1959 546 1986 cum
568 1944 719 1985 eodem
743 1944 908 2008 fuisset,
939 1945 1061 1985 annis
1085 1954 1183 2001 post
1208 1945 1393 2006 Romam
1415 1949 1564 1990 condi-

128 2011 217 2044 tam
259 2016 447 2044 cccxn.
508 2001 591 2042 Sed
632 2012 722 2042 tum
764 2001 928 2058 Papisn
964 2002 1241 2043 dicebamini.
1305 2003 1412 2045 Post
1448 2005 1564 2047 hunc

131 2074 248 2102 x111.
280 2059 454 2101 fuerunt
485 2058 586 2099 sella
615 2059 751 2100 curuli
785 2069 885 2100 ante
918 2059 967 2100 L.
1001 2059 1224 2115 Papirium
1249 2059 1467 2114 Crassum,
1489 2063 1562 2119 qui

129 2117 316 2172 primum
349 2116 548 2172 Papisius
579 2125 643 2156 est
675 2116 817 2157 vocari
850 2115 1026 2157 desitus.
1087 2115 1131 2157 Is
1162 2116 1349 2159 dictator
1380 2134 1478 2161 cum
1513 2117 1562 2162 L.

130 2173 305 2229 Papirio
337 2173 537 2223 Cursore,
570 2173 779 2228 magistro
812 2173 1022 2229 equitum,
1057 2171 1196 2214 faetus
1217 2185 1298 2226 est,
1319 2177 1443 2217 annis
1464 2189 1565 2233 post

128 2230 317 2271 Romam
357 2230 579 2271 conditam
623 2227 830 2280 ccccxv,
870 2240 914 2271 et
954 2230 1238 2285 quadriennio
1275 2243 1376 2288 post
1411 2234 1563 2276 consul

126 2291 166 2322 87
181 2301 277 2329 cum
302 2286 358 2328 K.
385 2286 565 2328 Duillio.
625 2285 759 2328 Hunc
789 2296 960 2329 secutus
987 2297 1051 2327 est
1080 2286 1255 2340 Cursor,
1286 2289 1418 2331 homo
1440 2292 1563 2333 valde

125 2344 388 2386 honoratus:
420 2343 573 2385 deinde
598 2343 646 2385 L.
670 2343 836 2395 Masso,
859 2343 1092 2388 aedilicius:
1120 2344 1221 2386 inde
1242 2346 1367 2388 multi
1391 2346 1562 2389 Masso-

125 2416 226 2444 nes:
259 2416 442 2457 quorum
467 2401 640 2455 quidem
663 2410 709 2442 tu
733 2401 927 2443 omnium
952 2402 1229 2458 patriciorum
1252 2403 1462 2461 imagines
1487 2406 1562 2447 ha-

125 2459 243 2512 beas,
267 2458 379 2501 volo.
442 2457 613 2500 Deinde
646 2457 868 2500 Carbones
894 2468 939 2500 et
970 2457 1104 2500 Turdi
1137 2459 1437 2516 insequuntur.
1497 2460 1560 2503 Hi

165 2590 207 2620 ⁸5
238 2588 392 2626 Veniunt,
415 2589 471 2629 qui
493 2599 545 2620 me
566 2588 723 2628 audiunt]
755 2587 819 2619 Le·
863 2589 979 2629 pronio
991 2588 1064 2620 Atr.
1091 2589 1226 2622 Monuit
1241 2590 1303 2621 hoc
1317 2589 1439 2620 dudum
1452 2590 1562 2632 Pighi—

124 2630 266 2671 gendum
281 2632 443 2662 audiunt.-
474 2631 508 2662 id
530 2635 564 2662 et
589 2640 702 2662 sensus
716 2636 751 2661 et
771 2631 820 2662 la·
863 2641 901 2661 us
916 2631 957 2662 ad
971 2642 1001 2663 a.
1017 2634 1091 2663 310.
1115 2633 1178 2664 Sed
1195 2642 1292 2663 nemo
1307 2632 1472 2665 editorum
1484 2644 1560 2665 eum

123 2672 241 2704 tinitas
251 2673 412 2713 postulat.
456 2673 541 2704 Ecce
556 2675 603 2705 sic
616 2673 667 2704 ed.
683 2674 780 2704 Rom.
864 2673 1000 2705 audivit.
1173 2689 1175 2691 ·

166 2714 208 2745 86
233 2715 290 2754 qui
314 2724 541 2747 emor—cum
568 2721 670 2747 antea
692 2714 817 2754 consul]
907 2717 945 2750 87
959 2726 1036 2747 eum
1052 2716 1098 2749 K.
1115 2715 1261 2754 Duillio]
1285 2714 1452 2756 Edidipro
1473 2718 1505 2750 C.
1521 2728 1561 2755 ne

122 2756 326 2797 'transposui
354 2759 454 2796 verba
486 2768 595 2789 censor
631 2764 665 2789 et
698 2759 819 2790 consul.
870 2757 946 2789 Caio
966 2758 1112 2798 legatur,
1136 2767 1196 2797 pro
1219 2757 1365 2794 Kaesome,
1388 2759 1478 2797 quod
1495 2762 1562 2793 fuit

124 2808 203 2830 nam
228 2799 318 2838 prius
346 2800 461 2831 consul
485 2804 584 2839 quam
606 2809 722 2831 censor
742 2800 821 2836 fuit,
864 2809 1056 2840 praenornen
1083 2800 1213 2831 Duiliii.
1259 2799 1299 2830 ln
1323 2798 1375 2831 ed.
1402 2801 1499 2834 Rom.
1528 2808 1563 2834 et

126 2845 165 2871 ut
179 2849 306 2879 omneS,
327 2846 361 2872 et
373 2842 438 2874 fuit
453 2852 568 2874 censor
582 2852 658 2873 cum
673 2842 713 2875 L.
733 2843 823 2873 Sem·
869 2844 961 2876 1471.
978 2850 1170 2884 praenomen
1185 2850 1371 2882 expressum
1387 2851 1529 2884 non-est.

802 2889 881 2936 93
