1817 3196
540 100 624 138 AD
660 98 1045 138 LENTULUM.
1462 103 1510 142 10

81 215 145 252 ea,
166 218 262 258 quae
298 202 495 252 scribam,
518 202 578 244 sic
600 203 774 252 habeto,
797 216 879 252 me,
900 217 997 244 cum
1021 201 1092 243 illo
1115 216 1158 244 re
1180 216 1294 258 saepe
1315 217 1508 245 commu-

81 261 237 309 nicata,
259 260 311 300 de
334 259 442 300 illius
463 259 514 300 ad
546 272 586 301 te
608 259 818 300 sententia
852 270 980 314 atque
1015 259 1270 301 auctoritate
1302 260 1510 303 scribere:

85 316 300 362 Quoniam
325 317 736 357 senatusconsultum
763 316 920 356 nullum
944 325 1100 366 exstat,
1122 331 1206 372 quo
1229 315 1421 356 reductio
1449 331 1512 356 re-

82 374 148 428 gis
174 373 445 414 Alexandrini
473 375 548 414 tibi
570 375 738 414 ademta
767 374 844 414 sit:
878 387 1026 427 eaque,
1060 388 1155 428 quae
1191 373 1243 414 de
1272 388 1321 413 ea
1353 374 1553 428 scriptap.
1569 388 1602 420 7.

82 438 160 479 est,
182 431 427 481 auctoritas,
449 432 516 471 cui
541 431 621 470 scis
646 431 919 471 intercessum
942 444 1046 481 esse,
1069 440 1115 470 ut
1145 444 1196 470 ne
1218 430 1312 484 quis
1334 432 1510 470 omnino
1523 437 1554 459 a.

82 499 225 542 regem
258 487 488 534 reduceret,
511 488 551 517 Q&
565 498 727 528 tantam
762 487 846 527 vim
883 487 1024 536 habet,
1059 496 1105 527 ut
1137 489 1271 543 magis
1307 487 1513 527 iratorum

82 541 302 583 hominum
345 545 547 594 studium,
591 558 716 599 quam
756 544 1045 585 27constantis
1085 555 1253 585 senatus
1286 544 1514 584 consilium

80 614 170 640 esse
197 601 409 642 videatur:
445 612 484 641 te
508 602 744 657 perspicere
769 615 903 655 posse,
923 601 994 655 qui
1021 600 1215 642 Ciliciam
1234 600 1514 656 Cyprumque

80 666 238 706 teneas,
260 658 359 712 quid
385 657 566 708 efficere,
589 669 629 698 et
651 658 752 712 quid
780 658 981 712 consequi
1017 658 1175 713 possis:
1208 668 1264 707 et,
1298 659 1329 697 si
1365 672 1426 698 res
1451 658 1515 698 fa-

81 713 284 754 cultatem
321 715 518 755 habitura
554 716 758 765 videatur,
795 725 841 755 nt
874 715 1176 755 Alexandriam
1213 726 1341 769 atque
1376 714 1516 770 AEgy-

117 780 204 810 tum
232 781 372 812 tenere
397 773 555 826 possis3
578 787 667 812 esse
689 781 729 811 et
755 782 854 821 tuae,
875 782 915 812 et
931 772 1062 812 nostri
1085 773 1249 827 imperii
1274 771 1516 827 dignitatis,

126 828 363 878 tole-mande,
388 839 461 868 aut
504 829 646 883 aliquo
681 829 920 884 propinquo
955 829 1050 868 loco
1085 844 1183 885 rege
1213 828 1439 878 collocato,
1475 837 1517 868 te

80 897 177 924 cum
201 885 332 926 classe
355 895 481 939 atque
503 886 692 926 exercitu
731 885 941 940 proficisci
972 885 1300 926 Alexandriam:
1336 895 1395 936 ut,
1418 899 1518 926 cum

81 953 174 980 eam
204 956 308 996 pace
344 943 634 998 praesidiisque
668 943 862 993 firmaris,
900 942 1157 983 Ptolemaeus
1197 944 1340 982 redeat
1377 942 1419 982 in
1453 956 1518 982 re-

81 1011 237 1052 gnum:
273 999 330 1039 ita
350 1000 453 1048 fore,
477 1010 523 1039 nt
558 1015 631 1055 per
664 1009 704 1040 te
734 1000 994 1049 restituatur,
1017 1000 1374 1054 quemadmodum
1397 1013 1519 1039 sena-

83 1062 150 1094 tus
180 1055 303 1096 initio
338 1058 518 1106 censuit,
550 1067 593 1097 et
622 1057 710 1097 sine
740 1056 1013 1096 multitudine
1052 1058 1290 1106 reducatur,
1313 1056 1518 1111 quemad-

83 1112 258 1152 modum
296 1112 489 1154 homines
530 1114 713 1169 religiosi
746 1113 920 1168 Sibyllae
963 1114 1125 1169 placere
1156 1114 1372 1154 dixerunt.
1432 1112 1517 1154 Sed

82 1166 178 1208 haec
197 1171 408 1210 sententia
429 1170 489 1210 sic
519 1181 561 1210 et
586 1171 643 1210 illi
675 1178 716 1210 et
746 1170 870 1214 ‚nobis
894 1172 1169 1224 probabatur,
1194 1180 1239 1210 nt
1270 1184 1323 1210 ex
1359 1180 1518 1210 eventu

82 1222 278 1266 homines
308 1227 359 1267 de
393 1237 464 1266 tuo
495 1227 675 1267 consilio
707 1226 1027 1266 existimaturos
1052 1227 1314 1267 videremus:
1347 1227 1380 1266 si
1403 1227 1517 1267 ceci-

81 1280 212 1322 disset
249 1293 295 1323 ut
327 1283 519 1323 volumus
553 1293 595 1323 et
617 1292 831 1338 optamus,
863 1297 1011 1323 omnes
1045 1293 1085 1324 te
1107 1286 1146 1315 28
1162 1293 1204 1323 et
1238 1283 1451 1338 sapienter
1472 1291 1517 1323 et

81 1336 276 1391 fortiter;
308 1340 369 1379 sin
395 1340 552 1395 aliquid
578 1351 685 1380 esset
711 1340 937 1390 offensum,
963 1341 1133 1381 eosdem
1163 1340 1271 1390 illos,
1294 1349 1335 1380 et
1358 1339 1515 1395 cupide

78 1403 122 1434 et
146 1404 304 1437 temere
333 1396 496 1447 fecisse,
518 1397 722 1437 dicturos.
771 1397 915 1443 Quare
943 1397 1043 1452 quid
1067 1397 1231 1452 assequi
1254 1399 1404 1453 possis,
1429 1411 1515 1438 non

81 1459 168 1492 tam
203 1452 327 1494 facile
349 1464 412 1494 est
447 1455 584 1503 nobis,
606 1469 735 1509 qnam
773 1453 866 1503 tibi,
896 1456 1018 1509 cujus
1044 1468 1176 1509 prope
1213 1454 1255 1494 in
1279 1463 1516 1509 conspectu

81 1507 300 1564 AEgyptus
323 1511 625 1565 est,judicare.
688 1511 779 1552 Nos
807 1511 980 1565 quidem
1011 1511 1095 1551 hoc
1120 1511 1353 1552 sentimus:
1385 1512 1418 1550 si
1438 1525 1517 1551 ex-

80 1564 292 1619 ploratum
319 1568 395 1608 tibi
417 1569 485 1617 sit,
509 1582 632 1623 posse
661 1577 701 1608 te
725 1567 834 1607 illius
860 1568 977 1623 regni
1004 1568 1159 1623 potiri;
1190 1583 1275 1608 non
1299 1581 1388 1608 esse
1409 1582 1517 1608 cun-

80 1623 309 1665 ctandum:
343 1625 375 1664 si
408 1625 612 1676 dubium,
645 1639 726 1665 non
758 1639 847 1665 esse
877 1625 1135 1665 conandum.
1198 1624 1307 1665 Illud
1340 1623 1416 1664 tibi
1452 1623 1517 1664 af-

82 1676 220 1728 firmo,
254 1680 286 1720 si
323 1695 408 1721 rem
441 1683 563 1722 istam
598 1696 652 1722 ex
687 1683 897 1722 sententia
930 1683 1125 1737 gesseris,
1150 1680 1255 1732 fore,
1279 1691 1326 1721 ut
1362 1681 1516 1721 absens

79 1747 107 1774 a
140 1737 298 1788 multis,
341 1753 437 1779 cum
473 1739 659 1789 redieris,
701 1740 754 1779 ab
796 1739 995 1778 omnibus
1028 1738 1280 1779 collaudere.
1312 1737 1517 1778 offensio-

79 1805 177 1832 nem
208 1808 298 1835 esse
325 1795 676 1850 pen-iculosa1n‚‘29
693 1807 864 1851 propter
895 1795 1190 1851 interpositam
1214 1795 1517 1836 auctoritatem

80 1848 432 1907 religionemque,
464 1853 600 1893 video.
662 1853 743 1893 Sed
780 1867 861 1907 ego
899 1861 953 1902 te,
982 1862 1028 1893 ut
1062 1853 1114 1892 ad
1151 1861 1310 1893 certam
1345 1851 1517 1892 laudem

79 1905 298 1958 adhortor,
333 1911 393 1950 sic
435 1924 460 1949 a
498 1910 774 1950 dimicatione
807 1911 1024 1950 deterreo:
1057 1909 1269 1964 redeoque
1306 1909 1359 1949 ad
1395 1908 1516 1959 illud,

81 1964 195 2016 quod
229 1965 353 2006 initio
384 1967 548 2022 scripsi,
583 1968 713 2007 totins
747 1966 849 2007 facti
883 1967 943 2006 tui
972 1966 1187 2021 judicium
1221 1980 1308 2006 non
1339 1974 1426 2006 tarn
1460 1978 1517 2006 ex

82 2021 263 2062 consilio
287 2033 375 2073 tuo,
398 2037 524 2078 quam
547 2038 601 2064 ex
624 2034 777 2064 eventu
803 2023 996 2064 homines
1018 2038 1108 2063 esse
1133 2022 1334 2064 facturos.
1364 2022 1516 2068 Quod·
1531 2037 1562 2069 b,

81 2075 115 2116 si
157 2079 252 2120 haec
291 2080 413 2130 ratio,
450 2081 507 2120 rei
544 2081 742 2136 gerendae
772 2080 1009 2135 periculosa
1042 2081 1121 2121 tibi
1163 2094 1252 2120 esse
1287 2079 1517 2129 videbitur,

85 2132 283 2187 placebat
319 2136 434 2187 illud,
479 2148 538 2187 ut,
574 2139 606 2178 si
653 2152 726 2178 rex
762 2138 910 2177 amicis
944 2138 1042 2188 tuis,
1078 2137 1151 2192 qui
1179 2139 1220 2166 30
1235 2150 1308 2192 per
1345 2135 1520 2191 provin-

82 2190 194 2231 ciam
236 2202 363 2247 atque
406 2194 570 2249 imperii
607 2195 665 2235 tui
709 2195 951 2249 provincias
987 2194 1024 2234 ei
1056 2193 1350 2243 credidissent,
1389 2191 1520 2232 fidem

83 2259 201 2287 suam
228 2251 524 2304 praestitisset3
546 2261 588 2290 et
606 2251 776 2291 auxiliis
808 2265 902 2290 eum
935 2251 1017 2290 tuis
1039 2260 1082 2291 et
1111 2251 1248 2306 copiis
1278 2251 1519 2304 adjuvares.

81 2316 176 2344 eam
198 2318 288 2345 esse
309 2317 499 2347 naturam
521 2318 562 2347 et
587 2308 803 2364 regionem
824 2308 1059 2363 provinciae
1082 2317 1183 2359 tuae,
1208 2317 1253 2348 ut
1276 2307 1386 2348 illius
1408 2307 1519 2348 redi-

121 2403 162 2434 26
183 2407 313 2434 tantam
329 2405 395 2434 vim
410 2406 517 2444 habet]
543 2406 617 2436 Non
637 2406 690 2436 hic
706 2416 775 2436 ma·
818 2406 880 2437 int.
896 2410 1041 2444 senatuS,
1057 2408 1142 2446 qnod
1161 2407 1273 2437 durius
1289 2408 1393 2438 abest.

79 2445 218 2483 gnitudo
244 2446 384 2486 intelligi
413 2454 534 2488 potest.
586 2449 671 2479 Puto
699 2449 777 2478 scri·
861 2451 901 2479 30
935 2459 994 2488 per
1015 2451 1218 2488 provinciam
1244 2455 1341 2490 atque
1364 2451 1443 2489 imp.
1469 2448 1521 2478 tui

79 2485 222 2517 bendum
239 2499 323 2518 eam.
812 2491 1012 2530 prouincias]
1022 2493 1055 2522 Si
1066 2493 1232 2533 itaxcicero
1239 2493 1379 2532 scripsit,
1385 2492 1520 2530 provin-

122 2529 159 2562 27
184 2531 358 2560 consta-ntis
381 2540 407 2561 s.
425 2532 604 2574 eonsilium]
632 2533 777 2563 Graevins
819 2534 870 2563 cia
893 2540 943 2564 est
960 2533 1086 2570 Cilicia,
1098 2536 1272 2573 provincia>
1289 2542 1356 2563 tres
1377 2532 1519 2567 διοικήσεις

80 2569 180 2601 edidit
194 2576 394 2603 ennsacmm:
418 2575 462 2604 sic
477 2582 511 2604 et
527 2575 593 2606 alii.
618 2575 691 2616 ⁴Sed
706 2585 777 2605 eon-
819 2576 984 2611 Asiatieae‚
1001 2586 1080 2614 quas
1100 2576 1176 2607 alibi
1200 2576 1280 2607 dicit
1298 2576 1421 2606 additas
1446 2586 1521 2616 pro-

79 2612 190 2643 vilium
206 2615 321 2644 melius
339 2617 507 2656 respondet
523 2619 638 2648 stadio.
820 2618 935 2648 vinciae
951 2618 1093 2649 Ciliciae:
1128 2619 1182 2648 sed
1197 2625 1245 2648 est
1260 2618 1382 2654 durius,
1399 2624 1432 2648 et
1455 2624 1522 2649 sta-

126 2657 165 2686 ‘Aa
187 2661 218 2686 et
231 2659 393 2697 sapienter
404 2658 491 2699 etsi]
518 2660 662 2690 Primum
681 2664 711 2690 et
724 2659 778 2689 de·
820 2660 881 2689 tim
899 2667 970 2700 post
986 2666 1034 2690 est
1045 2661 1214 2698 provincia
1240 2665 1309 2690 tna.
1355 2659 1454 2691 Valde
1469 2671 1526 2690 ve-

80 2693 128 2733 let
143 2697 299 2730 Graevius.
317 2707 351 2730 et
366 2701 456 2731 abest
480 2701 551 2731 edd.
574 2712 622 2741 pr.
647 2703 779 2741 quibus-
822 2711 906 2738 reor,
924 2712 963 2732 ne
978 2703 1012 2732 in
1027 2702 1187 2733 alterutro
1205 2702 1320 2732 vitium
1334 2702 1388 2733 sit.
1434 2703 1524 2733 Con.

79 2737 164 2770 dam.
187 2741 281 2772 male.
313 2752 389 2773 nam
403 2747 437 2773 et
458 2748 532 2783 post
545 2751 594 2775 est
609 2749 640 2775 et
664 2745 778 2784 cupide
815 2745 880 2784 jeci
895 2744 1082 2783 aliquando,
1097 2745 1152 2784 qui
1161 2754 1223 2784 per
1233 2754 1290 2782 pr.
1315 2747 1409 2775 tuam
1424 2749 1523 2786 atque

75 2784 108 2813 ce
123 2786 251 2814 temere.
820 2787 949 2829 impu-ii
964 2788 1066 2819 nostri
1071 2787 1270 2828 provincias.

120 2828 162 2861 29
191 2830 326 2868 propter
352 2828 503 2870 interpoe.
529 2828 774 2872 auctoritatem]
