1865 3223
424 100 503 137 AD
526 96 834 135 CONSULES
861 96 932 132 ET
960 96 1240 134 CETEROS.
1477 96 1547 129 401

126 202 243 254 reriS‚
266 213 309 244 et
326 217 433 258 quos
456 203 547 244 fore
567 199 756 243 confido.
810 198 920 255 Ego,
948 198 981 239 si
1015 212 1082 239 me
1107 198 1328 255 navigatio
1348 211 1433 239 non
1459 210 1548 236 mo-

126 260 303 310 rabitur,
326 274 422 314 quae
447 258 688 300 incurrebat
717 257 760 297 in
795 257 909 313 ipsos
941 254 1122 306 Etesias‚
1152 255 1399 311 propediem
1425 263 1479 303 te,
1502 261 1549 293 ut

124 330 262 371 spero,
287 317 454 358 videbo.

630 369 1033 409 ARGUMENTUM.
1567 355 1613 390 ¹2

176 437 396 473 Gratulatur
415 435 548 473 Paullo
568 435 611 470 de
629 435 829 476 consulatu,
849 438 884 469 et
902 444 946 468 ne
961 433 1030 469 sibi
1045 432 1234 480 provincia
1250 435 1477 478 prorogetur,

773 490 892 533 rogat.

136 553 204 597 M.
228 554 279 596 T.
303 555 354 596 C.
388 552 520 595 IMP.
555 553 603 595 L.
629 551 872 595 PAULLO
896 551 1025 593 COS.
1051 549 1298 592 DESIGN.
1331 548 1374 589 S.
1400 547 1449 589 P.
1476 546 1531 587 D.

124 610 269 663 ETSI
293 621 397 662 mihi
422 635 650 676 numquam
673 620 754 662 fuit
777 620 970 670 dubium,
989 619 1091 674 quin
1117 629 1156 659 te
1182 617 1361 674 populus
1391 615 1546 656 Roma-

118 693 212 730 nus,
236 693 311 734 pro
335 679 418 719 tuis
441 679 616 719 summis
645 678 686 718 in
723 676 1030 732 rempublicam
1064 676 1240 725 meritis,
1279 684 1320 715 et
1360 687 1435 728 pro
1458 686 1546 712 am—

117 735 309 790 plissima
330 737 369 766 35
387 735 559 776 familiae
593 734 820 791 dignitate,
840 748 1006 775 summo
1030 733 1186 782 studio,
1209 731 1375 772 cunctis
1399 729 1548 770 suffra-

117 791 199 847 giis
222 792 439 833 consulem
474 792 663 833 facturus
686 800 818 832 esset:
854 800 994 831 tamen
1019 789 1255 831 incredibili
1282 787 1432 829 laetitia
1455 801 1544 826 sum

116 848 310 899 affectus,
333 863 429 889 cum
456 849 495 890 id
521 849 623 889 mihi
650 849 889 889 nuntiatum
915 858 1004 899 est;
1035 861 1216 902 eumque
1240 846 1441 886 honorem
1469 843 1543 884 tibi

116 905 218 946 deos
255 906 472 946 fortunare
508 906 618 955 volo,
652 921 676 946 a
705 915 829 959 teque
859 919 911 945 ex
948 914 1033 954 tua,
1056 904 1353 959 majorumque
1376 913 1546 942 tuorum

117 962 330 1018 dignitate
352 962 654 1002 administrari.
715 961 858 1016 Atque
882 962 1040 1002 utinam
1080 975 1262 1017 praesens
1294 959 1408 1000 illum
1431 957 1545 998 diem

115 1019 221 1059 mihi
244 1019 559 1074 optatissimum
586 1018 727 1059 videre
762 1019 1009 1074 potuissem,
1044 1033 1206 1074 proque
1230 1017 1310 1057 tuis
1334 1015 1545 1071 amplissi-

111 1076 193 1116 mis
216 1090 318 1131 erga
341 1090 406 1116 me
430 1076 580 1116 studiis
600 1085 727 1130 atque
751 1075 969 1116 beneficiis
1000 1075 1078 1116 tibi
1102 1089 1273 1132 operam
1297 1087 1432 1114 meam
1457 1081 1543 1112 stu-

113 1132 317 1188 diumque
335 1134 511 1174 navare!
547 1133 689 1179 Quam
709 1132 811 1172 mihi
836 1132 1080 1173 facultatem
1105 1147 1234 1187 quum
1262 1131 1329 1171 liic
1355 1144 1431 1171 nec
1451 1129 1543 1184 opi-

110 1202 236 1230 natus
272 1200 314 1230 et
348 1189 604 1245 improvisus
636 1189 868 1245 provinciae
894 1204 1014 1230 casus
1037 1189 1219 1245 eripuit:
1253 1197 1409 1237 tamen,
1432 1196 1479 1227 ut
1503 1196 1544 1226 te

111 1246 344 1297 consulem,
365 1247 672 1302 rempublicam
703 1260 780 1301 pro
804 1256 875 1286 tua
898 1247 1108 1301 dignitate
1142 1254 1375 1301 gerentem,
1400 1244 1542 1284 videre

110 1303 286 1358 possim,
309 1317 568 1359 magnopere
590 1318 614 1343 a
637 1312 677 1342 te
700 1312 813 1357 peto,
842 1312 886 1342 ut
916 1317 1088 1358 operam
1118 1303 1206 1352 des,
1227 1302 1268 1332 36
1281 1302 1584 1355 efficiasque‚b.

108 1374 163 1400 ne
183 1361 285 1415 quid
311 1360 414 1400 mihi
438 1360 513 1400 fiat
536 1359 719 1414 iujuriae,
743 1373 848 1399 neve
869 1360 971 1414 quid
996 1359 1199 1415 temporis
1227 1359 1278 1399 ad
1302 1372 1442 1398 meum
1466 1372 1538 1397 an-

108 1431 241 1457 nuum
264 1431 417 1457 munus
440 1416 629 1457 accedat.
683 1416 812 1462 Quod
837 1417 869 1456 si
891 1417 1056 1468 feceris,
1079 1431 1259 1472 magnus
1282 1416 1334 1456 ad
1359 1424 1431 1456 tua
1454 1415 1540 1470 pri-

110 1474 221 1514 stina
241 1488 343 1529 erga
366 1487 432 1514 me
454 1473 594 1514 studia
616 1472 811 1514 cumulus
833 1473 1024 1514 accedet.

623 1562 1025 1600 ARGUMENTUM.
1561 1568 1606 1602 13

132 1617 167 1652 A
184 1615 326 1652 consule
341 1617 448 1664 petit,
468 1620 508 1652 ut
526 1616 807 1663 supplicationes
824 1617 893 1651 sibi
912 1617 1091 1658 decernat,
1113 1620 1147 1652 et
1164 1628 1266 1652 suam
1286 1616 1523 1651 existimatio-

558 1679 637 1703 nem
656 1670 691 1703 in
713 1670 838 1703 ceteris
857 1669 1091 1704 commendat.

257 1734 326 1775 M.
348 1733 399 1774 T.
424 1733 476 1782 (Q.
510 1733 642 1775 IMP.
676 1734 726 1775 L.
750 1733 994 1776 PAULLO
1020 1735 1150 1776 COS.
1183 1735 1226 1775 S.
1254 1733 1303 1774 P.
1330 1733 1387 1775 D.

109 1790 394 1843 MAXIME
428 1802 532 1843 mihi
567 1801 650 1843 fuit
679 1812 891 1858 optatum,
916 1802 1068 1843 Romae
1092 1816 1182 1842 esse
1205 1811 1363 1852 tecum,
1386 1800 1540 1841 multas

104 1859 161 1900 ob
183 1873 345 1910 causas,
368 1858 441 1899 sed
471 1859 701 1915 praecipue,
735 1870 781 1899 ut
813 1869 856 1900 et
888 1860 930 1899 in
967 1860 1165 1915 petendo,
1201 1868 1244 1899 et
1275 1859 1317 1899 in
1352 1858 1538 1913 gerendo

105 1916 330 1957 consulatu
360 1929 502 1956 meum
541 1916 619 1956 tibi
655 1916 848 1957 debitum
889 1917 1077 1957 studium
1117 1916 1355 1972 perspicere
1380 1929 1537 1971 posses.

103 1971 170 2013 Ac
188 1972 460 2029 37petiti0nis
482 1973 654 2028 quidem
689 1981 774 2014 tuae
813 1975 921 2014 ratio
955 1974 1061 2014 milii
1097 1987 1261 2029 semper
1285 1973 1366 2013 fuit
1388 1972 1538 2026 explo-

104 2039 221 2071 rata:
260 2030 331 2070 sed
373 2038 514 2070 tamen
551 2044 704 2070 navare
745 2045 918 2085 operam
956 2031 1166 2071 volebam.
1228 2030 1276 2070 In
1312 2030 1536 2070 consulatu

105 2100 205 2127 vero
228 2087 357 2142 cupio
378 2086 576 2141 equidem
609 2097 650 2127 te
682 2088 820 2127 minus
853 2087 1008 2128 habere
1042 2087 1226 2144 negotii:
1260 2087 1330 2127 sed
1361 2086 1537 2127 moleste

104 2143 210 2195 fero,
234 2158 302 2184 me
322 2143 541 2185 consulem
575 2143 762 2184 studium
795 2154 915 2185 tuum
938 2145 1217 2185 adolescentis
1241 2144 1534 2200 perspexisse3

104 2209 147 2241 te
178 2214 337 2252 meum,
369 2216 465 2241 cum
500 2201 540 2242 id
574 2201 712 2242 aetatis
746 2201 839 2252 sim,
873 2203 1110 2258 perspicere
1132 2217 1216 2242 non
1252 2216 1389 2256 posse.
1451 2201 1535 2241 Sed

104 2256 179 2308 ita,
211 2257 301 2298 fato
336 2258 480 2299 nescio
512 2273 613 2313 quo,
648 2259 881 2314 contigisse
913 2259 1110 2310 arbitror,
1132 2270 1180 2299 ut
1203 2259 1279 2299 tibi
1302 2259 1352 2299 ad
1377 2272 1444 2299 me
1465 2273 1533 2298 or·

102 2314 293 2355 nandum
316 2329 481 2371 semper
503 2315 628 2356 detur
649 2315 827 2356 facultas
846 2333 856 2367 3
888 2316 992 2356 mihi
1020 2316 1072 2357 ad
1092 2316 1446 2356 remunerandum
1469 2316 1532 2355 ni-

100 2370 161 2412 hil
184 2380 398 2428 suppetat,
438 2382 592 2427 praeter
622 2372 900 2414 voluntatem.
963 2373 1134 2414 Ornasti
1159 2372 1444 2422 consulatum,
1466 2387 1532 2411 or-

100 2429 212 2469 nasti
236 2429 419 2469 reditum
439 2444 595 2470 meum.
657 2428 815 2470 Incidit
851 2444 994 2471 meum
1029 2440 1195 2486 tempus
1218 2445 1356 2471 rerum
1382 2444 1531 2485 geren-

100 2485 249 2526 darum
269 2486 310 2526 in
333 2486 473 2542 ipsum
496 2485 764 2528 consulatum
789 2496 923 2528 tuum.
967 2486 1118 2543 Itaque
1141 2502 1237 2528 cum
1261 2497 1303 2527 et
1323 2496 1395 2527 tua
1417 2501 1546 2528 sum—.

99 2556 170 2583 ma
201 2542 455 2598 amplitudo,
477 2554 519 2584 et
541 2544 743 2598 dignitas,
767 2554 809 2584 et
832 2558 949 2585 meus
974 2559 1152 2600 magnus
1175 2546 1326 2594 honos,
1351 2558 1525 2598 magua-

98 2613 182 2653 que
202 2599 468 2642 existimatio
503 2600 715 2657 postulare
738 2601 944 2654 videatur,
968 2611 1015 2642 ut
1040 2617 1065 2642 a
1096 2613 1137 2642 te
1170 2601 1362 2657 plurimis
1388 2600 1525 2640 verbis

134 2715 175 2743 35
199 2711 348 2752 familiae
382 2714 557 2754 dig-nitate]
594 2715 677 2745 Puto
705 2715 791 2745 exei·
835 2725 911 2746 nam
926 2715 1043 2753 copula
1057 2714 1111 2744 hie
1126 2724 1194 2744 non
1208 2713 1377 2744 commode
1393 2714 1496 2744 abest.

93 2753 175 2785 disse
191 2755 224 2785 in
240 2756 346 2786 medio
361 2760 435 2787 tuoe.
875 2761 914 2792 37
925 2759 1090 2797 petitionis
1102 2757 1272 2796 tuaeratio]
1293 2758 1313 2787 i.
1328 2766 1423 2796 quem
1435 2766 1530 2786 evcn-

135 2796 176 2828 36
196 2796 391 2837 efficiasque]
416 2799 468 2830 Sic
493 2799 577 2830 edidi
604 2810 622 2829 e
645 2798 789 2839 vestigiis
831 2804 903 2831 tum
919 2805 1003 2830 esset
1017 2799 1181 2834 habitura,
1197 2808 1240 2828 sc.
1265 2800 1299 2830 in
1323 2801 1440 2831 bonam
1458 2808 1527 2838 par>

94 2837 158 2869 Ms.
176 2839 253 2876 mei,
270 2840 304 2869 in
319 2850 382 2879 quo
397 2845 446 2871 est
460 2841 630 2882 effic-inste,
646 2852 686 2873 ne
699 2841 786 2883 quid.
829 2845 912 2881 tem,
928 2848 966 2873 ut
980 2851 1123 2873 crearere
1137 2841 1262 2872 consul,

155 2894 262 2923 vot..
288 2896 364 2926 111.
390 2897 430 2924 P.
455 2898 486 2924 1.
780 2897 806 2924 D
826 2884 851 2924 d
