1865 3223
253 238 305 278 47

316 134 392 168 358
560 127 742 167 EPiST.
769 125 952 165 LIBER
976 109 1514 163 TERTIUSDECI'MUS

833 228 1173 268 ARGUMENTU
1179 227 1222 263 M
1229 257 1234 262 .

587 296 801 344 Egnatium,
821 305 1040 330 communem
1059 294 1225 333 amicum,
1243 290 1477 326 commendat.

715 362 781 402 M.
804 361 853 402 T.
879 362 930 402 C.
961 359 1124 402 SILIO
1157 360 1201 400 S.
1228 359 1277 399 P.
1302 358 1359 399 D.

325 420 496 482 QUID
531 445 612 486 ego
647 430 724 470 tibi
759 429 1055 469 commendem
1089 441 1202 475 cum,
1225 440 1351 481 quem
1385 433 1430 464 tu
1464 424 1554 479 ipse
1580 422 1752 478 diligis?

325 489 407 530 Sed
443 498 599 536 tamen,
625 496 669 526 ut
702 486 844 533 scires,
869 498 965 523 eum
1001 499 1024 523 a
1057 496 1124 521 mc
1157 497 1243 522 non
1279 482 1399 538 diligi
1434 482 1584 531 solum,
1609 493 1751 521 verum

325 546 454 586 etiam
478 544 624 591 amari,
647 543 702 582 ob
725 555 818 581 eam
850 554 936 580 rem
967 539 1044 579 tibi
1076 538 1169 579 haec
1204 538 1359 579 scribo.
1420 538 1626 578 Omnium
1660 545 1757 576 tuo-

325 617 419 643 rum
441 601 698 647 officiorum,
719 612 814 652 quae
839 606 881 637 et
905 595 1037 636 multa
1070 605 1112 635 et
1145 609 1302 649 magna
1329 605 1439 645 sunt,
1464 595 1566 634 mihi
1604 593 1757 648 gratis-

326 660 479 699 simum
504 656 646 705 fuerit,
670 656 702 695 si
737 655 798 694 ita
829 653 1021 694 tractaris
1051 651 1300 708 Egnatium,
1325 660 1371 690 ut
1405 652 1572 701 sentiat,
1595 660 1638 690 et
1671 662 1714 689 se
1736 663 1762 689 a

326 729 409 764 me,
431 724 475 754 et
497 727 564 753 mc
587 728 610 752 a
634 723 675 752 te
698 711 844 752 amari.
907 709 1007 751 Hoc
1040 723 1081 750 te
1105 708 1377 749 vehementer
1399 709 1524 748 etiam
1549 719 1676 762 atque
1698 714 1761 746 et-

328 773 411 812 iam
441 785 561 825 rogo.
625 769 703 808 Illa
733 777 878 808 nostra
912 766 1075 806 scilicet
1102 765 1363 806 ceciderunt.
1424 764 1606 805 Utamur
1631 763 1762 819 igitur

330 828 496 882 vulgari
519 824 826 866 consolatione.
860 823 993 872 Quid,
1012 823 1044 863 si
1069 821 1218 863 melius
1242 821 1351 862 hoc?
1384 820 1466 861 Sed
1491 820 1583 861 haec
1604 834 1763 861 coram.

331 884 397 925 Tu
422 884 504 934 fac,
526 882 641 938 quod
663 881 784 932 facis,
809 889 855 920 ut
878 894 945 920 me
968 894 1098 930 ames,
1120 889 1246 933 teque
1268 878 1399 918 amari
1423 893 1448 919 a
1469 891 1536 917 me
1558 877 1681 918 scias.

269 974 322 1012 48
854 967 1255 1006 ARGUMENTUM.

395 1036 532 1071 Cilicia>
550 1036 719 1082 quoestori
737 1045 856 1069 omnes
877 1023 1025 1080 Cyprios
1040 1036 1074 1067 et
1093 1033 1129 1067 in
1145 1032 1273 1078 primis
1294 1030 1455 1079 Paphios
1474 1029 1709 1066 commendat.

392 1102 461 1143 M.
483 1101 534 1142 T.
560 1102 610 1143 C.
644 1101 698 1142 C.
721 1098 1016 1142 SEXTILIO
1049 1098 1216 1140 RUFO
1249 1096 1482 1143 QUAEST.
1513 1097 1557 1137 S.
1582 1096 1631 1137 P.
1663 1095 1714 1137 D.

338 1159 567 1212 OMNES
604 1169 682 1209 tibi
728 1167 985 1209 commendo
1019 1166 1220 1222 CypriOS‚
1254 1165 1325 1205 sed
1370 1164 1508 1218 magis
1557 1162 1771 1218 Paphios:

337 1227 493 1281 quibus
517 1235 561 1267 tu
595 1238 878 1281 quaecumque
909 1223 1211 1272 commodaris,
1232 1230 1357 1263 erunt
1381 1221 1487 1261 mihi
1517 1220 1773 1277 gratissima.

341 1284 490 1338 quue
513 1283 626 1324 facio
648 1283 865 1331 libentius,
889 1290 935 1321 ut
958 1295 1029 1321 eos
1054 1280 1132 1320 tibi
1156 1279 1468 1328 commendem,
1487 1277 1602 1332 quod
1623 1286 1666 1317 et
1690 1286 1774 1317 tuae

338 1341 469 1390 laudi,
503 1340 626 1395 cujus
665 1354 747 1394 ego
787 1338 928 1378 fautor
966 1352 1074 1387 sum,
1113 1336 1352 1377 conducere
1389 1335 1587 1384 arbitror,
1623 1337 1775 1374 79cum

340 1399 503 1454 primus
536 1398 578 1437 in
612 1410 704 1436 eam
743 1395 923 1435 insulam
957 1401 1146 1448 quaestor
1179 1392 1357 1442 veneris,
1387 1406 1437 1432 ea
1467 1402 1508 1431 te
1541 1390 1776 1439 instituere,

342 1470 438 1509 quae
474 1462 705 1508 sequantur
733 1452 833 1492 alii:
865 1465 977 1505 quae,
1003 1460 1049 1490 ut
1079 1463 1218 1504 spero,
1245 1448 1412 1489 facilius
1446 1461 1719 1502 consequere,
1743 1447 1777 1486 si

341 1522 385 1551 et
418 1514 459 1542 80
478 1510 528 1550 P.
565 1508 751 1559 Lentuli,
787 1507 1012 1548 necessarii
1048 1507 1126 1555 tui,
1164 1505 1318 1560 legem,
1349 1514 1392 1545 et
1423 1519 1487 1554 ea,
1521 1518 1617 1558 quae
1651 1518 1675 1544 a
1711 1517 1779 1543 me

343 1567 582 1608 constituta
621 1575 735 1616 sunt,
770 1564 889 1619 sequi
929 1563 1124 1605 volueris.
1188 1562 1331 1609 Quam
1364 1575 1452 1602 rem
1490 1561 1570 1602 tibi
1608 1559 1780 1601 confido

345 1638 515 1679 magnae
538 1622 652 1664 laudi
678 1622 783 1663 fore.

280 1715 334 1755 49
862 1701 1264 1741 ARGUMENTUM.

305 1900 339 1930 b.

349 1769 394 1811 Q.
417 1770 630 1818 Pompeium
648 1770 702 1804 ita
716 1767 925 1816 proconsuli
945 1767 1051 1802 Curio
1069 1765 1305 1807 commendat,
1326 1769 1365 1800 ut
1384 1766 1487 1812 quasi
1504 1769 1655 1814 propter
1665 1759 1784 1814 fami—

882 1819 1083 1854 liaritatem
1100 1817 1268 1864 postulet.

607 1885 842 1927 CICERO
883 1883 1078 1926 CURIO
1111 1882 1292 1924 PROC.
1331 1883 1374 1923 S.
1400 1882 1449 1923 P.
1476 1882 1532 1923 D.

353 1944 425 2005 Q.
453 1953 789 2003 POMPEIUS,
817 1953 936 1993 Sext.
970 1951 1016 1992 F.
1051 1949 1195 1990 multis
1227 1959 1271 1990 et
1302 1950 1514 1990 veteribus
1547 1949 1686 1991 causis
1716 1963 1789 1990 ne-

351 2011 623 2052 cessitudinis
646 2011 751 2050 mihi
777 2009 1035 2064 conjunctus
1057 2016 1134 2047 est.
1197 2006 1254 2057 Is,
1277 2021 1375 2047 cum
1398 2016 1525 2047 antea
1542 2007 1648 2047 meis
1670 2020 1789 2048 com-

351 2067 701 2110 mendationibus
735 2076 778 2107 et
809 2080 912 2116 rem,
947 2073 990 2105 et
1026 2063 1225 2119 gratiam,
1261 2072 1303 2103 et
1334 2064 1634 2104 auctoritatem
1669 2077 1787 2103 suam

353 2125 461 2165 tueri
494 2125 740 2166 consuerit:
783 2137 898 2164 nunc
929 2121 1140 2177 profectO,
1172 2130 1214 2161 te
1254 2120 1517 2175 provinciam
1550 2120 1789 2170 obtinente,

352 2182 458 2222 meis
481 2182 633 2222 litteris
655 2180 822 2235 assequi
844 2179 987 2229 debet,
1011 2188 1057 2218 ut
1090 2177 1251 2218 nemini
1275 2191 1317 2217 se
1340 2176 1552 2233 intelligat
1572 2190 1791 2217 commen-

355 2238 563 2278 datiorem
601 2252 802 2292 umquam
838 2237 982 2277 fuisse.
1044 2234 1339 2280 Quamobrem
1371 2250 1396 2274 a
1430 2243 1472 2275 te
1509 2233 1717 2288 majorem
1749 2233 1792 2273 in

355 2295 530 2335 modum
558 2305 671 2349 peto,
696 2304 756 2345 ut,
779 2309 876 2335 cum
899 2307 1047 2333 omnes
1078 2305 1195 2332 meos
1218 2305 1339 2345 aeque
1363 2305 1411 2332 ac
1435 2300 1530 2331 tuos
1552 2291 1793 2339 observare,

357 2366 435 2407 pro
455 2361 600 2392 nostra
623 2351 950 2400 necessitudine,
969 2349 1140 2398 debeaS,
1160 2348 1273 2389 hunc
1294 2349 1338 2388 in
1361 2348 1508 2404 primis
1527 2347 1588 2388 ita
1609 2348 1652 2388 in
1677 2356 1794 2387 tuam

359 2408 486 2450 fidem
518 2409 712 2463 recipias,
735 2417 782 2449 ut
820 2408 910 2463 ipse
944 2405 1169 2461 intelligat,
1197 2405 1355 2446 nullam
1395 2418 1482 2445 rem
1519 2404 1601 2445 sibi
1640 2402 1793 2457 majori

358 2466 469 2516 usui,
500 2475 573 2505 aut
606 2474 872 2515 ornamento,
908 2477 1037 2519 quarn
1076 2477 1214 2504 meam
1251 2461 1670 2503 commendationem
1704 2473 1795 2501 esse

361 2532 566 2578 potuisse.

403 2640 444 2669 79
467 2645 541 2666 cum
561 2636 871 2674 primus—quoesror
897 2632 970 2671 &c.]
997 2642 1040 2662 sc.
1151 2634 1191 2661 80
1215 2631 1259 2662 P.
1287 2629 1583 2668 Lentuli—legem]
1617 2629 1725 2669 Quam
1750 2628 1796 2658 fe-

363 2679 470 2718 Cypro
495 2682 654 2716 occupata
677 2688 694 2707 e
716 2677 786 2715 lege
811 2675 938 2710 Clodia,
955 2680 988 2704 et
1012 2675 1045 2705 in
1106 2674 1164 2709 cit,
1187 2683 1261 2704 cum
1283 2673 1376 2702 Proc.
1400 2672 1524 2702 Cilic-iae
1547 2676 1645 2707 esset,
1663 2672 1715 2700 cui
1735 2671 1798 2710 Cy-

363 2721 539 2757 proxinciae
574 2720 714 2749 sormam
750 2718 891 2747 redacta.
930 2726 1045 2756 nempe
1105 2725 1181 2754 prus
1210 2714 1367 2753 adjuncta
1394 2720 1477 2749 erat,
1504 2713 1590 2743 unde
1615 2719 1648 2743 et
1673 2722 1747 2743 mox
1777 2722 1796 2742 a

363 2768 440 2792 ante
472 2772 536 2791 non
569 2762 677 2791 fuerat
703 2768 846 2799 quaestor
882 2759 1043 2798 proprius,
1105 2757 1261 2787 Cicerone
1276 2756 1400 2787 Ciliciae
1418 2757 1507 2786 Proc.
1524 2755 1707 2786 constituta
1729 2763 1799 2784 me-

363 2803 417 2833 sed
437 2809 580 2842 quaestor
603 2803 728 2834 Ciliciae
750 2801 834 2832 idem
857 2801 954 2841 Cypri
975 2800 1043 2831 fue-
1103 2804 1288 2829 morantur.
1333 2798 1465 2837 Proprie
1499 2803 1610 2828 autem
1633 2797 1712 2836 leg-it
1736 2805 1795 2828 no·

364 2852 426 2879 rat.
1102 2842 1189 2871 mine
1207 2841 1328 2872 dicitur
1340 2840 1482 2872 formula
1498 2839 1684 2883 Provinciae.
