1865 3223
444 95 524 134 AD
548 92 907 134 TERENTIAM
933 91 1204 131 UXOREM.
1464 97 1542 136 377

115 200 206 243 dies
226 206 459 255 noctesque
482 206 669 242 versatur
688 195 858 252 squalor
878 204 1032 246 vester,
1052 205 1096 235 et
1117 210 1283 247 maeror,
1303 203 1346 237 et
1363 195 1544 236 infirmi-

116 267 182 300 tas
211 256 456 299 valitudinis
488 266 598 297 tuae:
637 267 732 309 spes
761 262 904 294 autem
932 252 1077 294 salutis
1112 253 1324 307 pertenuis
1355 254 1544 294 ostendi-

113 323 198 356 tur.
260 313 430 354 Inimici
453 321 551 354 sunt
571 310 720 352 multi:
753 310 886 351 invidi
911 323 1033 366 paene
1056 322 1217 349 omnes.
1280 309 1444 364 Ejicere
1469 324 1544 350 nos

113 384 319 426 magnum
355 369 450 420 fuit,
479 367 705 410 excludere
740 366 865 408 facile
899 376 978 407 est.
1039 365 1122 407 Sed
1160 375 1301 406 tamen
1340 366 1543 420 quamdiu

116 442 192 468 vos
223 427 340 468 eritis
371 427 413 467 in
445 439 533 481 spe,
563 439 647 466 non
678 424 890 475 deficiam,
921 438 973 464 ne
1002 423 1148 464 omnia
1174 436 1266 462 mea
1288 422 1413 476 culpa
1433 423 1544 463 ceci-

116 484 230 524 disse
254 484 489 525 videantur.
535 484 570 512 18
585 481 645 523 Ut
667 490 760 522 tuto
783 482 878 531 sim,
899 481 1012 535 quod
1036 480 1217 530 laboras,
1237 478 1278 519 id
1304 478 1406 518 mihi
1433 493 1545 520 nunc

116 539 367 581 facillimum
401 548 488 581 est:
520 552 644 592 quem
678 539 805 579 etiam
838 538 999 578 inimici
1037 537 1184 578 volunt
1219 536 1358 576 vivere
1398 535 1439 575 in
1480 535 1545 576 his

117 598 248 638 tantis
272 595 464 637 miseriis.
516 594 611 651 Ego
634 605 774 636 tamen
798 594 966 645 faciam,
989 609 1084 649 quae
1111 593 1322 649 praecipis.
1369 590 1546 643 Amicis,

117 654 273 708 quibus
298 652 484 699 voluisti,
506 654 574 707 egi
609 653 790 708 gratias:
824 661 866 692 et
896 666 965 692 eas
1000 651 1158 692 litteras
1195 649 1399 705 Dexippo
1422 649 1544 691 dedi:

117 723 272 765 meque
292 709 344 749 de
366 723 511 750 eorum
536 709 693 759 officio,
717 708 881 765 scripsi,
903 722 928 749 a
949 718 989 749 tc
1011 709 1235 749 certiorem
1255 721 1345 747 esse
1369 706 1543 747 sactum.

120 766 321 807 Pisonem
357 776 548 807 nostrum
579 766 762 806 mirifico
785 780 874 806 esse
904 766 1045 806 studio
1070 766 1109 805 in
1141 779 1218 805 nos
1247 773 1290 804 et
1320 763 1480 811 officio,
1503 774 1587 806 etb.

119 836 202 878 ego
226 823 451 879 perspicio,
474 832 517 863 et
538 837 685 863 omnes
715 823 964 879 praedicant.
1027 821 1099 863 Dii
1123 822 1278 872 faxint,
1300 831 1347 861 ut
1369 819 1440 860 tali
1473 834 1546 875 ge-

117 893 221 921 nero
245 880 349 921 mihi
379 880 578 935 praesenti
604 890 743 921 tecum
775 879 899 920 simul
921 890 963 920 et
985 894 1081 919 cum
1117 878 1258 919 liberis
1287 877 1442 918 nostris
1464 877 1548 917 frui

116 936 268 977 liceat!
303 936 431 977 Nunc
460 951 555 992 spes
587 937 747 992 reliqua
768 937 894 977 estin
928 937 1048 976 novis
1072 936 1253 976 tribunis
1285 934 1419 990 plebis
1441 934 1548 974 etin

120 993 268 1048 primis
289 993 460 1048 quidem
485 994 649 1034 diebus.
711 993 822 1034 Nam
847 994 879 1034 si
905 994 1164 1042 inveterarit,
1186 1002 1327 1032 actum
1351 1002 1430 1032 est.
1488 990 1550 1032 Ea

118 1063 164 1090 re
182 1049 235 1090 ad
259 1059 300 1091 te
331 1050 472 1091 statim
497 1050 799 1091 Aristocritum
824 1051 935 1101 misi,
957 1059 1004 1090 ut
1034 1050 1084 1090 ad
1109 1064 1176 1090 me
1199 1049 1403 1089 continuo
1425 1047 1549 1088 initia

118 1121 257 1147 rerum
281 1115 323 1147 et
347 1107 554 1148 rationem
577 1107 710 1148 totius
742 1107 903 1163 negotii
936 1121 1078 1162 posses
1109 1107 1317 1147 scribere:
1348 1105 1427 1146 etsi
1462 1104 1547 1145 De-

118 1163 255 1220 xippo
277 1178 447 1219 quoque
470 1164 530 1205 ita
553 1164 773 1220 imperavi,
796 1164 939 1205 statim
965 1172 1010 1204 ut
1041 1173 1294 1204 recurreret:
1327 1172 1369 1203 et
1390 1162 1440 1202 ad
1466 1162 1549 1202 fra-

119 1228 227 1260 trem
251 1220 364 1271 misi,
398 1228 445 1261 ut
474 1221 625 1261 crebro
657 1221 897 1263 tabellarios
928 1220 1131 1260 mitteret.
1158 1234 1256 1261 nam
1287 1233 1369 1274 ego
1400 1233 1451 1259 eo
1474 1233 1550 1259 no-

118 1277 235 1318 mine
264 1291 356 1318 sum
381 1277 610 1333 Dyrrachii
642 1277 725 1318 hoc
748 1287 954 1333 tempore,
976 1286 1024 1317 ut
1044 1291 1171 1331 quam
1195 1277 1426 1326 celerrime,
1447 1275 1551 1329 quid

118 1342 286 1388 agatur,
308 1334 494 1384 audiam,
515 1343 557 1374 et
580 1348 673 1375 sum
704 1343 814 1375 tuto.
874 1333 1039 1375 Civitas
1061 1334 1174 1374 enim
1208 1333 1301 1374 haec
1332 1346 1497 1388 semper
1526 1347 1552 1372 a

116 1403 187 1430 me
215 1389 390 1431 defensa
411 1400 490 1432 est.
551 1390 660 1432 Cum
694 1390 856 1433 inimici
887 1391 1019 1432 nostri
1055 1391 1196 1431 venire
1225 1391 1436 1439 dicentur,
1460 1400 1550 1430 tum

118 1446 163 1487 in
197 1445 375 1503 Epirum
410 1447 498 1489 ibo.
558 1447 688 1494 Quod
717 1448 882 1500 scribis,
905 1457 960 1498 te,
983 1447 1017 1487 si
1051 1447 1193 1499 velim,
1215 1447 1268 1488 ad
1302 1462 1370 1488 me
1402 1456 1552 1488 ventu-

118 1517 236 1546 ram:
267 1517 352 1560 ego
382 1517 497 1555 vero,
526 1517 624 1545 cum
659 1505 789 1546 sciam
828 1519 1029 1561 magnam
1063 1514 1226 1561 partem
1261 1504 1382 1545 istius
1412 1504 1552 1544 oneris

117 1560 196 1602 abs
218 1568 259 1601 te
290 1559 504 1612 sustineri,
525 1570 567 1601 te
600 1560 697 1603 istic
726 1574 818 1602 esse
839 1563 952 1603 volo.
1011 1561 1056 1602 Si
1088 1561 1292 1617 perficitis
1313 1560 1428 1616 quod
1461 1560 1553 1616 agi-

119 1617 200 1659 tis:
232 1631 301 1658 me
333 1616 385 1658 ad
417 1632 492 1659 vos
523 1617 668 1659 venire
699 1628 884 1675 oportet.
917 1619 979 1659 sin
1013 1629 1172 1660 autem.
1207 1618 1276 1659 sed
1310 1617 1413 1658 nihil
1444 1632 1552 1673 opus

119 1682 186 1715 est
206 1673 368 1730 reliqua
390 1675 589 1716 scribere.
649 1674 715 1717 Ex
750 1676 912 1731 primis,
934 1686 1008 1717 aut
1029 1690 1241 1716 summum
1265 1675 1461 1716 secundis
1482 1675 1552 1714 lit·

119 1731 220 1773 teris
244 1732 343 1781 tuis,
364 1731 626 1773 constituere
657 1735 905 1788 poterimus,
927 1733 1030 1788 quid
1061 1734 1185 1773 nobis
1208 1732 1451 1773 faciendum
1482 1731 1551 1772 sit.

117 1785 184 1828 Tu
206 1787 336 1829 modo
357 1788 411 1829 ad
432 1802 501 1829 me
523 1789 650 1830 velim
673 1790 818 1830 omnia
838 1789 1166 1845 diligentissime
1189 1789 1450 1845 perscribas:
1473 1791 1552 1829 etsi

118 1844 258 1901 magis
279 1843 373 1899 jam
403 1859 507 1897 rem,
529 1860 657 1901 quarn
688 1846 865 1897 litteras,
891 1850 927 1881 ¹9
940 1847 1076 1887 debeo
1098 1856 1363 1903 exspectare.
1424 1844 1554 1896 Cura,

120 1909 168 1942 ut
191 1900 344 1952 valeas,
365 1910 409 1943 et
440 1902 501 1944 ita
523 1903 602 1944 tibi
637 1904 905 1960 persuadeas,
935 1904 1040 1945 mihi
1076 1915 1117 1944 te
1148 1905 1287 1945 carius
1322 1903 1427 1944 nihil
1449 1916 1554 1952 esse,

120 1972 199 1999 nec
232 1972 435 2013 umquam
468 1959 614 2002 fuisse.
674 1961 778 2002 Vale
809 1976 901 2002 mea
920 1960 1135 2011 Terentia,
1157 1975 1284 2019 quam
1306 1975 1388 2016 ego
1414 1959 1554 2000 videre

119 2014 454 2113 xssdeossbitaque
475 2016 677 2059 debilitor
710 2017 924 2074 lacrymis.
991 2017 1108 2059 Vale.
1171 2017 1316 2059 Pridie
1339 2016 1553 2059 Kalendas

166 2086 284 2114 ecem
319 2087 352 2114 r.

636 2145 1038 2185 ARGUMENTUM.
1562 2158 1593 2197 4

120 2207 325 2256 Respondet
343 2209 392 2245 ad
407 2211 512 2246 varia
535 2208 711 2246 Terentia>
736 2222 807 2246 non
823 2211 940 2246 solum
967 2212 1142 2253 dolenter,
1159 2211 1222 2247 sed
1247 2212 1357 2247 etiam
1375 2211 1552 2253 molliore,

544 2273 654 2309 quam
667 2263 783 2298 viram
802 2263 959 2306 decebat,
979 2265 1112 2300 animo.

118 2324 380 2368 TULLIUS
421 2325 752 2368 TERENTIAE
796 2327 871 2369 ET
909 2328 1236 2371 TULLIOLAE
1275 2327 1351 2370 ET
1390 2326 1554 2370 CICE-

566 2384 722 2426 RONI
755 2385 887 2427 SUIS
919 2386 962 2426 S.
990 2386 1039 2427 P.
1063 2385 1121 2428 D.

110 2437 263 2493 EGO
293 2450 433 2491 minus
463 2466 578 2508 saepe
601 2452 653 2493 ad
684 2467 757 2493 vos
787 2453 842 2494 do
874 2453 1049 2504 litteras,
1077 2468 1204 2509 quam
1236 2467 1424 2510 possum,
1455 2466 1553 2508 pro-

119 2515 266 2562 pterea
297 2509 411 2563 quod
448 2523 545 2550 cum
580 2511 726 2550 onmia
758 2510 863 2551 mihi
900 2522 1093 2566 tempora
1127 2520 1226 2551 sunt
1260 2511 1424 2560 misera,
1461 2519 1551 2550 tum

118 2576 220 2605 vero
241 2579 339 2606 cum
358 2575 432 2606 aut
450 2567 591 2607 scribo
610 2566 662 2607 ad
683 2581 772 2618 VOS,
790 2576 1046 2610 aut'vestras
1067 2568 1180 2624 lego,
1201 2567 1408 2608 conficior
1430 2566 1552 2607 lacri-

162 2704 198 2733 1ss
219 2701 263 2733 Ut
278 2706 346 2733 tuto
357 2704 433 2744 sim]
459 2705 493 2735 Si
507 2714 619 2736 verum
634 2710 698 2743 est,
714 2706 813 2737 intel·
900 2710 937 2742 19
959 2708 1050 2738 debeo
1074 2705 1272 2744 exspectare]
1303 2707 1355 2736 Sic
1375 2706 1552 2746 legendum

115 2743 285 2782 figendum
299 2745 347 2775 his
361 2747 396 2776 in
409 2748 497 2783 locis,
512 2752 550 2778 ut
570 2748 667 2786 infra,
682 2749 737 2779 ubi
761 2749 811 2779 in·
853 2758 922 2780 esse
934 2749 1055 2779 dudum
1073 2748 1206 2779 credidi.
1250 2747 1281 2780 R
1293 2751 1370 2787 ¹peri
1385 2749 1500 2779 deinde
1517 2751 1552 2779 in

113 2785 290 2825 telligitur,
310 2786 531 2826 Dyrrhachii.-
554 2790 606 2822 vel
622 2791 658 2821 in
673 2795 743 2822 tuto
764 2790 810 2823 le·
853 2791 935 2822 Mss.
951 2801 1037 2829 meo,
1053 2791 1117 2822 Gu.
1139 2794 1165 2822 1.
1182 2794 1212 2821 2.
1225 2796 1259 2822 et
1274 2790 1346 2822 edd.
1361 2801 1410 2832 pr.
1427 2790 1550 2830 Vulgg.

116 2828 259 2867 gendum
273 2834 332 2860 aut
347 2833 449 2862 tutus.
852 2837 1010 2875 spectare.
