1865 3223
415 117 492 155 AD
519 118 562 155 C.
581 113 897 155 MEMMIUM
925 113 1000 151 ET
1030 113 1212 151 ALIOS.
1458 115 1531 152 851

111 220 216 261 nihil
238 221 388 262 acerbe
410 222 536 263 dixit.
597 220 778 260 Romam
798 218 929 273 jussit
953 217 1108 258 venire.
1171 216 1245 257 Ille
1273 216 1313 257 in
1338 216 1534 257 morbum

110 278 316 319 continuo
348 279 521 320 incidit:
554 292 605 318 ex
629 289 714 330 quo
747 290 828 315 non
852 273 1084 316 convaluit.
1144 272 1277 328 AEger
1301 272 1534 328 Corcyram

112 335 254 376 venit:
287 335 344 375 ibi
369 345 432 376 est
453 344 658 375 mortuus.
683 341 953 382 testamento,
974 330 1089 385 quod
1118 329 1271 370 Romae
1312 329 1456 370 Paullo
1490 338 1534 369 et

112 387 320 432 Marcello
343 391 586 433 consulibus
610 389 781 439 fecerat,
806 389 922 429 heres
955 401 1009 429 ex
1043 397 1161 443 parte
1189 385 1368 426 dimidia
1389 396 1431 426 et
1450 396 1534 426 ter-

114 447 175 487 tia
195 458 258 488 est
281 449 463 504 Capito:
496 447 538 487 in
562 455 756 487 sextante
786 455 885 486 sunt
919 445 963 495 ii,
986 457 1168 499 quorum
1191 456 1301 498 pam,
1332 441 1421 482 sine
1450 442 1535 482 ulla

114 503 364 559 cujusquam
385 503 568 559 quercla,
588 503 761 558 publica
782 511 923 558 potest
938 516 1053 543 csse:
1075 516 1124 542 ea
1145 510 1210 541 est
1230 499 1282 540 ad
1304 497 1401 540 H-S
1421 512 1537 539 xxx.

116 558 199 602 Sed
222 562 273 602 de
298 563 378 602 hoc
401 560 548 602 Caesar
569 561 735 601 viderit.
794 557 870 610 Te,
892 559 950 600 mi
974 558 1143 608 Plance,
1169 571 1244 613 pro
1268 566 1442 612 paterna
1466 567 1537 595 ne·
1549 561 1582 593 b.

117 618 389 668 cessimdine„
414 632 488 674 pro
523 630 668 658 nostro
694 630 853 667 amore,
893 630 970 670 pro
1006 615 1158 656 studiis
1190 622 1233 654 et
1263 612 1380 654 omni
1413 626 1540 653 cursu

116 684 263 714 nostro
287 675 417 715 totius
453 675 552 716 vitae
586 673 818 723 simillimo,
849 687 970 728 rogo,
993 682 1036 712 et
1057 686 1083 712 a
1105 680 1144 712 te
1165 671 1223 711 ita
1247 679 1360 726 peto,
1384 678 1430 710 ut
1453 683 1543 710 ma-

107 729 205 785 jore
226 745 341 781 cura,
363 732 403 762 ⁶⁶
417 732 578 786 majore
599 731 740 772 studio
763 729 878 770 nullo
902 729 1077 785 possim,
1100 738 1146 769 ut
1168 728 1277 768 banc
1301 740 1387 767 rem
1411 725 1543 767 susci-

119 786 233 842 pias:
269 802 402 828 meam
429 798 550 844 putes
572 802 686 829 esse:
718 787 894 836 enitare,
915 785 1164 835 contendas,
1187 784 1362 833 efficias,
1383 791 1429 823 ut
1452 796 1546 823 mea

117 844 505 895 commendatione,
528 855 601 885 tuo
625 844 780 893 studio,
812 842 994 884 Caesaris
1019 842 1243 892 beneficio,
1267 840 1546 881 hereditatem

119 901 351 956 propinqui
391 903 453 942 sni
490 901 540 943 C.
572 900 730 957 Capito
762 901 970 941 obtineat.
1031 899 1204 950 Omnia,
1225 913 1320 953 quae
1345 896 1482 952 potui,
1502 897 1547 936 in

117 957 202 998 hac
223 972 388 999 summa
412 968 482 999 tua
501 959 639 1014 gratia
671 973 720 998 ac
745 958 950 1012 potentia,
973 971 998 997 a
1016 970 1056 997 te
1079 956 1320 1012 impetrare,
1344 954 1376 994 si
1403 953 1548 1009 petiis-

120 1028 223 1064 sem,
246 1014 357 1055 ultro
389 1024 430 1056 te
452 1016 502 1056 ad
528 1029 596 1055 me
617 1015 816 1056 detulisse
841 1015 1018 1069 putabo,
1048 1013 1081 1054 si
1104 1013 1214 1054 hanc
1239 1026 1324 1052 rem
1348 1011 1550 1065 impetra-

122 1084 239 1111 vero.
300 1071 409 1112 lllud
444 1072 534 1112 sore
568 1072 644 1112 tibi
679 1071 928 1126 adjumento
969 1085 1106 1127 spero,
1131 1070 1253 1124 cujus
1286 1070 1377 1124 ipse
1401 1067 1549 1108 Gaesar

121 1141 212 1168 esse
238 1129 581 1186 optimusjudex
609 1138 773 1184 potest:
807 1142 972 1184 semper
994 1128 1208 1169 Caesarem
1235 1125 1393 1181 Capito
1415 1125 1550 1165 coluit

123 1193 166 1225 et
187 1182 354 1225 dilexit.
415 1186 495 1227 Sed
519 1187 606 1242 ipse
630 1186 756 1240 hujus
782 1186 838 1226 rei
863 1185 982 1225 testis
1003 1194 1090 1225 est:
1124 1184 1222 1225 novi
1254 1181 1440 1222 hominis
1465 1195 1553 1221 me-

124 1241 318 1282 moriam.
345 1242 494 1297 Itaque
517 1243 622 1283 nihil
648 1252 687 1283 te
710 1243 861 1282 doceo.
883 1251 1050 1282 tantum
1085 1241 1163 1281 tibi
1187 1240 1344 1280 sumito
1369 1253 1444 1294 pro
1469 1237 1554 1277 Ca-

125 1298 273 1353 pitone
295 1300 405 1353 apud
431 1299 660 1349 Caesarem,
692 1308 898 1354 quantum
935 1298 1075 1354 ipsum
1110 1297 1355 1337 meminisse
1383 1295 1553 1335 senties.

126 1353 237 1411 Ego,
255 1355 421 1409 67quod
451 1356 491 1396 in
524 1356 688 1411 meipso
723 1354 908 1411 experiri
944 1354 1079 1410 potui,
1100 1354 1153 1394 ad
1177 1363 1219 1394 te
1239 1352 1442 1394 deferam.
1503 1350 1554 1391 In

124 1424 176 1452 eo
198 1421 404 1466 quantum
429 1413 482 1453 sit
505 1413 719 1468 ponderis,
754 1423 799 1453 tu
835 1411 1013 1453 videbis.
1075 1411 1217 1457 Quam
1241 1419 1402 1466 partem
1428 1409 1468 1449 in
1494 1422 1557 1449 re-

127 1467 302 1523 publica
323 1484 580 1524 causamque
601 1469 880 1518 defenderim,
913 1482 987 1524 per
1010 1483 1117 1523 quos
1150 1467 1346 1508 homines
1367 1466 1558 1506 ordines-

125 1539 208 1579 que
231 1526 435 1576 steterim,
458 1527 699 1582 quibusque
720 1526 910 1567 munitus
934 1525 1102 1576 fuerim,
1124 1539 1208 1565 non
1234 1524 1421 1579 ignoras.
1457 1522 1563 1563 Hoc-

128 1581 233 1622 mihi
259 1581 384 1624 velim
408 1583 581 1625 credas:
613 1584 644 1623 si
679 1583 782 1638 quid
816 1582 990 1623 fecerim
1021 1582 1104 1623 hoc
1142 1582 1236 1637 ipso
1270 1582 1312 1621 in
1347 1580 1458 1620 bello
1482 1579 1560 1619 mi-

126 1652 206 1678 nus
232 1652 286 1679 ex
312 1639 494 1681 Caesaris
528 1639 761 1690 voluntate,
788 1640 921 1695 (quod
964 1639 1245 1692 intellexerim
1279 1638 1385 1679 scire
1420 1637 1561 1692 ipsum

129 1694 361 1746 Caesarem,
398 1711 466 1737 me
507 1697 811 1738 invitissimum
848 1696 1036 1745 fecisse)
1066 1696 1106 1727 65
1121 1696 1162 1736 id
1193 1695 1344 1736 fecisse
1379 1693 1560 1735 aliorum

127 1752 325 1803 consilio,
349 1752 537 1804 hortatu,
559 1753 840 1795 auctoritate:
864 1754 980 1808 quod
1003 1752 1158 1793 fuerim
1178 1752 1437 1793 moderatior
1456 1760 1564 1791 tem-

129 1809 415 1865 peratiorque,
438 1825 565 1865 quam
591 1810 632 1850 in
656 1824 706 1851 ea
739 1820 858 1866 parte
880 1810 1121 1864 quisquam,
1146 1808 1188 1849 id
1214 1823 1280 1849 me
1302 1808 1454 1849 fecisse
1474 1822 1564 1848 ma-

128 1864 246 1906 xime
267 1867 522 1908 auctoritate
547 1867 799 1923 Capitonis:
831 1867 955 1922 cujus
978 1866 1135 1907 similes
1156 1866 1189 1906 si
1213 1865 1399 1921 reliquos
1418 1878 1562 1905 neces-

133 1922 264 1963 sarios
285 1922 545 1974 habuissem,
581 1924 830 1980 reipublicae
863 1923 1043 1964 fortasse
1078 1922 1288 1973 nonnihil,
1324 1921 1429 1963 mihi
1451 1932 1566 1962 certe

132 1978 363 2034 plurimum
384 1981 654 2036 profuissem.
716 1980 845 2021 Hanc
878 1995 984 2031 rem,
1003 1980 1063 2020 mi
1099 1979 1270 2031 Plance,
1294 1980 1327 2020 si
1348 1978 1564 2020 effeceris:

131 2048 270 2076 meam
302 2037 355 2077 de
386 2048 460 2078 tua
488 2052 591 2094 erga
631 2052 700 2078 me
740 2037 1035 2079 benivolentia
1073 2051 1191 2092 spem
1231 2036 1568 2084 confirmaveris,

132 2092 273 2148 ipsum
296 2093 571 2149 Capitonem,
603 2094 910 2150 gratissimum,
940 2092 1320 2144 officiosissimum,
1353 2093 1569 2148 optimum

132 2149 368 2214 yirum,·ad
403 2161 518 2192 tuam
552 2151 913 2199 necessitudinem
947 2160 1021 2192 tuo
1054 2164 1222 2203 summo
1259 2149 1468 2192 beneficio
1497 2150 1571 2190 ad-

129 2219 345 2261 junxeris.

652 2264 1066 2313 ,ARGUMENTUM

374 2327 417 2363 L.
439 2328 622 2378 Manlium
645 2331 681 2366 in
688 2327 868 2378 fraterna
885 2330 1086 2365 hereditate
1105 2329 1340 2365 commendat.

181 2455 223 2486 66
244 2454 326 2496 maj.
345 2456 451 2486 studio
467 2458 558 2487 nullu
575 2457 715 2497 possim]
735 2460 829 2489 nullo
881 2458 1006 2489 deferre
1015 2457 1061 2488 ad
1075 2457 1233 2488 Plancum
1240 2479 1250 2494 ,
1265 2461 1304 2487 ut
1325 2466 1365 2486 eo
1379 2455 1429 2485 uti
1444 2455 1486 2486 ad
1498 2464 1576 2485 con-

142 2504 194 2527 me
222 2497 378 2528 offendit:
403 2503 462 2529 nec
485 2499 520 2529 in
548 2498 610 2530 hac
629 2500 734 2530 forma
754 2500 828 2531 addi
876 2499 1060 2540 *ciliandum
1075 2501 1102 2529 ei
1119 2500 1280 2531 Caesarem
1297 2499 1408 2538 possit.

142 2538 227 2569 solet
247 2549 268 2569 a
295 2540 465 2577 Cicerone,
490 2544 549 2571 aut
573 2541 746 2572 commode
773 2542 830 2573 ad·
925 2543 965 2573 68
987 2541 1097 2581 idseci
1111 2542 1253 2572 aliorum
1268 2539 1409 2578 consilio]
1428 2538 1574 2576 correxi,

143 2579 242 2611 ditur.
270 2582 401 2621 quidam
434 2583 521 2620 libri,
552 2589 589 2614 ut
623 2583 707 2614 Ven.
740 2585 830 2619 1469.
883 2589 923 2615 ut
948 2584 1078 2615 volebat
1117 2583 1311 2619 Lambinus,
1337 2580 1470 2620 ficisse.
1497 2590 1574 2612 nam

140 2623 281 2653 nullam.
325 2623 410 2654 Puto
424 2634 485 2655 scr.
500 2626 596 2661 nilu'l,
610 2625 662 2666 vel
673 2635 743 2656 rem
756 2629 832 2658 nul·
884 2627 964 2658 alias
982 2627 1184 2659 constructio
1200 2634 1264 2654 non
1277 2628 1416 2654 constat.
1426 2632 1492 2653 non
1505 2624 1575 2653 ani-

142 2665 224 2699 lam,
240 2669 274 2694 et
288 2664 415 2703 deinde,
429 2671 468 2697 ut
482 2668 568 2698 Ιιαηι·
580 2669 748 2707 suscipias.
885 2666 1053 2699 madiret-sa
1070 2667 1270 2708 parenthesis
1287 2666 1356 2696 vitii
1373 2675 1470 2695 eausa
1489 2665 1571 2695 fuit:

186 2705 225 2738 67
248 2707 332 2745 quod
350 2708 386 2737 in
407 2718 458 2739 me
481 2709 549 2751 ipso
570 2711 712 2750 aperiri
722 2710 830 2750 potui]
885 2711 996 2750 itaque
1008 2706 1044 2740 'in
1057 2709 1129 2741 edd.
1145 2714 1227 2739 vett.
1242 2708 1277 2738 in
1290 2706 1393 2738 verbis
1405 2703 1514 2746 idfecz'
1525 2712 1575 2737 est

144 2745 272 2796 Nempe
286 2747 325 2778 de
340 2748 484 2782 Antistio
496 2756 531 2781 et
541 2753 612 2794 eJ'us
625 2752 659 2783 in
669 2752 831 2786 Caesarem
887 2752 1020 2783 initium
1045 2760 1136 2782 novae
1159 2750 1344 2780 sententiae.
1367 2754 1401 2781 et
1416 2754 1465 2781 est
1480 2750 1515 2780 in
1531 2748 1575 2782 al*

144 2793 178 2819 et
203 2798 270 2829 ejus
296 2799 428 2824 causam
449 2793 738 2835 seusuzuidquelse
753 2795 834 2834 dicit
886 2800 958 2826 tero
973 2794 1116 2826 membro
1130 2791 1367 2832 etiauxfecz'sse.

1585 2262 1640 2299 30
