1903 3218
424 106 504 146 AD
526 107 578 147 D.
607 105 864 145 BRUTUM
893 105 968 144 ET
994 105 1273 144 CETEROS.
1488 111 1564 148 5293

132 210 290 263 videte,
311 210 469 267 quibus
494 209 740 253 hominibus
771 209 997 266 negotium
1029 209 1155 258 detis,
1184 209 1257 264 qui
1285 207 1338 250 ad
1369 223 1437 251 me
1459 209 1564 267 legi-

128 282 232 310 ones
264 269 494 310 adducant.
560 267 612 308 Et
648 266 730 308 fide
761 282 870 323 opus
901 275 981 317 est,
1001 277 1046 307 et
1075 266 1308 307 celeritate.
1344 278 1422 307 111.
1446 266 1609 309 Non.b-

126 324 231 367 Jun.
255 341 308 367 ex
333 327 497 367 castris.

640 411 1049 452 ARGUMENTUM.
1576 414 1626 455 27

127 476 278 519 Questus
297 482 376 513 erat
393 476 548 519 Matius,
569 478 732 512 accusari
751 488 788 513 se
806 488 830 512 a
849 475 1030 518 Cicerone,
1051 480 1129 511 tum
1142 474 1240 522 quod
1254 475 1291 510 in
1310 473 1387 521 lege
1405 475 1563 521 quadam

178 529 328 565 Caesaris
344 529 560 578 suffragium
581 529 735 571 tulisset,
757 534 832 564 tum
858 529 967 564 etiam
989 527 1086 575 quod
1114 514 1229 569 ludos,
1260 525 1394 562 Caesari
1421 531 1563 562 mortuo

173 582 217 616 ab
239 581 437 616 Octaviano
457 581 576 622 datos,
596 585 767 617 curasset.
824 579 947 625 Cicero
964 591 1002 616 se
1019 581 1074 616 ita
1087 583 1241 628 purgat,
1265 583 1306 615 ut
1323 578 1479 617 alterum
1502 590 1562 615 ne-

172 634 255 680 gari
274 645 297 668 a
313 644 351 668 se
369 633 480 672 (licat,
502 634 658 669 alterum
678 631 834 682 defendi.

511 699 578 741 M.
613 698 848 742 CICERO
882 697 1086 741 MATIO
1118 698 1163 740 S.
1572 701 1694 740 p.180.

128 753 273 807 NON
285 766 425 808 DUM
458 768 560 808 satis
582 767 804 818 constitui,
829 766 1096 808 molestiaene
1116 765 1227 822 plus,
1249 781 1301 807 an
1329 751 1603 822 voluptatisa'

122 823 313 864 attulerit
344 824 448 864 mibi
480 823 708 865 Trebatius
742 834 901 875 noster,
935 824 1065 866 homo
1099 838 1197 866 cum
1230 823 1379 880 plenus
1410 822 1560 874 officii,

123 888 211 920 tum
237 882 458 936 utriusque
483 881 675 922 nostrum
700 881 1034 923 amantissimus.
1078 881 1191 922 Nam
1211 894 1310 922 cum
1331 880 1374 921 in
1392 877 1559 922 Tuscu-

118 935 260 977 lanum
288 938 451 994 vesperi
476 939 707 989 venissem‚·
726 938 933 995 postridie
964 937 1032 979 ille
1054 938 1105 980 ad
1130 952 1213 989 me,
1238 937 1429 978 nondum
1446 937 1557 979 -satis

119 994 244 1035 firmo
267 1009 447 1050 corpore
469 1010 567 1038 cum
590 1005 716 1047 esset,
739 1010 863 1038 mane
887 995 1017 1038 venit.
1063 995 1206 1042 Quem
1228 1008 1326 1035 cum
1350 994 1558 1050 objurga-

118 1065 222 1102 rem,
256 1053 370 1107 quod
407 1067 554 1108 parum
580 1053 811 1095 valetudini
846 1063 1061 1108 parceret:
1096 1062 1185 1094 tum
1220 1051 1304 1101 ille,
1334 1050 1442 1092 nihil
1472 1051 1554 1093 sibi

117 1107 289 1164 longius
325 1109 468 1159 fuisse,
502 1125 631 1165 quam
667 1120 814 1151 utme
843 1110 1019 1151 videret.
1081 1108 1199 1150 Num
1232 1108 1455 1164 quidnam,
1488 1109 1554 1149 in-

115 1179 259 1220 quam,
282 1167 411 1208 novi?
445 1166 615 1208 Detulit
636 1168 688 1208 ad
715 1166 1023 1222 meqberelam
1048 1174 1191 1207 tuam:
1224 1166 1278 1208 de
1306 1180 1391 1220 qua
1420 1165 1553 1221 prius,

116 1236 243 1277 quam
286 1225 538 1279 respondeo,
578 1239 714 1279 pauca
754 1237 1019 1279 praeponam.
1082 1223 1306 1268 Quantum
1346 1222 1556 1264 memoria

116 1290 306 1334 repetere
341 1281 559 1336 praeterita
587 1294 776 1335 possum,
810 1293 937 1320 nemo
971 1290 1035 1319 est
1063 1279 1170 1320 mihi
1194 1287 1236 1319 te
1257 1277 1420 1320 amicus
1443 1279 1555 1319 anti-

113 1337 254 1390 quior.
316 1337 398 1378 Sed
427 1346 616 1378 vetustas
652 1337 783 1377 habet
816 1335 978 1391 aliquid
1006 1350 1237 1377 commune
1258 1349 1357 1376 cum
1381 1335 1556 1376 multis:

113 1407 235 1433 amor
257 1408 341 1434 non
366 1393 511 1435 habet.
574 1392 721 1434 Dilexi
747 1403 803 1444 te,
826 1408 913 1449 quo
935 1393 1005 1434 die
1027 1393 1242 1450 cognovi:
1275 1406 1430 1448 meque
1458 1408 1483 1434 a
1511 1403 1554 1433 te

112 1448 234 1506 diligi
272 1449 484 1505 judicavi.
544 1449 663 1491 Tuus
696 1450 852 1491 deinde
887 1450 1114 1501 discessus,
1150 1450 1272 1505 isque
1309 1449 1553 1501 diuturnus,

113 1507 296 1548 ambitio
320 1518 466 1548 nostra
486 1516 530 1548 et
554 1508 653 1548 vitae
676 1506 983 1548 dissimilitudo
1014 1522 1098 1548 non
1121 1517 1186 1548 est
1208 1521 1332 1563 passa
1356 1507 1553 1548 volunta-

113 1572 176 1604 tes
199 1574 366 1605 nostras
388 1564 701 1605 consuetudine
727 1563 1033 1620 conglutinari.
1093 1562 1236 1605 Tuum
1272 1573 1414 1604 tamen
1449 1578 1553 1620 erga

112 1633 182 1662 me
214 1622 405 1662 animum
442 1621 600 1676 agnovi
635 1620 781 1661 multis
812 1621 936 1662 annis
967 1630 1067 1669 ante
1098 1620 1257 1662 bellum
1288 1620 1429 1671 civile,
1451 1635 1551 1662 cum

113 1677 260 1719 Caesar
283 1689 392 1719 esset
418 1678 458 1718 in
492 1677 648 1719 Gallia.
711 1677 842 1724 Quod
871 1677 985 1717 enim
1012 1677 1286 1720 vehementer
1316 1677 1421 1718 mibi
1449 1677 1552 1718 utile

110 1749 202 1775 esse
226 1736 424 1790 putabas,
458 1749 537 1776 nec
568 1734 719 1775 inutile
749 1735 829 1790 ipsi
863 1734 1041 1784 Caesari,
1064 1734 1299 1790 perfecisti,
1322 1744 1367 1775 ut
1392 1734 1461 1775 ille
1484 1748 1552 1774 me

109 1791 324 1847 diligeret,
359 1792 534 1842 coleret,
570 1791 748 1832 haberet
784 1792 825 1832 in
858 1792 959 1832 suis.
1022 1791 1168 1833 Multa
1198 1800 1421 1847 praetereo,
1452 1806 1550 1847 quae

110 1848 378 1905 temporibus
401 1848 483 1889 illis
505 1849 618 1889 inter
636 1863 712 1888 nos
733 1848 1065 1889 familiarissime
1080 1849 1211 1899 dicta,
1235 1848 1409 1905 scripta,
1432 1863 1551 1890 com·-

107 1906 330 1947 municata
366 1915 478 1946 sunt.
512 1906 710 1961 graviora
748 1906 862 1946 enim
895 1915 1128 1947 consecuta
1159 1914 1273 1946 sunt.
1337 1904 1393 1946 Et
1423 1906 1551 1947 initio

110 1962 209 2003 belli
243 1962 382 2004 civilis
413 1978 510 2004 cum
548 1961 823 2003 Brundisium
850 1976 994 2003 versus
1024 1963 1105 2003 ires
1136 1963 1189 2004 ad
1223 1962 1455 2014 Caesarem,
1481 1977 1549 2004 ve·

110 2020 210 2060 nisti
244 2020 296 2061 ad
330 2034 397 2060 me
429 2020 471 2060 in
506 2019 801 2060 Formianum.
869 2019 1058 2060 Primum
1098 2019 1180 2060 hoe
1209 2020 1350 2076 ipsum
1383 2020 1550 2074 quanti,

110 2077 346 2132 praesertim
374 2077 640 2133 temporibus
664 2075 770 2118 illis?
804 2075 975 2118 Deinde
997 2076 1181 2118 oblitum
1207 2091 1275 2118 me
1298 2086 1422 2133 putas
1445 2092 1548 2118 con-

110 2134 207 2183 silii,
248 2134 471 2184 sermonis,
510 2133 792 2174 humanitatis
826 2136 942 2175 tuae?
981 2134 1139 2189 quibus
1178 2135 1303 2175 rebus
1344 2135 1549 2175 interesse

110 2190 284 2231 memini
308 2189 575 2232 Trebatium.
639 2190 732 2232 Nec
756 2204 856 2231 vero
891 2205 982 2232 sum
1008 2190 1168 2232 oblitus
1190 2191 1428 2233 litterarum
1452 2201 1546 2232 tua·
1558 2205 1590 2236 b.

108 2261 218 2298 rum,
249 2263 353 2303 quas
385 2248 434 2288 ad
469 2262 534 2289 me
563 2247 733 2298 misisti,
763 2262 861 2288 cum
895 2247 1057 2289 Caesari
1087 2248 1261 2289 obviam
1287 2250 1473 2290 venisses
1502 2249 1546 2289 in

107 2318 228 2360 agro,
248 2314 292 2345 ut
306 2304 504 2354 arbitror,
522 2303 783 2345 Trebulano,
816 2304 1020 2346 Secutum
1039 2304 1332 2362 illud‘tempus
1348 2316 1427 2356 est,
1448 2320 1546 2349 cum

107 2375 176 2402 me
208 2361 261 2402 ad
298 2361 556 2417 Pompeium
587 2361 819 2417 proficisci,
851 2362 940 2403 sive
969 2361 1108 2419 pudor
1122 2373 1250 2404 'meus
1272 2363 1435 2418 coegit,
1459 2363 1548 2405 sive

108 2418 317 2469 officium,
341 2419 430 2459 sive
453 2419 640 2460 fortuna.
685 2418 817 2465 Quod
841 2418 1032 2460 officium
1057 2429 1196 2470 tuum,
1218 2422 1333 2475 quod
1358 2420 1548 2461 studium

108 2475 174 2516 vel
201 2475 498 2530 inabsentem
535 2490 618 2527 me,
642 2475 707 2516 vel
735 2477 780 2517 in
808 2486 1044 2532 praesentes·
1073 2488 1193 2518 meos
1219 2477 1390 2518 defuit?
1421 2490 1547 2533 quem

110 2545 237 2629 pso-tro
257 2547 406 2574 omnes
429 2533 510 2574 mei
532 2545 574 2574 et
594 2533 701 2574 mihi
724 2543 766 2574 et
786 2534 866 2575 sibi
888 2542 930 2575 te
948 2534 1195 2576 amiciorem
1212 2535 1550 2589 judicaverunt?

151 2589 221 2629 eni
256 2590 551 2632 Brundisium.
582 2590 824 2632 oblitumne
857 2605 926 2633 me
958 2600 1099 2648 putas,
1126 2606 1212 2647 qua
1240 2591 1473 2641 celeritate,
1504 2598 1551 2631 ut

111 2647 299 2703 primum
323 2648 524 2699 audieriS,
548 2649 598 2690 ad
626 2662 693 2688 me
714 2646 903 2689 Tarento
926 2649 1167 2691 advolaris?
1197 2662 1294 2703 quae
1325 2647 1550 2701 tua'fuerit

107 2703 490 2756 assessiosoratio,
520 2705 794 2753 confirmatio
811 2705 949 2753 animi
973 2707 1075 2756 mei,
1103 2702 1229 2747 'fracti
1252 2705 1550 2763 communium

107 2759 375 2803 miseriarum
395 2765 541 2805 metu?
562 2762 756 2804 Tandem
774 2761 1006 2818 aliquando
1028 2763 1184 2805 Romae
1206 2774 1298 2802 esse
1319 2764 1550 2818 coepimuS.
