1903 3218
306 92 385 129 298
617 86 792 125 EPIST.
819 83 1009 122 LIBER
1032 79 1434 124 DUODECIMUS

312 206 401 235 rem
426 199 562 239 tuum,
583 189 682 242 (etsi
715 203 832 231 more
863 188 1000 243 magis
1026 186 1111 229 hoc
1132 185 1304 241 quidem
1329 183 1485 232 scribo,
1509 197 1637 238 quam
1658 196 1744 238 quo

303 260 356 304 ste
386 248 703 290 admonendum
738 248 919 303 putem.)
943 258 1119 299 meaque
1147 242 1292 284 omnia
1315 240 1512 281 tuebere:
1544 254 1640 294 quae
1665 241 1744 282 tibi

313 321 369 348 ne
398 307 549 362 ignota
571 316 726 355 esseut,
748 303 898 345 Attico
930 301 1154 350 mandavi3
1185 315 1209 340 a
1233 314 1298 341 me
1329 307 1486 346 autem,
1508 310 1605 337 cum
1630 297 1747 351 paul-

315 364 404 406 lum
443 363 519 403 otii
557 363 669 403 nacti
708 361 881 409 erimus,
913 359 1128 399 uberiores
1160 357 1322 397 litteras
1352 363 1619 408 exspectato.
1681 353 1749 396 Da

317 435 490 477 operam
517 430 564 460 ut
586 420 736 459 valeas.
769 416 852 458 hoc
876 415 979 456 mihi
1004 415 1166 470 gratius
1187 413 1324 453 faeere
1348 411 1452 452 nihil
1477 420 1611 465 potes.

566 623 649 678 M.
688 619 994 676 TULLII
1048 618 1518 673 CICERONIS

460 733 1617 805 EPISTOLARUM

863 856 1069 899 LIBER
1113 854 1227 898 XII.

1023 953 1075 977 AD

628 1054 631 1055 ⁷
665 1037 720 1085 C.
761 1034 1056 1083 CASSIUM
1095 1034 1180 1081 ET
1215 1031 1423 1080 ALIOS.

915 1149 1190 1172 ..4.-

299 1249 317 1284 1
851 1230 1194 1270 ARGUMENTU
1197 1230 1252 1267 M.

333 1306 483 1343 Factum
510 1300 726 1339 Dolabellae,
747 1309 816 1346 quo
845 1308 948 1332 aram
974 1295 1125 1331 Caesaris
1153 1295 1294 1334 evertit,
1325 1293 1476 1330 laudat:
1503 1294 1647 1331 sublato
1673 1307 1770 1344 rege,

386 1367 534 1403 regnum
561 1363 742 1401 superesse
770 1354 927 1398 questus,
958 1347 995 1383 C.
1029 1346 1191 1382 Cassium
1228 1345 1409 1388 hortatur,
1438 1350 1479 1380 ut
1513 1347 1769 1395 rempublicam

385 1420 466 1445 cum
485 1407 601 1443 Bruto
620 1406 718 1441 omni
732 1401 1007 1451 perturbatione
1025 1398 1160 1433 liberet.

668 1469 735 1511 M.
758 1468 810 1510 T.
834 1467 886 1509 C.
921 1465 971 1507 C.
997 1463 1213 1506 CASSIO
1246 1463 1290 1504 S.
1317 1463 1365 1504 P.
1396 1463 1448 1505 D.

206 1567 238 1599 p.
256 1557 326 1586 ¹83·
341 1531 561 1597 FINEM
586 1548 745 1590 nullam
768 1546 898 1594 facio,
916 1542 1020 1583 mihi
1045 1542 1184 1592 crede,
1204 1539 1340 1591 Cassi,
1361 1542 1414 1582 de
1437 1551 1478 1582 te
1498 1551 1542 1582 et
1562 1542 1616 1583 de
1640 1542 1776 1585 Bruto

294 1608 324 1628 ³·
340 1620 502 1659 nosti-0,
519 1607 561 1649 id
583 1616 662 1656 est,
683 1605 736 1645 de
759 1612 849 1644 tota
870 1599 1089 1656 republica
1109 1598 1346 1653 cogitandi,
1372 1598 1496 1653 cujus
1518 1600 1658 1641 omnis
1682 1615 1776 1656 spes

339 1670 382 1710 in
405 1667 525 1707 vobis
547 1672 612 1704 est
633 1673 676 1703 et
698 1662 740 1701 in
762 1660 819 1702 D.
848 1659 994 1699 Bruto.
1057 1656 1198 1701 Quam
1223 1655 1393 1709 quidem
1411 1656 1503 1710 jam
1524 1655 1664 1698 habeo
1685 1657 1782 1713 ipse

338 1724 575 1771 meliorem,
598 1717 817 1774 republica
847 1731 871 1756 a
905 1712 1130 1755 Dolabella
1160 1725 1254 1752 meo
1289 1712 1611 1767 praeclarissime
1641 1724 1777 1770 gesta.

344 1785 356 1813 1
388 1779 598 1822 Manabat
616 1776 727 1817 enim
749 1773 850 1814 illud
871 1770 1026 1812 malum
1045 1770 1269 1819 urbanum,
1283 1780 1325 1809 et
1342 1769 1401 1809 ita
1420 1770 1779 1812 corroborabatur

342 1836 552 1893 quotidie,
574 1843 621 1874 ut
649 1846 732 1887 ego
755 1829 926 1885 quidem
952 1837 994 1867 et
1022 1826 1127 1867 Urbi
1157 1835 1201 1866 et
1221 1826 1312 1866 otio
1335 1825 1572 1867 diffiderem
1600 1829 1778 1869 urbano.

345 1895 428 1935 Sed
453 1897 472 1925 2
490 1894 550 1933 ita
579 1901 870 1944 compressum
895 1894 973 1934 est,
999 1893 1045 1924 ut
1076 1883 1181 1923 mihi
1208 1883 1426 1923 videamur
1456 1897 1583 1926 omne
1610 1884 1702 1938 jam
1728 1885 1781 1926 ad

346 1962 516 2006 teinpus
538 1948 624 1988 3ab
648 1946 719 1986 illo
745 1945 958 1984 duntaxat
989 1939 1282 1980 sordidissimo
1316 1939 1504 1996 periculo
1527 1941 1609 1980 tuti
1633 1940 1781 1982 futuri.

348 2008 533 2062 Reliqua
564 2017 720 2058 magna
742 2010 840 2041 sunt
872 2013 919 2039 ac,
944 1998 1100 2038 multa:
1135 1996 1207 2037 sed
1239 1998 1379 2052 posita
1409 1996 1555 2037 omnia
1580 1997 1620 2038 in
1646 1998 1783 2039 vobis.

347 2076 604 2121 quamquam
640 2059 824 2115 primum
857 2055 1046 2109 quidque
1075 2053 1355 2109 explicemus.
1415 2052 1544 2103 Nam,
1568 2065 1624 2095 ut.
1643 2054 1784 2097 adhuc

349 2122 521 2177 quidem
556 2128 699 2159 actum
736 2124 815 2164 est,
842 2127 928 2153 non
962 2125 1108 2167 regne,
1141 2110 1213 2150 sed
1247 2124 1345 2165 rege
1376 2109 1542 2151 liberati
1576 2111 1783 2153 videmur.

351 2177 588 2220 Interfecto
618 2173 732 2214 enim
766 2184 879 2226 rege,
901 2169 1042 2225 regios
1064 2181 1211 2208 omnes
1235 2178 1362 2208 nutus
1391 2178 1573 2208 tuemur.
1634 2167 1786 2224 Neque

350 2250 451 2277 vero
475 2234 516 2274 id
540 2232 692 2280 solum,
715 2228 786 2269 sed
809 2227 954 2275 etiam,
974 2239 1070 2280 quae
1093 2225 1184 2280 ipse
1206 2223 1289 2274 ille,
1312 2224 1345 2264 si
1371 2224 1546 2274 viveret,
1569 2239 1653 2266 non
1675 2225 1787 2267 face-

350 2302 430 2342 ret,
448 2306 498 2332 ea
518 2304 607 2337 nOS,
626 2287 744 2342 quasi
769 2284 961 2340 cogitata
982 2283 1035 2322 ab
1060 2281 1146 2331 illo,
1171 2282 1414 2336 probamus.
1467 2281 1561 2322 Nec
1582 2282 1674 2336 ejus
1692 2283 1787 2338 qui-

354 2350 451 2390 dem
472 2348 528 2388 rei
547 2346 671 2386 finem
695 2343 833 2383 video.
863 2339 1042 2380 Tabulas
1057 2338 1268 2394 figuntur:
1302 2338 1594 2379 immunitates
1607 2339 1786 2381 dantur:

354 2404 550 2463 pecuniae
574 2402 776 2442 maximae
799 2397 1126 2438 describuntur:
1158 2395 1326 2435 exsules
1350 2395 1636 2437 reducuntur:
1668 2410 1788 2437 sena-

357 2459 623 2504 tusconsulta
649 2456 756 2498 falsa
786 2454 1056 2496 referuntur:
1103 2461 1150 2492 ut
1182 2451 1480 2493 tantummodo
1508 2452 1655 2493 odium
1685 2453 1788 2495 illud

403 2606 414 2633 l
441 2597 619 2638 Manabat]
671 2595 754 2627 Edd.
799 2598 876 2624 ame
915 2592 1051 2624 Mediol.
1094 2602 1168 2623 sum
1182 2595 1239 2622 est.
1286 2592 1421 2622 Interim
1439 2590 1500 2622 hoc
1515 2598 1646 2622 secutus
1661 2602 1746 2624 sum,

358 2645 528 2677 Manebat.
551 2641 648 2671 maie.
1141 2637 1160 2665 3
1184 2635 1224 2663 111,
1251 2634 1306 2664 2710
1328 2634 1495 2664 dungal-at
1519 2634 1604 2664 sord¹
1624 2634 1785 2675 periculo]

400 2692 419 2719 2
442 2689 490 2716 ‘³²⁰
516 2690 696 2724 ⁶⁰⁷²²P²⁴0Sffl
725 2678 784 2718 est]
823 2677 876 2708 Sic
907 2676 987 2706 MSS·
1017 2683 1051 2707 et
1094 2676 1222 2716 Nempe
1246 2675 1331 2714 quod
1352 2687 1371 2706 a
1393 2677 1491 2706 servis
1516 2677 1710 2707 imminebat
1734 2683 1788 2707 tu-

359 2730 431 2761 edd.
455 2739 504 2769 pr.
526 2727 592 2757 fere
615 2731 739 2753 omnes.
764 2726 822 2750 aut
842 2729 891 2748 res
906 2717 1053 2749 addenda
1096 2718 1337 2748 multuantibus
1359 2728 1433 2748 cuin
1455 2718 1578 2748 Judoeis
1601 2719 1642 2749 ad
1663 2719 1789 2750 colum-

360 2778 423 2808 est,
436 2780 499 2810 quo
516 2767 606 2799 valde
618 2764 755 2800 inclino,
768 2767 827 2792 aut
841 2771 917 2792 cum
934 2761 1051 2790 Manu-
1096 2770 1172 2790 nam
1188 2760 1335 2791 Caesaris.
1352 2759 1543 2790 'Sordidum
1558 2762 1725 2803 proprium
1741 2765 1791 2791 251·

361 2815 410 2847 tio
425 2824 443 2845 e
467 2813 546 2844 Mss.
568 2808 671 2840 Ricci'x
686 2811 720 2837 et
736 2803 874 2838 Mentel.
897 2811 1051 2844 compres-
1097 2801 1182 2844 apud
1197 2802 1390 2834 Ciceronem
1407 2802 1445 2834 de
1460 2802 1571 2833 servis.
