1817 3196
277 81 329 117 so
575 71 584 78 “
649 82 824 124 ΕΡῙεΤ,
852 84 1035 123 LIBER
1061 86 1336 127 QUARTUS

277 183 396 238 gavit
419 198 462 225 se
484 184 695 228 facturum
719 188 871 229 fuisse:
904 203 985 246 ego
1008 201 1195 245 rogatus,
1220 190 1380 231 mutavi
1403 204 1543 231 meum
1561 193 1701 234 consi-

276 239 396 280 lium.
458 242 569 283 Nam
605 256 848 290 statueram.
873 261 956 286 non
995 243 1232 288 mehercule
1256 248 1420 298 inertia,
1444 247 1514 288 sed
1537 247 1701 290 deside-

275 296 341 337 rio
364 297 554 352 pristina]
588 302 825 355 diguitatis,
857 303 898 342 iu
937 314 1189 358 perpetuum
1223 314 1375 345 tacere.
1437 304 1581 359 Fregit
1614 304 1699 347 hoc

275 367 419 394 meum
448 356 670 398 consilium
701 368 741 397 et
777 358 959 398 Caesaris
998 360 1250 415 magnitudo
1273 362 1417 410 animi,
1454 371 1495 400 et
1528 369 1698 402 senatus

277 409 481 452 officium.
544 412 693 467 Itaque
717 414 906 469 pluribus
932 416 1069 456 verbis
1101 417 1167 471 egi
1205 416 1363 457 Caesari
1397 417 1578 473 gratias:
1611 431 1679 457 me

276 480 372 520 que,
396 479 553 514 metuo,
578 484 628 509 ne
655 471 782 510 etiam
816 471 858 510 in
883 472 1032 512 ceteris
1068 473 1189 512 rebus
1223 473 1403 514 honesto
1437 474 1527 513 otio
1558 474 1699 529 priva-

275 523 370 573 rim,
401 525 513 577 quod
536 537 625 565 erat
647 541 774 567 uuum
801 527 998 568 solatium
1031 528 1070 568 in
1103 529 1236 569 malis.
1297 531 1377 570 Sed
1414 540 1569 580 tamen,
1592 544 1700 584 quo-

273 580 388 619 niam
411 580 542 635 effugi
567 583 658 635 ejus
681 582 975 633 offensionem,
1007 585 1077 640 qui
1113 585 1292 625 fortasse
1314 587 1604 637 arbitraretur,
1632 600 1700 627 me

271 635 382 676 hanc
418 640 722 692 rempublicam
755 655 839 681 non
875 653 1036 696 putare,
1078 642 1111 682 si
1140 651 1345 697 perpetuo
1368 653 1576 684 tacerem:
1608 657 1701 683 mo-

271 691 365 732 dice
386 694 467 734 noc
489 695 658 745 faciam,
681 706 754 737 aut
783 699 911 738 etiam
947 699 1056 739 intra
1089 700 1291 739 modum:
1323 708 1369 739 ut
1402 710 1445 739 et
1480 699 1589 740 illius
1625 714 1699 740 vo-

272 748 425 790 luntati
448 763 487 790 ct
519 754 620 791 mais
655 754 804 793 studiis
839 755 1032 795 serviam.
1096 756 1204 796 ham
1236 756 1313 795 etsi
1347 770 1372 796 a
1403 756 1537 810 prima
1570 766 1697 797 aetate

270 819 341 846 me
359 809 496 846 omnis
519 821 584 847 ars
619 818 660 849 et
693 810 887 851 doctrina
909 811 1106 862 liberalis,
1139 822 1180 852 et
1214 813 1401 852 maxime
1425 812 1702 868 philosophia

271 862 524 904 delectavit:
559 867 699 906 tamen
725 866 806 907 hoc
839 869 1023 909 studium
1047 869 1239 924 quotidie
1275 869 1545 924 ingravescit,
1571 870 1699 911 credo

271 928 316 959 et
337 921 476 960 aetutis
512 924 754 963 maturitate
786 925 836 964 ad
870 927 1152 978 prudentiam,
1185 936 1228 966 et
1262 925 1326 965 his
1360 936 1600 982 temporum
1631 926 1697 966 vi-

271 975 358 1025 tiis,
382 985 428 1016 ut
458 978 571 1018 nulla
601 993 663 1019 res
697 983 779 1021 alla
812 981 947 1022 levare
986 984 1172 1022 animum
1210 983 1413 1023 molestiis
1449 984 1594 1037 possit.
1654 981 1696 1023 A

270 1045 356 1086 quo
376 1034 580 1074 studio'te
602 1037 755 1076 abduci
781 1039 964 1091 negotiis
988 1039 1179 1093 intelligo
1210 1054 1263 1079 ex
1298 1040 1381 1079 tuis
1415 1039 1589 1080 litteris:
1623 1038 1695 1080 sed

270 1098 412 1130 tamen
433 1090 700 1148 aliquicljnm
725 1106 868 1134 noctes
894 1105 933 1134 te
956 1094 1235 1149 adjuvabunt.
1296 1095 1466 1135 Servius
1496 1106 1605 1145 tuus,
1630 1094 1696 1136 vel

271 1147 414 1200 potius
438 1159 594 1200 noster,
615 1165 779 1190 summa
801 1165 867 1191 me
889 1152 1160 1192 observantia
1178 1151 1305 1193 colit—z
1339 1152 1460 1207 cujus
1492 1165 1571 1208 ego
1595 1166 1695 1193 cum

226 1195 257 1227 b·
270 1203 385 1242 omni
419 1205 631 1258 probitate
660 1221 908 1262 summaque
932 1208 1101 1257 virtute,
1124 1220 1213 1249 tum
1246 1208 1395 1249 studiis
1417 1208 1697 1263 doctrinaque

267 1259 469 1301 delector.
531 1262 572 1302 Is
594 1278 760 1304 mecum
795 1279 908 1319 saepe
929 1265 980 1305 de
1004 1274 1075 1305 tua
1102 1265 1333 1312 mansione,
1357 1275 1430 1304 ant
1451 1265 1697 1306 decessione

267 1319 574 1360 communicat.
633 1320 788 1362 Adhuc
812 1322 852 1361 in
874 1322 952 1362 hac
976 1336 1066 1362 sum
1101 1323 1325 1371 sententia,
1349 1321 1453 1362 nillil
1489 1332 1534 1362 ut
1566 1321 1696 1362 facia-

265 1386 375 1423 mus,
403 1375 482 1415 nisi
518 1378 631 1430 quod
664 1377 851 1418 maxime
887 1378 1032 1419 Caesar
1072 1378 1174 1418 velle
1205 1379 1407 1419 videatur.
1471 1378 1554 1419 Res
1595 1387 1693 1419 sunt

265 1429 493 1483 ejusmodi,
517 1443 576 1482 ut,
600 1435 633 1475 si
662 1434 812 1475 Romae
848 1436 917 1485 sis,
953 1435 1072 1483 nihil,
1096 1445 1249 1490 praeter
1284 1445 1393 1484 tuos,
1432 1438 1463 1465 Η
1485 1435 1695 1475 delectare

265 1495 309 1525 te
333 1489 479 1541 possit.
541 1489 608 1530 De
631 1491 816 1546 reliquis,
840 1490 945 1531 nihil
968 1492 1116 1531 melius
1140 1493 1232 1546 ipso
1254 1502 1332 1531 est.
1395 1491 1535 1532 Ceteri
1559 1501 1601 1531 et
1622 1505 1692 1531 ce-

266 1550 356 1583 tera
389 1544 616 1599 ejusmodi,
652 1557 711 1598 ut,
746 1548 779 1587 si
810 1547 1134 1588 alterumutrum
1170 1562 1338 1588 necesse
1376 1548 1445 1598 sit,
1478 1548 1622 1588 audire
1644 1561 1694 1589 ea

262 1599 401 1652 malis,
423 1617 550 1656 quam
574 1605 728 1645 videre.
791 1604 890 1646 Hoc
924 1615 1115 1647 nostrum
1150 1605 1372 1645 consilium
1410 1606 1533 1645 nobis
1568 1604 1672 1646 mini

262 1658 592 1712 niejuciindum
626 1671 703 1713 est,
738 1662 811 1716 qui
842 1671 882 1703 te
907 1662 1047 1702 videre
1069 1661 1294 1717 cupimus;
1327 1661 1397 1702 sed
1431 1661 1691 1702 consulimus

262 1713 358 1755 tibi.
421 1716 537 1757 Vale.

223 1774 250 1811 5
775 1776 1176 1814 ARGUMENTUM.

260 1834 417 1877 Servius,
443 1837 589 1873 Graeciae
615 1838 819 1887 prcefectus,
850 1842 976 1876 andita
1010 1840 1137 1875 Tulliae
1168 1839 1347 1875 Ciceronis
1353 1838 1448 1887 filiae
1464 1842 1590 1880 morte,
1609 1849 1691 1873 mce-

311 1893 446 1923 rentem
471 1894 614 1937 patrem
646 1893 802 1938 undique
831 1894 1040 1939 conquisitis
1070 1892 1290 1938 argumentis
1322 1890 1536 1930 consolatur,
1557 1894 1597 1925 ut
1615 1890 1690 1937 epi-

309 1941 404 1975 stola
424 1941 496 1976 hoec
511 1942 679 1990 perfecta?
696 1948 730 1978 et
749 1944 940 1979 elaboratae
958 1945 1211 1979 consolationis
1230 1943 1427 1990 exemplum
1444 1945 1502 1977 sit.
1545 1941 1692 1988 Scripta

309 2004 387 2027 cum
409 1993 527 2029 Casur
547 1995 582 2029 in
600 1995 780 2042 Hispania
801 1996 965 2042 Pompeii
998 1996 1124 2032 liberos
1147 1996 1398 2045 profligasset:
1429 1995 1524 2041 quod
1551 2005 1592 2028 ex
1620 1993 1690 2028 ini-

309 2045 361 2079 tio
381 2047 482 2091 epist.
504 2057 568 2081 xx.
590 2047 667 2082 libr.
690 2059 779 2083 xui.
800 2050 848 2083 ad
864 2050 1025 2084 Atticum
1057 2051 1218 2083 constat:
1249 2048 1280 2083 A
1305 2049 1451 2083 (Laesare
1468 2046 1612 2082 litteras
1629 2056 1691 2082 ac-

308 2096 391 2144 cepi
409 2098 690 2141 consolatorias,
710 2099 815 2136 datas
834 2100 926 2147 prid.
946 2100 1031 2135 Kal.
1051 2099 1142 2135 Mai.
1163 2098 1324 2146 Hispali.

389 2163 516 2205 SER.
550 2166 871 2208 SULPICIUS
906 2167 972 2208 M.
995 2166 1045 2207 T.
1079 2164 1399 2215 CICERONI,
1433 2164 1477 2205 S.
1503 2163 1559 2205 D.

261 2217 692 2279 POSTEAQUAM
735 2235 839 2275 mihi
875 2236 1166 2276 renuntiatum
1196 2243 1260 2274 est
1295 2233 1346 2273 de
1377 2233 1498 2273 obitu
1520 2231 1687 2282 Tulliae,

257 2290 358 2333 filiae
383 2297 482 2339 tuae,
508 2305 607 2330 sane
628 2306 754 2346 quam
778 2306 851 2346 pro
874 2307 939 2342 eo,
963 2307 1010 2332 ac
1032 2292 1176 2341 debui,
1207 2301 1394 2346 graviter
1425 2288 1687 2351 molesteque

257 2347 351 2396 tuli,
385 2360 742 2402 communemque
782 2363 875 2388 eam
912 2349 1199 2389 calamitatem
1238 2346 1498 2387 existimavi.
1532 2359 1620 2400 qui,
1653 2359 1688 2384 Si

256 2405 354 2446 istic
377 2401 607 2453 affuissem,
631 2419 766 2460 neque
790 2406 867 2445 tibi
891 2405 1135 2455 defuissem,
1155 2417 1384 2458 coramque
1403 2415 1544 2465 meu-m
1567 2400 1687 2464 dolo·

254 2476 343 2502 rem
368 2460 444 2500 tibi
469 2460 761 2503 ‹lecim-assem.
824 2461 913 2502 Etsi
947 2476 1081 2516 genus
1116 2463 1196 2502 hoc
1226 2458 1530 2501 consolationis
1563 2471 1689 2498 mise-

254 2533 347 2560 rum
372 2526 498 2571 atque
521 2519 718 2559 acerbum
753 2531 841 2560 est:
877 2530 1100 2574 propterea
1121 2518 1235 2572 quia,
1271 2531 1344 2572 per
1375 2530 1482 2579 quos
1516 2529 1565 2555 ea
1585 2528 1689 2578 con-

253 2575 344 2617 fieri
368 2574 510 2624 debet,
535 2577 571 2606 12
586 2577 848 2631 propinquos
882 2590 930 2615 ac
969 2575 1210 2625 familiares,
1249 2573 1330 2629 ipsi
1368 2587 1458 2627 pari
1493 2571 1689 2612 molestia

297 2690 329 2717 ll
355 2688 513 2718 delectare
536 2688 648 2728 possit]
681 2688 809 2718 Excidit
839 2692 881 2723 te,
912 2692 947 2716 ut
993 2688 1151 2727 principio
1177 2691 1208 2716 ee
1232 2687 1317 2717 nihil
1341 2687 1374 2716 in
1400 2684 1450 2715 ed.
1475 2685 1572 2715 Rom.
1599 2685 1690 2716 1471.

252 2738 336 2769 saepe
365 2735 437 2769 post
458 2729 557 2759 talem
584 2730 794 2760 infinitivum.
841 2730 899 2760 Est
919 2733 950 2759 le
993 2730 1078 2760 Illud
1093 2728 1220 2759 melius.
1598 2767 1604 2772 ι

252 2771 314 2801 hoc
334 2772 402 2811 ipso
425 2772 497 2802 loco
524 2772 558 2801 in
579 2771 644 2802 Ms.
662 2773 724 2802 Gu.
746 2775 770 2802 1.
791 2773 836 2809 (in
852 2774 882 2803 Ξ.
899 2776 948 2801 est
1036 2773 1072 2801 12
1103 2771 1298 2817 propinquos
1326 2778 1366 2799 ac
1389 2766 1500 2817 fanu-,J
1539 2767 1688 2798 Senben-

251 2812 305 2844 hic
332 2823 431 2854 parva
453 2813 601 2855 lacuna.)
635 2820 670 2847 et
695 2813 748 2846 ed.
775 2813 864 2846 Med.
907 2813 949 2844 ln
991 2813 1068 2845 dum
1091 2814 1161 2844 sine
1182 2811 1281 2843 dubio
1298 2820 1485 2853 propznqm.
1509 2818 1586 2842 nam
1608 2807 1688 2840 ordo
