1860 3228
402 89 481 126 AD
506 87 563 126 M.
589 87 842 126 MARIUM
868 87 942 125 ΕΤ
967 86 1250 126 CETEROS.
1470 93 1539 128 151

113 200 274 245 quanto
297 205 462 247 semper
494 201 538 233 tu
567 200 611 232 et
643 190 785 232 studio
817 200 860 232 et
881 190 1027 232 officio
1058 190 1100 231 in
1132 191 1238 231 meis
1260 189 1385 231 rebus
1408 190 1542 234 fuisti.

113 247 243 290 Hanc
281 262 417 289 meam
459 248 719 290 voluntatem
759 247 811 289 ad
850 256 1027 289 matrem
1067 257 1200 298 tuam,
1233 247 1441 302 optimam
1481 248 1543 289 fe-

113 305 288 369 minam,
332 305 478 369 tuique
523 304 874 355 amantissimam,
915 304 1063 345 detuli.
1136 303 1181 345 Si
1224 303 1327 358 quid
1372 304 1421 344 ad
1475 319 1542 344 me

114 362 346 426 scripseris,
369 363 427 402 ita
459 361 629 412 faciam,
661 370 708 402 ut
741 371 782 403 te
817 361 922 402 velle
959 360 1226 402 intellexero.
1288 360 1363 401 Sin
1400 370 1543 401 autem

112 426 158 458 tu
197 418 336 459 minus
374 417 621 473 scripseris:
665 433 747 475 ego
791 428 932 460 tamen
970 418 1129 469 omnia,
1167 431 1264 473 quae
1304 417 1384 458 tibi
1423 418 1545 458 utilia

112 488 202 516 esse
223 475 474 526 arbim-aboi,
498 489 665 516 summo
689 476 831 517 studio
853 476 1166 532 diligenterque
1188 474 1364 516 curabo.
1423 474 1543 515 Vale.

351 690 432 744 M.
472 691 777 746 TULLII
831 690 1300 746 CICERONIS
1553 704 1588 735 *2-

191 805 1467 874 EPISTOLARUM

656 935 862 978 LIBER
903 934 1011 977 VII.

808 1027 860 1052 AD

390 1108 457 1155 M.
502 1107 792 1155 MARIUM
830 1108 914 1155 ET
949 1108 1264 1156 CETEROS.

684 1219 959 1240 ...4-

634 1297 1041 1336 ARGUMENTUM.
1573 1301 1583 1333 l

116 1362 240 1399 Ludos
266 1361 446 1403 describit,
465 1373 488 1396 a
516 1361 689 1409 Pompeio
715 1362 868 1397 secundo
892 1362 1080 1398 consulatu
1099 1362 1225 1402 editos,
1245 1373 1332 1410 quos
1351 1361 1448 1409 quod
1469 1360 1554 1397 Ma—

169 1415 245 1450 rius
273 1414 395 1450 absens
422 1425 492 1449 non
519 1414 748 1461 spectaverit,
776 1414 889 1449 eidem
916 1415 1138 1461 gratulatur.
1203 1413 1251 1450 Se
1285 1426 1425 1462 quoque
1452 1412 1555 1460 hujus

171 1467 312 1514 generis
338 1466 559 1501 vanitatibus
585 1477 656 1500 non
683 1467 778 1514 capi,
798 1470 832 1500 et
860 1467 954 1502 inter
981 1467 1083 1502 ludos
1104 1466 1249 1502 Caninii
1277 1479 1422 1503 causam
1446 1468 1558 1513 egisse

170 1522 313 1559 narrat,
343 1516 442 1563 cujus
469 1518 654 1553 occasione
679 1519 922 1553 dimissionem
953 1518 1020 1554 sibi
1048 1530 1090 1554 εκ
1114 1518 1205 1567 foro
1234 1523 1350 1567 optat,
1380 1524 1420 1555 ut
1450 1519 1559 1554 libere

169 1571 286 1619 possit
303 1571 342 1606 in
359 1570 456 1605 villis
474 1574 510 1605 et
528 1581 607 1605 cum
626 1569 750 1605 Mario
768 1571 896 1606 vivere.

426 1635 493 1677 M.
515 1635 748 1678 CICERO
781 1636 824 1677 S.
846 1635 902 1677 D.
936 1635 1004 1677 M.
1030 1635 1255 1678 MARIO.

152 1695 164 1711 Ἰ

126 1694 196 1757 SI
236 1723 277 1755 te
311 1713 460 1755 1dolor
498 1713 651 1769 aliquis
690 1714 898 1769 corporiS,
935 1727 1010 1755 aut
1048 1714 1275 1756 infirmitas
1315 1714 1562 1755 valitudinis

122 1781 210 1814 tuae
246 1771 399 1822 tenuit,
433 1787 518 1826 quo
559 1771 698 1811 minus
733 1771 786 1811 ad
823 1770 946 1812 ludos
984 1773 1172 1823 venires;
1206 1773 1390 1813 fortunae
1425 1772 1563 1826 magis

123 1830 283 1880 tribuo,
305 1844 433 1884 quam
468 1828 690 1884 sapientise
726 1836 835 1869 tuae:
870 1828 933 1869 sin
968 1828 1077 1880 haec,
1108 1844 1206 1884 quae
1241 1829 1372 1870 ceteri
1407 1829 1565 1869 miran-

125 1895 207 1938 tur,
231 1886 578 1927 20011temnenda
609 1885 789 1936 duxisti,
823 1894 880 1936 et,
913 1900 1011 1926 cum
1047 1901 1121 1942 per
1155 1887 1431 1927 valitudinem
1468 1900 1565 1941 pos-

126 1958 206 1995 ses,
231 1943 378 1984 venire
401 1953 543 1984 tamen
569 1942 773 1994 noluisti3
806 1952 1035 1997 utrumque
1064 1944 1202 1994 laetor,
1223 1954 1268 1984 et
1299 1943 1389 1984 sine
1419 1943 1567 1984 dolore

126 2001 318 2057 corporis
353 2010 395 2041 te
434 2000 578 2050 fuisse,
613 2010 657 2040 et
689 1999 834 2040 animo
876 2000 1071 2051 valuisse,
1105 2015 1203 2042 cum
1241 2015 1304 2051 ea,
1338 2015 1436 2056 quae
1476 2000 1567 2040 sine

127 2073 256 2100 causa
287 2057 497 2099 mir-annu
530 2057 615 2107 alii,
645 2057 911 2112 neglexeris:
944 2058 1089 2109 modo,
1124 2067 1170 2098 ut
1208 2057 1288 2098 tibi
1323 2057 1569 2098 constiteiit

128 2116 293 2157 fructus
327 2114 403 2155 otii
443 2115 529 2166 tui3
562 2129 647 2170 quo
680 2114 855 2169 quidem
893 2123 922 2154 t.
913 2114 972 2155 bi
1012 2114 1173 2171 perfrui
1212 2114 1394 2156 mirifice
1430 2114 1568 2165 licuit,

128 2186 227 2214 cum
259 2185 369 2212 esses
405 2171 445 2212 in
481 2172 562 2212 ista
589 2171 843 2211 amoenitate
878 2186 1000 2226 paene
1029 2172 1141 2212 solus
1165 2172 1353 2213 relictus.
1415 2171 1570 2226 Neque

130 2237 275 2270 tamen
308 2228 476 2279 dubito,
508 2228 610 2283 quin
647 2237 690 2268 tu
726 2241 780 2268 ex
813 2227 886 2268 illo
923 2229 1125 2270 cubiculo
1158 2238 1248 2280 tuo,
1282 2243 1336 2269 ex
1369 2243 1456 2283 quo
1489 2228 1570 2268 tibi

131 2286 386 2327 Stabianum
423 2285 664 2341 perforasti,
685 2294 728 2325 et
758 2284 1001 2340 patefecisti
1036 2286 1257 2350 Sejanum,
1283 2300 1358 2342 pei
1386 2300 1460 2326 eos
1481 2285 1571 2326 dies

129 2343 344 2384 matutina
380 2351 580 2407 tempora
618 2341 886 2384 lectiunculis
926 2343 1236 2385 consumseiis:
1270 2357 1368 2384 cum
1407 2343 1465 2383 illi
1506 2342 1571 2382 in-

132 2409 261 2451 terea,
285 2399 388 2454 3qui
426 2409 467 2441 te
505 2400 602 2440 istic
635 2398 907 2454 reliquerant,
935 2411 1179 2456 spectarent
1207 2414 1458 2441 communes
1492 2399 1571 2439 mi-

131 2472 227 2500 mos
248 2456 546 2499 4semisomni
591 2456 798 2511 Reliquas
825 2471 921 2499 vero
947 2467 1087 2515 partes
1111 2458 1196 2499 diei
1220 2469 1264 2498 tu
1289 2456 1573 2499 consumebas

178 2575 190 2602 1
218 2571 306 2602 dolor
319 2571 452 2611 aliquis]
479 2572 530 2602 Sic
546 2570 619 2601 libri
635 2579 696 2600 scr.
713 2573 748 2600 et
762 2568 834 2601 edd.
919 2574 938 2602 3
960 2573 1016 2612 qui
1038 2576 1068 2602 te
1089 2572 1162 2602 istic
1183 2568 1401 2611 reliquerunt]
1425 2568 1576 2607 Scriben-

132 2616 183 2654 μ’.
206 2613 234 2644 Ε
253 2614 413 2645 Vaticano
434 2613 600 2644 Victorius
622 2612 737 2652 aliqui,
760 2612 837 2651 quia
877 2613 957 2644 dum
970 2615 1183 2654 reliquerant.
1204 2613 1353 2644 latinitas
1367 2620 1443 2642 vera
1462 2611 1508 2640 fic
1522 2612 1578 2649 ju-

134 2656 239 2703 rat-ius
254 2659 315 2704 est.
358 2656 525 2687 Ciceronis
541 2655 672 2696 quidem
687 2659 836 2695 ternpore
879 2656 946 2686 bet.
970 2666 1046 2687 nam
1063 2656 1134 2687 haee
1150 2657 1271 2696 scripta
1285 2660 1362 2685 sunt
1383 2658 1458 2693 post
1472 2652 1576 2684 ludos.

133 2706 200 2728 non
216 2708 261 2729 sxc
276 2698 395 2728 dixere.
877 2699 984 2740 Supra
995 2700 1130 2729 relictus
1144 2708 1234 2734 esses,
1257 2706 1323 2727 non
1337 2696 1470 2726 ‘relictus
1483 2696 1537 2725 sis.

177 2743 197 2770 2
219 2744 302 2770 cont.
325 2749 390 2770 esse
410 2740 546 2780 duxisti]
573 2739 719 2770 Graevius
734 2738 835 2769 tacite
920 2744 941 2772 4
961 2740 1160 2789 semisomni]
1184 2740 1250 2770 Ms.
1273 2744 1386 2768 noster
1406 2742 1440 2768 et
1463 2735 1525 2767 Gu
1553 2739 1578 2767 l

135 2779 255 2812 delevit
270 2791 343 2812 esse.
368 2792 434 2812 non
451 2782 610 2822 displicet.
656 2781 728 2820 Ego
748 2786 837 2811 certe
879 2784 1090 2821 semisomnis,
1126 2791 1186 2812 nec
1218 2781 1280 2812 hoc
1310 2779 1407 2811 male
1443 2783 1582 2819 utraque

136 2831 204 2854 non
219 2822 324 2856 dicam
340 2825 573 2856 contemnenda
587 2833 652 2855 esse
667 2823 801 2855 duxisti.
881 2825 990 2857 forma
1004 2826 1112 2856 utitur
1127 2824 1253 2854 Cicero.

824 2873 897 2909 14
