1903 3218
408 73 489 114 AD
513 72 565 112 D.
592 68 853 112 BRUTUM
879 68 955 109 ET
980 68 1264 109 CETEROS.
1472 75 1548 111 285

121 193 199 237 pro
220 178 344 221 vobis
367 177 546 219 videatis
576 183 760 232 paratos.
823 172 906 214 Sed
939 181 1079 214 tamen
1106 173 1214 214 nihil
1243 172 1296 214 de
1324 172 1549 230 diligentia

121 237 339 279 remittere
371 234 553 285 debetis,
589 232 775 286 dareque
811 244 1001 286 operam,
1041 240 1087 271 ut
1124 244 1249 284 quain
1292 232 1548 285 paratissimi

120 296 162 326 ⁴3
175 304 219 335 et
239 295 294 336 ab
316 291 525 342 exercitu,
547 288 806 343 reliquisque
829 288 969 336 rebus,
995 301 1069 342 pro
1091 298 1228 327 vestra
1245 288 1378 327 salute
1400 298 1550 328 contra

124 349 489 392 sceleratissimam
522 346 886 400 conspirationem
922 344 1109 384 hostium
1132 343 1444 399 confligatnus3
1476 344 1547 399 qui

120 407 292 462 quidem
323 420 392 448 eas
421 404 582 459 copiaS,
609 417 714 458 quas
745 401 817 443 diu
845 400 1116 442 simulatione
1149 401 1397 457 reipublicae
1431 414 1551 442 com·

124 465 346 520 parabant,
369 461 513 503 subito
534 459 587 501 ad
612 459 761 516 patriae
785 458 1020 515 periculum
1044 468 1364 500 converterunt.

638 546 1037 588 ARGUMENTUM.
1569 542 1619 579 14

124 621 234 658 Bruti
261 621 394 656 litteris
419 618 610 667 respondet
637 619 681 654 de
708 618 926 657 decemviris,
953 617 997 653 de
1025 616 1222 664 legionibus
1246 616 1495 664 perducendis,
1512 615 1556 652 de

170 673 332 722 pecunia,
354 672 398 708 de
425 671 607 707 hominum
635 671 879 706 admiratione
896 668 938 705 ob
965 673 1131 704 renatum
1149 668 1293 711 bellum,
1313 667 1413 714 cujus
1439 669 1555 704 exitus

172 736 217 761 ne
235 726 420 766 timeatur,
436 723 546 760 Bruti
560 727 685 772 partes
703 726 738 758 et
756 733 884 758 munus
901 733 973 757 esse
992 722 1092 757 dicit.
1483 725 1486 729 ’

167 805 234 848 Μ.
256 805 307 848 Τ.
334 806 386 848 C.
421 804 478 847 D.
511 803 738 856 BRUTO,
770 803 904 846 IMP.
938 803 1114 845 CONS.
1149 801 1280 845 DES.
1312 802 1356 844 S.
1381 800 1432 844 P.
1458 800 1514 843 D.

124 861 574 923 MIRAB1L1TER,
597 873 654 913 mi
685 872 833 923 Brute,
854 872 993 923 laetor,
1015 886 1110 913 mea
1139 870 1331 921 consilia,
1355 883 1554 926 measque

122 931 355 973 sententias
379 946 403 972 a
426 940 467 972 te
495 930 666 987 probari
695 932 738 960 44
753 930 806 971 de
827 929 1094 980 decemviris,
1116 929 1168 970 de
1199 927 1390 969 ornando
1412 927 1554 968 adole-

123 998 283 1030 scente.
343 987 426 1029 Sed
450 987 550 1043 quid
572 986 727 1028 refert?
759 986 865 1027 mihi
889 986 1028 1037 crede,
1047 986 1210 1028 homini
1234 999 1319 1026 non
1344 984 1554 1041 glorioso:

122 1045 247 1101 plane
272 1045 382 1101 jam,
407 1044 555 1094 Brute,
577 1043 731 1100 frigeo.
761 1048 894 1099 ’όςγωνω
928 1045 1043 1084 enim
1071 1053 1161 1084 erat
1191 1056 1332 1084 meum
1370 1051 1555 1082 senatus.

122 1102 165 1143 id
198 1113 262 1143 est
289 1103 383 1158 jam
419 1101 687 1142 dissolutum.
748 1100 930 1141 Tantam
966 1114 1085 1156 spem
1115 1103 1156 1131 45
1170 1100 1370 1141 attulerat
1404 1098 1557 1154 explo-

121 1168 226 1201 ratae
251 1159 444 1200 victoriae
473 1168 546 1199 tua
577 1157 780 1214 praeclara
811 1157 988 1198 Mutina
1017 1157 1202 1212 eruptio,
1225 1156 1329 1212 fuga
1358 1155 1557 1207 Antonii,

123 1216 298 1257 conciso
311 1216 520 1266 exercitu,
539 1225 584 1255 ut
600 1216 791 1256 omnium
807 1215 938 1255 animi
957 1214 1134 1255 relaxati
1152 1215 1252 1264 sint,
1268 1226 1459 1267 meaeque
1474 1212 1557 1253 illae

124 1273 396 1314 vehementes
412 1273 727 1322 contentiones,
750 1281 967 1325 tamquam
988 1274 1203 1323 σχιαμαχίοιι
1216 1284 1307 1311 esse
1319 1270 1558 1310 videantur.

124 1329 222 1380 Sed,
238 1340 283 1369 ut
297 1329 348 1369 ad
365 1343 450 1370 rem
469 1327 876 1384 redeam,legionem
894 1327 1102 1368 Martiam
1117 1336 1161 1367 et
1173 1336 1368 1383 quartam
1383 1335 1558 1382 negant,

123 1386 197 1440 qui
219 1385 311 1426 illas
331 1395 502 1435 norunt,
521 1385 606 1426 ulla
627 1386 876 1427 conditione
898 1384 950 1425 ad
975 1394 1015 1424 te
1035 1398 1158 1439 posse
1181 1384 1370 1441 perduci.
1420 1383 1559 1424 Pecu-

121 1442 221 1493 niae,
242 1457 370 1498 quam
402 1443 616 1484 desideras
647 1443 756 1484 ratio
793 1450 934 1498 potest
964 1440 1129 1492 haberi,
1150 1455 1285 1497 eaque
1315 1441 1558 1484 habebitur.

122 1498 192 1541 De
224 1499 360 1540 Bruto
391 1499 658 1550 arcessendo,
682 1498 939 1553 Caesareque
967 1499 1021 1539 ad
1053 1497 1191 1539 Italiae
1219 1498 1465 1554 praesidium
1497 1510 1560 1539 te-

120 1556 276 1607 nendo,
303 1556 424 1598 valde
454 1556 531 1597 tibi
568 1557 791 1597 assentior.
852 1556 951 1608 Sed,
981 1565 1026 1596 ut
1057 1556 1224 1605 scribis,
1254 1556 1384 1596 habes
1417 1557 1561 1596 obtre-

121 1622 335 1666 ctatores3
364 1627 472 1669 quos
502 1613 702 1668 equidem
733 1612 937 1654 facillime
968 1612 1182 1655 sustineo:
1216 1613 1288 1653 sed
1319 1612 1563 1667 impediunt

122 1680 280 1711 tamen.
341 1668 409 1712 Ex
451 1668 602 1711 Africa
649 1670 840 1726 legiones
884 1679 1205 1725 exspectantur.
1267 1669 1352 1710 Sed
1404 1669 1562 1710 bellum

121 1727 220 1768 istic
245 1736 440 1769 renatum
471 1727 680 1768 mirantur
711 1727 922 1768 homines.
983 1726 1102 1767 Nihil
1138 1736 1225 1768 tam
1259 1737 1415 1783 praeter
1442 1740 1562 1782 spem

122 1798 342 1839 umquam.
404 1784 517 1825 Nam
549 1784 619 1825 die
649 1793 724 1825 tuo
747 1784 878 1825 natali
913 1783 1090 1824 victoria
1125 1783 1336 1835 nuntiata,
1361 1784 1402 1824 in
1431 1783 1565 1825 multa

122 1841 265 1883 secula
298 1840 549 1882 videbamus
589 1840 900 1897 rempublicam
937 1840 1178 1882 liberatam.
1239 1841 1356 1882 Novi
1388 1841 1564 1882 timores

120 1907 326 1939 retexunt
357 1898 591 1955 superiora.
654 1898 873 1954 Scripsisti
905 1909 1048 1938 autem
1072 1898 1125 1939 ad
1155 1912 1222 1938 me
1245 1897 1313 1949 iis,
1335 1912 1442 1953 quas
1474 1896 1564 1939 Idi-

121 1955 201 1995 bus
225 1954 358 1996 Maiis
388 1954 560 2005 dedisti,
582 1955 712 1996 modo
736 1966 778 1996 te
800 1955 1016 2012 accepisse
1039 1970 1063 1995 a
1085 1954 1249 1996 Planco
1274 1954 1452 2006 litteras,
1475 1969 1563 1996 non

120 2011 254 2068 recipi
285 2027 311 2053 a
343 2011 508 2068 Lepido
530 2011 787 2054 Antonium.
848 2012 898 2054 Id
923 2012 956 2053 si
981 2011 1041 2053 ita
1070 2021 1148 2063 est,
1171 2013 1317 2053 omnia
1341 2011 1692 2063 faciliora:p.17⁵.

123 2068 188 2110 sin
226 2069 362 2120 aliter,
399 2083 608 2125 magnum
649 2070 898 2126 negotium:
945 2069 1070 2124 cujus
1111 2070 1278 2110 exitum
1323 2083 1409 2110 non
1450 2070 1606 2111 eati-³·

123 2139 293 2177 mesco;
325 2135 412 2167 tuae
434 2135 575 2182 partes
598 2136 711 2168 sunt.
772 2125 867 2183 Ego
899 2125 1008 2182 plus,
1031 2140 1161 2181 quam
1192 2126 1292 2177 feci,
1314 2125 1455 2167 facere
1476 2140 1564 2168 non

121 2196 315 2239 possum.
372 2181 435 2224 Te
462 2192 620 2235 tamen,
644 2183 686 2225 id
716 2185 832 2239 quod
865 2197 1004 2239 spero,
1027 2184 1221 2225 omnium
1255 2184 1494 2225 maximum
1523 2193 1565 2226 et

125 2238 408 2281 clarissimum
433 2240 577 2282 videre
598 2242 742 2296 cupio.

166 2385 207 2414 43
229 2387 261 2414 et
275 2383 316 2414 ab
329 2384 490 2425 exercitu]
507 2388 538 2416 et
550 2385 642 2416 abest
654 2385 694 2416 ab
709 2385 775 2416 Gu.
790 2388 818 2416 l.
863 2385 989 2416 clarum
1006 2391 1056 2416 est
1070 2396 1110 2416 ex
1123 2396 1177 2426 ep.
1195 2389 1248 2417 20.

126 2423 199 2457 edd.
215 2425 303 2456 Med.
319 2426 394 2457 Ald.
420 2427 477 2457 &m
501 2437 631 2468 nempe,
654 2427 730 2467 quia
752 2437 819 2458 non
903 2431 944 2458 45
958 2429 1306 2459 attulerat—relaxati
1322 2429 1562 2466 sint—videan-

125 2467 276 2506 sequitur
299 2468 442 2499 alterum
468 2473 512 2506 ot,
536 2470 592 2501 sed
612 2471 819 2510 reliquisque.
863 2470 933 2509 tur]
960 2470 1026 2500 Aut
1051 2475 1152 2501 essent
1174 2471 1393 2509 scribendum,
1417 2475 1451 2501 et
1474 2471 1562 2502 vide-

126 2509 189 2540 Sed
214 2514 249 2541 et
283 2510 349 2541 alia.
383 2512 533 2552 exempla
559 2512 814 2544 observavimus.
858 2517 989 2549 rentur,
1016 2518 1073 2543 aut
1099 2518 1176 2544 ante
1198 2515 1396 2550 attulerunt,
1419 2522 1463 2543 se.
1488 2519 1581 2543 eru-'

127 2550 222 2591 plura
268 2552 404 2592 collegit
448 2553 619 2585 Drakenb.
662 2553 704 2584 ad
747 2553 817 2585 Liv.
861 2555 930 2594 ptio
946 2560 1051 2586 tuaet
1063 2555 1143 2596 fuga
1157 2556 1308 2586 Antonii.
1333 2555 1414 2585 illud
1429 2556 1558 2586 melius.
1592 2553 1595 2556 ⁴

128 2591 256 2641 mclx,
285 2596 334 2625 12.
362 2600 401 2626 ut
424 2602 459 2626 et
489 2597 650 2637 reperitur
673 2600 819 2636 que—et.
861 2597 974 2627 firmat
996 2597 1083 2628 infra
1109 2597 1148 2628 de
1169 2597 1281 2628 eadem
1310 2607 1361 2628 re:
1392 2598 1427 2626 in
1452 2598 1561 2627 multa
1581 2635 1584 2637 Β

130 2633 216 2665 idem
231 2634 272 2666 ad
284 2635 329 2673 X,
345 2639 398 2668 30.
862 2640 971 2669 secula
1006 2640 1196 2670 videbamus
1231 2649 1333 2679 remp.
1376 2640 1561 2669 liberatam.
1590 2656 1593 2661 s

171 2678 214 2708 44
234 2677 273 2707 de
287 2677 488 2720 decemviris]
513 2679 578 2720 Qui
592 2681 736 2712 rationes
757 2681 823 2712 exi·
865 2681 948 2712 Edd.
977 2692 1026 2722 pr.
1058 2681 1181 2712 habent
1214 2682 1385 2720 eaploraea
1413 2681 1561 2718 victor-ia,

129 2723 246 2758 gerent
271 2720 461 2753 consulatus
488 2722 570 2761 gesti
598 2723 639 2753 ab
665 2723 822 2754 Antonio.
867 2723 964 2761 male,
982 2728 1103 2764 praeter
1117 2723 1171 2754 ed.
1189 2723 1279 2754 Med.
