1860 3228
549 92 734 131 COELII
761 92 842 130 AD
868 91 1242 130 CICERONEM.
1542 96 1611 131 181

176 198 360 239 scribere
397 195 507 247 haec,
552 197 624 237 sed
661 194 841 236 omnino
881 195 1238 236 animadvertere.
1300 192 1463 235 Omnia
1497 196 1613 237 enim

176 265 275 296 sunt
306 255 367 296 ibi
399 250 783 302 senatusconsulta,
822 251 979 302 edicta,
1013 250 1224 300 Gfabulae‚
1247 265 1462 291 rumores:
1495 253 1612 306 quod

174 311 420 367 exemplum
465 311 498 351 si
538 308 649 349 forte
690 307 832 348 minus
896 317 937 349 te
976 308 1223 357 delectarit3
1275 321 1327 347 ne
1369 307 1609 349 molestiam

174 367 254 408 tibi
285 383 384 409 cum
416 367 609 422 impensa
640 379 735 406 mea
767 364 1013 415 exhibeam,
1046 364 1116 406 fac
1154 378 1223 405 me
1261 364 1503 405 certiorem.
1564 364 1609 405 Si

170 425 274 479 quid
317 425 360 465 in
400 422 620 478 republica
661 421 800 476 majus
840 432 985 464 actum
1027 422 1123 472 erit,
1161 421 1277 476 quod
1313 421 1381 460 isti
1425 422 1610 476 operarii.

170 481 313 521 minus
336 480 562 522 commode
585 479 779 534 persequi
809 480 994 534 possint:
1018 487 1062 519 et
1079 477 1442 534 quemadmodum
1465 487 1608 519 actum

169 538 239 587 sit,
263 549 306 578 et
327 552 424 592 quae
446 536 713 576 existimatio
737 546 897 585 secuta,
921 539 936 569 7
954 550 1138 590 quaeque
1159 536 1212 576 de
1233 549 1284 576 eo
1305 550 1400 591 spes
1421 534 1490 585 sit,
1513 534 1609 575 dili-

165 602 318 649 genter
347 593 425 634 tibi
458 593 786 648 perscribemus.
848 592 910 634 Ut
942 607 1055 633 nunc
1086 602 1166 642 est,
1199 591 1313 632 nulla
1346 606 1608 647 magnopere

163 650 432 706 exspectatio
455 659 534 690 est.
584 650 693 690 Nam
717 657 760 689 et
782 647 841 689 illi
863 663 1054 690 rumores
1078 649 1163 689 8de
1179 649 1369 689 comitiis
1391 647 1605 704 Transpa-

162 707 388 757 danorum,
411 710 431 740 9
446 705 681 747 Cumarum
705 714 828 746 tenus
851 705 1099 747 caluerunt:
1137 706 1322 746 Romam
1345 720 1444 746 cum
1464 707 1603 747 venis·
1616 725 1646 754 p.
1666 718 1733 748 112.

166 777 270 814 sem,
302 777 355 804 ne
386 763 682 804 tenuissimam
716 763 887 817 quidem
922 762 1187 804 auditionem
1220 763 1272 803 de
1294 777 1344 803 ea
1366 777 1410 803 re
1439 764 1645 819 accepist·

163 818 379 861 Praeterea
402 819 651 870 Marcellus,
673 819 788 875 quod
821 820 962 860 adhuc
995 820 1103 861 nihil
1134 819 1280 861 retulit
1305 822 1341 850 10
1355 819 1407 860 de
1435 834 1603 861 succes-

161 877 282 917 sione
315 877 676 933 [provinciarum]
711 875 977 928 Galliarum3
1015 886 1059 917 et
1092 878 1134 918 in
1170 875 1386 918 Kalendas
1416 875 1521 919 Jun.
1555 885 1604 919 ut

159 933 268 974 mihi
292 934 383 989 ipse
404 934 533 984 dixit,
555 948 649 974 eam
672 933 842 974 distulit
867 933 1142 976 relationem:
1168 947 1400 989 sanequam
1419 947 1492 975 eos
1515 948 1601 975 ser-

158 1004 308 1031 mones
327 991 556 1046 expressit,
574 991 693 1046 ¹1qui
724 991 777 1031 de
799 1005 850 1031 eo
879 1000 970 1031 tum
996 990 1184 1041 fuerunt,
1208 1005 1307 1032 cum
1339 990 1494 1032 Romae
1521 1005 1599 1032 nos

157 1060 360 1089 essemus.
415 1045 480 1088 Tu
507 1048 541 1088 si
569 1046 842 1103 Pompeium,
863 1056 909 1088 ut
934 1047 1121 1099 volebas,
1145 1046 1391 1089 offendisti:
1424 1048 1496 1103 qui
1518 1049 1598 1090 tibi

158 1104 274 1144 visus
313 1105 384 1153 sit,
423 1113 467 1145 et
508 1118 638 1159 quarn
679 1104 920 1145 orationem
952 1104 1152 1146 habuerit
1184 1114 1343 1156 tecum,
1384 1112 1601 1161 quamque

157 1161 394 1202 ostenderit
419 1159 700 1211 voluntatem,
723 1161 852 1213 (solet
872 1161 987 1201 enim
1015 1163 1050 1192 ¹2
1064 1161 1177 1202 aliud
1202 1162 1359 1201 sentire
1389 1171 1432 1202 et
1453 1161 1598 1217 loqui:

156 1231 297 1273 neque
316 1227 484 1259 tantum
506 1217 644 1258 valere
663 1218 854 1272 ingenio,
877 1228 925 1257 ut
944 1232 1029 1257 non
1047 1227 1266 1273 appareat,
1288 1218 1392 1272 quid
1409 1219 1556 1274 cupiat
1568 1221 1599 1268 z)

156 1273 226 1316 fac
247 1274 354 1315 mihi
377 1274 631 1330 perscribas,
682 1273 813 1319 Quod
836 1273 887 1313 ad
913 1273 1146 1325 Caesarem,
1165 1274 1304 1315 crebri
1327 1283 1370 1315 et
1392 1289 1477 1315 non
1499 1275 1598 1316 belli

154 1331 209 1372 de
241 1345 292 1372 eo
325 1344 542 1372 rumores:
575 1330 646 1372 sed
684 1339 969 1371 susurratores
1000 1331 1215 1372 duntaxat
1247 1331 1450 1373 veniunt:
1491 1332 1599 1374 alius

153 1387 346 1443 equitem
369 1386 619 1443 perdidisse,
641 1387 757 1443 quod
781 1387 936 1442 opinor
957 1396 1073 1428 certe
1095 1387 1258 1429 factum
1282 1398 1371 1430 est:
1404 1389 1511 1430 alius
1534 1403 1598 1430 se-

153 1445 337 1500 ptimam
376 1444 592 1501 legionem
624 1444 873 1499 vapulasse3
906 1444 1046 1500 ipsum
1078 1446 1193 1501 apud
1231 1444 1485 1488 Bellovacos
1515 1447 1598 1487 cir-

156 1501 413 1552 cumsederi,
445 1500 724 1541 interclusum
756 1501 811 1541 ab
842 1500 1008 1555 reliquo
1039 1502 1260 1544 exercitu:
1293 1516 1431 1557 neque
1455 1503 1597 1545 adhuc

155 1558 264 1599 certi
286 1558 523 1613 quidquam
545 1567 624 1609 est,
646 1571 785 1613 neque
806 1557 902 1599 haec
922 1560 1087 1599 incerta
1110 1568 1253 1600 tamen
1277 1559 1407 1614 vulgo
1423 1559 1598 1614 jactan-

155 1624 249 1656 tur:
282 1615 354 1655 sed
378 1615 489 1655 inter
512 1628 687 1670 pauCOS,
709 1629 817 1669 quos
851 1623 895 1654 tu
927 1616 1058 1666 nosti,
1088 1619 1125 1647 13
1141 1617 1280 1671 palam
1313 1625 1477 1657 secreto
1499 1631 1598 1658 nar-

153 1680 325 1713 rantur:
358 1682 403 1712 at
428 1670 666 1722 Domitius,
685 1686 783 1712 cum
809 1686 959 1712 manus
982 1673 1035 1712 ad
1055 1687 1102 1713 os
1124 1672 1342 1729 apposuit.
1406 1671 1467 1713 Te
1489 1688 1528 1715 a.
1552 1675 1595 1715 d.

155 1741 224 1769 IX.
250 1727 348 1769 Kal.
370 1727 493 1770 Junii
516 1728 798 1778 subrostrani,
820 1729 957 1782 (quod
980 1729 1147 1770 illorum
1175 1729 1309 1784 capiti
1334 1730 1435 1780 sitl)
1471 1730 1596 1771 dissi·

151 1794 306 1841 parant
327 1785 526 1841 periisse:
563 1785 674 1826 14ita
701 1793 748 1826 ut
779 1785 822 1825 in
848 1787 953 1826 urbe
975 1801 1025 1827 ac
1048 1786 1143 1827 foro
1168 1795 1263 1827 toto
1286 1787 1502 1829 maximus
1524 1803 1594 1829 ru-

148 1897 235 1929 infra
247 1908 298 1940 ep.
316 1900 363 1932 17.
377 1902 412 1929 et
423 1908 477 1938 ep.
491 1900 522 1929 2.
534 1899 655 1937 quoivis
664 1907 723 1938 pro
733 1899 848 1934 cuivis,

147 1950 168 1971 a
191 1940 374 1972 nonnullis.
400 1942 457 1972 sed
471 1941 581 1971 sordes
598 1940 676 1970 istas
695 1940 847 1980 antiqua-

149 1982 213 2013 rias
227 1983 347 2014 emovi.

182 2023 348 2063 6fabu2oe,
360 2024 521 2064 rumores]
536 2023 730 2055 Tunstallus
743 2023 848 2064 Epist.

148 2066 191 2097 ad
205 2067 428 2098 Midletonum
441 2077 473 2107 p.
494 2069 564 2097 100.
582 2067 736 2106 corrigit:
756 2067 848 2096 tabu-

147 2109 200 2146 loe,
215 2109 437 2149 intelligitque
449 2108 578 2139 tabulas
592 2109 798 2145 auctionum,
816 2116 850 2138 et

147 2150 282 2182 similes,
307 2161 385 2191 quas
399 2152 429 2181 ei
445 2161 511 2181 non
535 2150 688 2181 credibile
705 2155 756 2180 est
771 2151 848 2180 mis-

146 2201 198 2222 sas
212 2202 291 2223 esse.
308 2202 464 2232 quorsum
479 2193 567 2222 enim
581 2193 592 2222 ?
611 2193 714 2222 immo
728 2192 849 2223 fabulae

147 2237 182 2265 et
198 2243 346 2266 rumores
361 2235 532 2265 commode
540 2235 746 2274 junguntur,
761 2239 799 2264 ut
814 2239 849 2264 et

146 2274 220 2308 aliis
235 2276 315 2307 locis
331 2277 380 2307 fit.

190 2322 209 2352 7
231 2328 363 2359 querque
384 2319 423 2349 de
444 2329 479 2349 eo
499 2327 568 2358 spes
585 2317 641 2356 sit]
666 2316 776 2357 Vulgo
789 2322 847 2355 est,

148 2359 247 2401 plane
261 2361 395 2392 vitiose:
421 2370 498 2392 nam
511 2360 678 2400 praecedit,
693 2361 848 2399 quemad-

147 2402 280 2434 modum
295 2408 408 2434 actum
420 2404 473 2434 sit.
498 2406 669 2443 peccatum
684 2406 733 2431 est
749 2402 846 2433 libra-

148 2445 189 2475 rii
212 2446 344 2484 tironis,
369 2445 457 2486 quod
482 2454 579 2475 nemo
604 2443 848 2480 animadvertit,

148 2487 235 2526 quod
260 2488 374 2519 sciam.
419 2487 460 2518 In
487 2486 537 2517 ed.
571 2489 659 2520 1471.
690 2490 770 2517 ante
798 2493 848 2518 est

147 2529 249 2560 etiam
261 2535 408 2569 possunt,
423 2529 522 2559 simili
536 2529 626 2558 vitio.

150 2611 180 2642 V
192 2573 211 2601 8
233 2571 272 2602 de
293 2573 430 2603 comitiis
443 2571 642 2611 Transpacl]
670 2579 701 2601 v.
717 2570 757 2602 ad
773 2573 846 2602 Att.

181 2635 190 2648 .
207 2614 238 2644 2.

191 2659 212 2689 9
239 2655 421 2686 Cumarum
443 2659 536 2685 tenus
560 2655 751 2695 caluerunt]
779 2657 848 2686 Aut

149 2696 332 2728 addendum
348 2703 407 2728 aut
416 2697 534 2728 saltem
548 2697 801 2737 intelligendum
813 2699 848 2729 in

148 2738 309 2779 principio
331 2743 474 2770 tantum.
499 2744 634 2780 propter
655 2741 845 2780 sequentia:

148 2780 290 2812 Romam
305 2791 380 2812 cum
394 2782 547 2812 venissem
562 2783 623 2812 διο.

196 2824 232 2853 10
246 2823 285 2854 de
297 2824 488 2855 successione
495 2823 746 2864 provinciarum
768 2825 848 2855 Gal-

892 1899 1031 1938 liarum]
1051 1900 1084 1930 Si
1097 1899 1135 1930 de
1148 1899 1226 1929 solis
1239 1899 1355 1929 Galliis
1369 1900 1486 1932 relatio
1497 1901 1596 1932 intel-

892 1941 1034 1981 ligenda,
1050 1943 1301 1981 provinciarum
1324 1942 1501 1973 delendum
1524 1950 1593 1975 est:

891 1985 941 2013 sin
979 1985 1141 2020 universe,
1175 1984 1367 2014 Galliarum
1403 1984 1592 2018 delendum.

893 2026 956 2056 Sed
968 2026 1106 2056 historia
1116 2026 1224 2062 docet,
1239 2025 1277 2056 de
1290 2025 1367 2055 solis
1382 2026 1497 2057 Galliis
1510 2028 1593 2059 rela-

893 2068 1019 2098 tionem
1043 2067 1304 2107 intelligendam.
1332 2068 1442 2107 itaque
1457 2072 1593 2109 provin-

893 2111 1022 2139 ciarum
1038 2110 1224 2140 deleverim.
1249 2115 1283 2140 ct
1304 2110 1375 2141 aliis
1391 2111 1471 2141 locis
1485 2112 1592 2143 solum

894 2161 1014 2182 nomen
1029 2152 1272 2191 provinciarum
1288 2157 1350 2189 est,
1371 2157 1411 2182 ut
1435 2153 1520 2185 infra
1540 2165 1589 2195 ep.

893 2197 922 2224 8.
941 2194 1015 2224 init.

939 2239 972 2266 ll
997 2236 1053 2276 qui
1068 2237 1106 2266 de
1119 2246 1154 2266 eo
1176 2241 1248 2267 tum
1258 2235 1420 2276 fuerant]
1446 2238 1591 2278 Sequens

891 2287 966 2308 eum
999 2279 1111 2308 Romae
1138 2289 1171 2309 n.
1204 2288 1342 2308 essemus
1368 2280 1504 2318 indicat,
1533 2286 1592 2312 aut

890 2324 988 2350 erant
1002 2320 1191 2360 legendum,
1207 2325 1266 2351 aut
1268 2319 1432 2360 fuerunt:
1442 2321 1592 2361 fuerant

892 2362 984 2391 nullo
999 2362 1096 2392 modo
1111 2367 1198 2393 stare
1211 2368 1333 2403 potest.
1357 2363 1419 2394 hoc
1434 2365 1576 2403 praetuli.

937 2406 975 2436 12
995 2405 1091 2434 allud
1107 2406 1228 2435 sentire
1248 2409 1279 2435 et
1301 2407 1399 2445 loqui]
1428 2406 1589 2437 Usitatius

891 2446 977 2477 foret
991 2447 1086 2477 aliud
1098 2449 1229 2484 sentire,
1245 2449 1339 2477 aliud
1354 2450 1449 2487 loqui.
1480 2449 1541 2479 Sed
1556 2456 1589 2480 et

891 2487 987 2528 hujus
1003 2489 1117 2519 formae
1138 2489 1288 2529 exempla
1303 2490 1398 2529 plura
1411 2495 1489 2520 sunt
1505 2491 1591 2531 apud

893 2530 1099 2569 Ciceronem,
1115 2532 1170 2562 ubi
1185 2532 1220 2561 in
1236 2531 1340 2562 altero
1355 2537 1404 2562 est
1417 2536 1447 2562 et
1463 2533 1511 2563 vel
1526 2533 1591 2564 alia

892 2574 1022 2613 copula.

938 2618 973 2646 13
987 2617 1106 2655 palam
1120 2616 1252 2655 secreto]
1271 2616 1425 2646 Facetum
1444 2616 1517 2655 hoc,
1533 2627 1592 2657 per

891 2658 1032 2698 speciem
1054 2659 1294 2698 repugnantiae.

939 2702 975 2730 14
996 2701 1058 2737 ita,
1075 2704 1114 2730 ut
1126 2701 1161 2729 in
1176 2699 1522 2740 urbe—rumorfuit]
1550 2702 1590 2732 ln

890 2740 952 2772 bae
977 2742 1120 2772 lectione
1145 2741 1241 2772 debet
1265 2750 1334 2772 esse
1348 2740 1474 2789 fz-terit,
1504 2745 1590 2783 quod

889 2797 1000 2832 potest
1018 2803 1076 2833 per
1092 2794 1320 2833 compendium
1332 2792 1411 2832 fud
1430 2796 1591 2834 scriptum

889 2844 971 2872 esse,
999 2840 1035 2865 ut
1058 2844 1143 2875 saepe
1167 2837 1366 2875 reperimus:
1391 2842 1490 2877 atque
1512 2838 1592 2869 adeo

832 2885 908 2918 NS
