1865 3223
360 120 437 155 414
617 114 794 151 EPIST.
823 114 1008 151 LIBER
1035 116 1534 169 SEXTUSDECIMUS

363 218 589 277 vigationi‚
625 232 762 273 neque
798 218 878 260 viae
918 219 1176 260 committas,
1216 220 1315 260 satis
1355 230 1396 262 te
1432 232 1594 263 mature
1628 223 1786 277 videro,

361 279 394 320 si
431 278 553 334 plane
582 276 880 317 confirmatum
906 276 1064 316 videi-o.
1133 276 1194 317 De
1225 277 1389 319 medico
1421 288 1463 319 et
1495 289 1538 319 tu
1568 280 1673 322 bene
1695 283 1786 323 exi-

363 335 522 376 stimari
547 334 710 382 scribis,
734 342 776 373 et
800 346 881 388 ego
913 333 973 373 sic
1004 333 1145 373 audiO.
1169 334 1238 374 secl
1274 334 1394 390 plane
1423 336 1663 377 curationes
1693 338 1785 393 ejus

362 407 447 433 non
487 391 636 448 probo.
695 390 774 431 Jus
808 389 918 428 enim
960 389 1147 429 dandum
1186 391 1262 431 tibi
1303 407 1387 432 non
1425 392 1520 443 suit,
1553 408 1649 434 eum
1683 415 1785 434 xxxo-

362 453 510 501 ςὲμαχος
549 462 684 488 esses:
718 446 788 486 sed
824 456 962 485 tamen
1001 455 1044 486 et
1076 446 1126 486 ad
1168 446 1283 487 illum
1318 449 1465 505 scripsi
1499 459 1710 500 accurate,
1742 460 1785 491 et

360 506 412 546 ad
449 506 676 561 Lysonem.
735 501 801 542 Ad
827 501 1004 542 Curium
1029 516 1142 552 vero,
1167 504 1461 546 suavissimum
1490 506 1720 557 hominem,
1742 518 1785 547 et

361 563 514 604 summi
552 560 700 610 officii,
733 573 995 612 summaeque
1034 558 1326 612 humanitatis,
1366 563 1497 603 multa
1535 564 1708 620 scripsi3
1740 565 1784 605 in

360 619 426 660 his
448 620 592 667 etiam,
616 626 675 666 ut,
698 616 729 656 si
767 616 842 655 tibi
870 615 1095 664 videretur,
1119 625 1159 656 te
1191 617 1241 657 ad
1276 632 1318 658 se
1351 620 1609 661 transferret.
1670 620 1784 675 Lyso

361 676 471 716 enim
518 684 673 724 noster,
711 687 869 722 vercor,
912 687 964 712 ne
1004 673 1289 728 negligentior
1330 675 1406 717 sit:
1446 678 1645 732 primum,
1684 678 1785 732 quia

359 747 507 773 omnes
535 731 677 773 Gracci
697 747 707 781 3
739 730 904 777 deinde,
927 730 1056 784 quod,
1079 745 1175 770 cum
1199 746 1222 771 a
1245 746 1311 771 me
1344 731 1502 773 litteras
1535 736 1783 790 accepisset,

357 789 463 830 mihi
489 789 622 829 nullas
646 787 821 827 remisit.
883 787 963 826 Sed
988 801 1081 827 eum
1109 796 1152 827 tu
1181 787 1339 828 laudas.
1365 799 1406 829 tu
1432 790 1574 844 igitur,
1596 793 1695 846 quid
1721 792 1784 832 fa-

357 846 555 888 ciendum
596 846 664 895 sit,
692 843 924 899 judicabis.
987 843 1111 893 Illud,
1147 845 1201 884 mi
1237 844 1353 896 Tiro,
1377 855 1418 886 te
1457 861 1577 901 rogo,
1610 852 1780 889 3sumtn

356 918 410 944 ne
434 918 579 957 parcas
604 901 686 943 ulla
708 903 750 942 in
775 915 830 952 re,
853 899 964 954 qnod
990 901 1039 941 ad
1065 900 1339 942 valitudinem
1363 918 1470 958 opus
1493 905 1561 944 sit.
1623 905 1780 960 Scripsi

356 961 406 1001 ad
433 960 626 1009 Curium,
649 958 763 1014 quod
787 958 982 1009 dixisses,
1005 958 1167 999 4daret.
1231 958 1405 1000 Medico
1437 960 1557 1016 [ipsi]
1582 971 1686 1016 puto
1708 964 1782 1002 ali-

335 1018 457 1072 .quid
490 1017 675 1058 dandum
710 1029 814 1065 esse,
836 1030 921 1069 quo
956 1016 1009 1055 sit
1042 1016 1284 1057 studiosior.
1348 1016 1679 1059 Innumerabilia
1707 1028 1781 1060 tua

355 1084 453 1116 sunt
473 1075 515 1115 in
540 1089 605 1114 me
625 1073 781 1123 officia,
801 1072 1049 1123 domestica,
1070 1071 1267 1124 forensia,
1288 1075 1462 1125 urbana,
1484 1075 1779 1130 provincialia:

354 1133 398 1173 in
424 1147 466 1173 re
488 1132 668 1188 privata,
692 1131 730 1171 in
757 1130 941 1186 publiea,
965 1129 1005 1170 in
1030 1130 1195 1180 studiis,
1221 1131 1260 1170 in
1290 1131 1439 1171 litteris
1463 1132 1632 1173 nostris.
1675 1132 1797 1173 Onu--

354 1191 427 1230 nia
448 1190 612 1239 vrceris,
633 1189 681 1238 si,
704 1197 751 1227 ut
772 1202 908 1242 spem,
930 1197 968 1227 tc
986 1186 1168 1227 validum
1192 1187 1349 1228 videro.
1386 1188 1478 1244 Ego
1502 1199 1606 1244 puto
1630 1198 1670 1230 te
1694 1190 1780 1229 bel-

351 1245 526 1296 lissime,
555 1246 587 1286 si
616 1254 728 1286 recte
760 1245 853 1295 erit,
875 1258 970 1284 cum
996 1253 1207 1299 quaestore
1246 1245 1456 1286 Mescinio
1488 1247 1778 1287 decursurum.

352 1318 438 1345 non
474 1303 730 1344 inhumanus
762 1312 840 1351 cst,
877 1311 1016 1354 teque,
1048 1310 1093 1342 ut
1127 1302 1230 1342 milii
1268 1302 1381 1342 ⁴visus
1415 1312 1492 1353 est,
1524 1303 1680 1355 diligit.
1706 1306 1777 1343 5et

352 1376 449 1402 cum
476 1359 704 1401 valetudini
742 1368 825 1398 tuae
848 1357 1173 1413 diligentissime
1196 1359 1470 1407 consulueris,
1495 1355 1682 1411 ttnnsmi
1707 1360 1778 1400 Ti-

351 1433 412 1468 ro,
436 1417 647 1459 consulito
673 1415 951 1470 navigationi.
990 1414 1119 1455 Nulla
1143 1415 1182 1454 in
1207 1430 1248 1454 re
1265 1415 1354 1469 jam
1381 1426 1421 1456 te
1444 1415 1643 1457 festinare
1667 1417 1777 1457 volo.

350 1475 455 1515 nihil
490 1474 651 1523 laboro,
675 1472 753 1512 nisi
791 1482 835 1512 ut
869 1470 1006 1511 salvus
1041 1472 1110 1512 sis.
1172 1472 1242 1512 Sic
1278 1471 1448 1523 habeto,
1476 1474 1531 1513 mi
1565 1473 1681 1525 Tiro,
1706 1489 1777 1514 ne-

349 1532 508 1572 minem
540 1545 643 1579 esse,
666 1530 737 1584 qui
764 1544 828 1568 me
858 1537 985 1579 amet,
1009 1529 1110 1583 quin
1140 1528 1250 1568 idem
1278 1538 1318 1568 te
1347 1539 1487 1570 amet:
1520 1538 1562 1570 ct
1583 1545 1681 1571 cum
1705 1541 1778 1571 tua

347 1598 391 1629 et
413 1603 507 1629 mea
529 1588 716 1628 maxime
740 1586 915 1626 interest
937 1595 977 1626 te
998 1585 1148 1635 valere,
1170 1595 1258 1625 tum
1283 1586 1426 1626 multis
1445 1596 1508 1626 est
1529 1602 1658 1628 curae.
1688 1587 1777 1628 Ad-

347 1646 447 1697 huc,
470 1646 571 1686 dum
605 1643 709 1684 mihi
743 1643 858 1683 nullo
891 1642 985 1683 loco
1019 1643 1162 1683 deesse
1186 1643 1262 1693 vis,
1287 1658 1516 1697 numquam
1548 1656 1588 1685 te
1621 1645 1775 1685 confir-

346 1717 462 1744 mare
485 1702 677 1757 potuisti.
702 1715 814 1741 nunc
850 1713 889 1740 te
923 1699 1028 1740 nihil
1064 1700 1255 1755 impedit.
1280 1701 1454 1740 ‘'iomnia
1480 1701 1660 1756 depone,
1683 1717 1776 1742 cor-

346 1761 437 1816 pori
467 1761 590 1800 servi.
614 1769 814 1813 quantam
847 1757 1115 1812 diligentiam
1151 1758 1189 1796 in
1217 1756 1492 1798 valitudinem
1527 1769 1639 1798 tuam
1672 1773 1774 1799 con-

346 1818 504 1867 tuleris,
528 1817 634 1857 tanti
668 1830 733 1855 me
766 1814 854 1854 fieri
881 1814 1104 1868 judicabo.
1169 1814 1284 1862 Vale,
1308 1815 1363 1854 mi
1398 1813 1514 1866 Tiro,
1539 1815 1643 1864 vale,
1669 1816 1773 1866 vale,

344 1884 387 1915 et
416 1873 544 1915 salve.
608 1872 742 1927 Lepta
771 1872 847 1911 tibi
884 1871 1061 1911 salutem
1095 1871 1214 1921 dicit,
1245 1881 1286 1910 ct
1321 1885 1482 1911 omnes.
1545 1871 1662 1912 Vale.
1702 1886 1769 1913 vll

347 1932 447 1972 Idus
473 1930 709 1972 Novei‘nbr.
735 1928 943 1969 Leueade.

858 2016 1258 2054 ARGUMENTUM.

655 2082 777 2129 Rogat
802 2082 980 2122 Tironem,
1000 2085 1039 2115 ut
1060 2080 1297 2115 valetudinem
1317 2083 1426 2115 curet.

1080 2197 1130 2226 ep.
1157 2190 1185 2220 9.
1213 2193 1274 2217 cst.
1319 2187 1380 2217 Sed
1405 2186 1503 2216 etiam
1533 2187 1594 2226 ipsi
1613 2186 1774 2228 displicet,

1082 2239 1140 2259 nec
1157 2230 1187 2259 id
1204 2239 1221 2258 a
1238 2230 1393 2259 Cicerone
1408 2238 1475 2258 esse·
1495 2235 1585 2270 puto.
1600 2229 1703 2260 altera
1718 2231 1776 2261 illa

1082 2272 1304 2311 interpunctio
1322 2272 1448 2301 videtur
1470 2272 1594 2307 fecisse,
1612 2277 1647 2302 ut
1671 2272 1702 2302 id
1717 2273 1772 2302 ad-

1081 2313 1222 2349 deretur,
1233 2324 1296 2352 quo
1307 2314 1452 2344 dandum
1466 2313 1611 2349 haberet,
1626 2314 1664 2344 ad
1677 2324 1772 2353 quem

385 2194 402 2221 2
426 2196 535 2221 sumtu
550 2201 589 2220 ne
607 2200 729 2230 parcas
750 2191 819 2219 ull«
838 2190 871 2218 in
893 2199 940 2224 re,
956 2188 1040 2227 quod

344 2234 416 2272 δια]
433 2234 512 2263 Edd.
527 2244 574 2273 pr.
584 2239 615 2262 et
627 2239 700 2272 post
714 2232 942 2268 aliae,.samtui‚
953 2230 1038 2269 (1¹¹0d

342 2282 377 2306 et
391 2276 536 2305 Graevius
559 2282 688 2305 secutus
710 2279 770 2304 est.
787 2278 898 2304 sumtu
921 2272 1038 2302 melius

342 2324 393 2348 est
408 2324 439 2348 et
458 2318 613 2348 Cicerone
629 2318 770 2353 dignius,
787 2328 823 2345 ex
841 2317 939 2355 ipsius
957 2325 1040 2352 prze-

343 2360 460 2400 ccptis:
488 2365 634 2399 utsupra
658 2370 717 2389 usu
742 2368 800 2399 pro
822 2359 909 2388 usui.
952 2356 1041 2387 Tum

341 2412 400 2441 pro
417 2402 499 2441 qnod
513 2402 655 2441 plerique
677 2402 755 2432 Mss.
771 2406 804 2431 et
827 2401 898 2430 edd.
915 2409 963 2439 pr.
982 2400 1036 2429 ha-

341 2444 419 2474 bent
447 2454 524 2483 qua,
548 2444 597 2474 vel
620 2453 708 2483 quw.-
733 2443 817 2483 quod
840 2441 1034 2472 facillimum

338 2492 400 2516 est.
428 2487 511 2526 quod
533 2487 641 2526 accipe
660 2487 775 2525 quoad.
800 2486 848 2515 ita
870 2484 1035 2514 Victorius

340 2528 450 2565 dedit;
475 2529 559 2568 quod
575 2529 709 2559 servavi.

381 2573 401 2601 4
423 2572 518 2601 daret
540 2572 669 2601 medico.
691 2570 750 2609 ipsi
768 2568 862 2608 puto]
887 2569 939 2599 Sic
962 2567 1033 2598 cdd.

340 2623 389 2653 pr.
406 2613 471 2644 sere
486 2614 737 2653 interpungunt.
758 2611 923 2641 Victorius
935 2610 1035 2640 male-

339 2656 396 2686 bat
419 2657 523 2686 daret.
547 2656 672 2686 flledico
694 2655 773 2693 ipsi:
795 2653 880 2692 qnod
905 2659 1035 2682 secutus

338 2703 387 2727 est
404 2699 561 2729 Graevius
577 2703 610 2728 ct
626 2698 670 2727 sic
687 2695 910 2735 interpunctio
929 2700 976 2724 est
1002 2694 1034 2723 in

338 2739 386 2770 ed.
403 2741 498 2770 Rom.
514 2746 547 2771 et
563 2741 595 2770 in
614 2740 677 2770 Gu.
694 2742 723 2769 2.
740 2738 833 2768 bene.
852 2747 927 2767 narn
951 2735 1031 2766 illud

336 2783 421 2820 quod
433 2784 564 2813 dixisses
577 2783 682 2817 daret,
699 2781 768 2811 sine
783 2780 880 2809 dubio
897 2778 937 2808 ad
959 2779 1032 2808 uni-

336 2833 460 2855 versam
474 2834 636 2855 summam
651 2823 792 2864 pertinet
805 2835 813 2860 3
829 2821 944 2851 deinde
959 2830 1031 2860 pro-

335 2867 403 2907 prie
419 2867 457 2897 de
473 2867 597 2899 medico
618 2866 744 2902 scribit,
760 2864 923 2901 similiter,
939 2866 976 2893 ut
997 2864 1030 2893 in

1081 2357 1268 2392 referretur,
1300 2356 1360 2385 nisi
1391 2368 1408 2387 e
1441 2357 1553 2396 scripsi
1582 2368 1598 2386 e
1627 2357 1771 2396 proxime

1082 2399 1236 2438 superiori
1254 2398 1410 2429 versiculo
1427 2403 1541 2429 natum
1555 2406 1616 2429 est.
1648 2398 1771 2428 Saltem

1077 2441 1169 2471 uncis
1186 2440 1313 2471 inclusi.

1121 2486 1138 2511 5
1161 2487 1191 2512 et
1213 2493 1285 2513 cum
1309 2493 1338 2512 v.
1358 2487 1380 2514 t.
1398 2484 1429 2513 d.
1453 2483 1660 2518 consulueris,
1682 2483 1769 2522 tum]

1078 2524 1127 2555 Et.
1144 2534 1208 2554 non
1225 2525 1302 2555 sati<
1319 2525 1436 2564 placet.
1451 2535 1510 2554 nec
1525 2525 1611 2554 enini
1634 2533 1770 2564 sequen-

1078 2568 1125 2597 tia
1139 2577 1213 2596 cum
1231 2567 1448 2607 superioribus
1470 2567 1516 2596 sic
1539 2566 1717 2603 cohaerent,
1734 2573 1772 2597 ut

1078 2609 1301 2649 copulajungi
1318 2610 1455 2648 possint.
1486 2608 1673 2647 Legendum
1689 2615 1772 2648 puto

1076 2652 1142 2687 sed,
1162 2651 1209 2681 vel
1232 2656 1277 2681 at.
1321 2651 1383 2681 Sed
1405 2651 1443 2681 de
1466 2651 1675 2690 navigatione
1696 2656 1770 2681 tum

1078 2693 1211 2729 videbis,
1226 2703 1300 2723 eum
1316 2693 1530 2722 convalueris.

1115 2736 1134 2765 6
1158 2737 1266 2765 omnia
1285 2735 1417 2774 depone]
1445 2735 1562 2764 Putem
1587 2744 1697 2774 sepone
1719 2733 1773 2764 hic

1075 2777 1189 2807 melius
1211 2787 1291 2813 esse,
1308 2783 1343 2806 ut
1368 2777 1445 2807 alibi
1468 2777 1534 2817 ipse
1558 2777 1591 2807 in
1613 2778 1674 2807 hac
1696 2786 1770 2805 sen-

1074 2822 1180 2849 tentia
1208 2819 1309 2849 dixit:
1334 2829 1532 2858 quamquam
1560 2823 1595 2851 et
1620 2820 1773 2859 deponere

1074 2861 1173 2893 simili
1187 2871 1282 2893 sensu
1299 2860 1431 2892 dicitur.
