1817 3196
560 89 956 134 PRAEFATIO.
1443 88 1468 131 5'

50 217 76 244 a
109 200 342 246 Pannartio
374 212 417 245 ct
447 205 730 247 Sweinhemio
762 207 805 246 in
836 203 1094 246 monasterio
1126 202 1374 245 Sublacensi
1408 202 1449 243 fa

50 280 182 322 ctum,
205 272 317 326 quod
338 273 380 313 in
399 272 659 314 bibliotheca
677 274 847 315 obscuri
863 272 1053 314 ecclesiae
1070 271 1252 312 ministri
1277 272 1318 311 in
1344 271 1472 310 Bata-

48 339 112 380 vis
134 340 205 379 diu
226 340 283 379 ita
304 339 496 391 latuerat,
526 351 574 381 ut
602 355 726 381 nemo
755 341 845 381 istis
871 340 913 380 in
949 340 1081 388 terris,
1109 354 1162 379 ne
1184 338 1473 379 ,Ueermaunus

46 426 62 446 o
79 411 169 447 πάνυ
192 407 377 461 quidem,
400 409 550 460 sciret3
581 409 652 464 qui
683 410 734 450 ‹le
760 409 827 449 illo
858 422 1011 464 genere
1040 407 1224 462 exempli
1250 407 1290 447 in
1317 406 1472 461 Origg.

49 474 372 529 typographicis
394 490 433 531 p.
453 476 549 517 246.
572 477 632 516 ita
646 476 847 532 loquitur,
866 487 912 516 ut
930 476 970 516 id
989 474 1231 530 exemplum
1253 487 1471 528 nunquam

47 553 143 580 eum
171 541 321 581 vidisse
343 552 568 598 appareat:
600 558 697 584 nam
723 544 760 584 ei
783 543 1008 597 adjunctos
1030 556 1119 583 esse
1143 541 1382 597 suspicatur
1403 554 1473 580 ce-

46 615 157 647 teros
182 609 363 650 minores
385 611 591 651 oratorios
625 611 803 661 libellos,
824 620 869 651 ut
892 611 933 651 in
957 609 1211 665 repetitione
1235 608 1396 649 scilicet
1423 607 1472 647 il-

47 672 183 714 lorum
214 677 266 716 de
296 676 476 718 Oratore
499 677 701 719 librorum
726 678 946 728 Romana;
977 677 1089 732 quod
1121 691 1239 716 secus
1267 689 1375 725 esse,
1407 688 1470 714 res

47 740 186 782 docet.
248 742 398 798 Itaque
432 744 546 785 soleo
578 754 740 801 optate,
777 756 823 786 ut
856 745 958 785 tales
990 743 1085 784 libri
1119 744 1161 783 in
1201 741 1472 783 bibliothecis

45 809 221 865 privatis
244 812 385 866 potius
409 812 507 863 sint,
531 814 641 854 unde
658 827 731 868 per
749 813 967 854 intervalla
987 813 1029 854 in
1048 812 1184 853 lucem
1202 812 1474 868 adspectum-

46 891 128 931 que
152 878 333 933 prodire,
360 889 403 920 et
431 879 582 921 offerre
603 895 646 921 se
667 880 801 922 oculis
825 881 1054 935 usibusque
1078 880 1340 920 eruditorum
1373 893 1472 935 pos-

47 946 145 987 sint.

102 1013 200 1054 Alia
231 1013 340 1056 illius
364 1015 492 1056 seculi
522 1016 733 1071 exempla,
763 1030 1005 1071 quanquam
1031 1015 1095 1056 vel
1116 1014 1255 1056 habeo
1278 1014 1382 1070 ipse,
1406 1013 1473 1055 vel

46 1081 215 1138 inspexi
249 1083 460 1138 quaedam,
492 1089 573 1136 (ut,
596 1099 692 1139 quae
717 1084 945 1125 Hubertini
970 1083 1120 1125 Clerici
1141 1085 1471 1126 commentarios

44 1150 272 1205 adjunctos
295 1151 487 1202 habent,)
509 1151 613 1191 nibil
635 1151 796 1192 criticae
819 1153 1155 1207 opportunitatis
1179 1153 1351 1194 habent.
1384 1153 1474 1195 Ita-

46 1232 129 1273 que
149 1228 245 1273 post
263 1233 326 1269 ea,
349 1233 444 1273 quae
461 1218 568 1268 dixi,
592 1227 635 1258 et
651 1218 866 1273 sequentis
883 1219 1022 1260 aetatis
1041 1219 1238 1275 exempla
1258 1221 1472 1275 perspexi,

44 1286 78 1328 si
102 1287 203 1341 quid
228 1287 269 1327 in
293 1287 342 1327 iis
365 1296 489 1337 esset,
511 1286 626 1340 quod
656 1286 859 1327 inservire
887 1286 1032 1328 usibus
1059 1287 1164 1328 meis
1187 1289 1472 1343 praesentibus

45 1365 202 1410 posset.
264 1353 369 1409 Ejus
394 1353 522 1395 seculi
546 1363 688 1394 autem
712 1353 850 1409 prima
871 1353 1004 1394 editio
1025 1363 1090 1395 est
1107 1353 1265 1395 Aldina
1286 1371 1325 1396 a.
1354 1362 1474 1409 1502,

42 1422 225 1477 repetita
246 1436 284 1462 a.
321 1427 440 1464 1512.
471 1431 514 1461 et
536 1419 578 1461 in
602 1419 790 1462 editione
811 1435 988 1476 operum
1013 1420 1234 1463 Ciceronis
1256 1423 1476 1465 universo-

43 1503 139 1531 rum
161 1504 198 1530 a.
228 1495 346 1536 1519.
369 1503 431 1543 sq.
464 1487 515 1529 In
539 1488 676 1543 prima
697 1487 782 1539 illa,
803 1488 908 1529 dicit
929 1488 1079 1540 Aldus,
1101 1488 1185 1530 hoc
1203 1498 1346 1531 actum
1368 1505 1478 1543 esse,

46 1565 94 1598 ut
115 1571 243 1612 quam
265 1555 582 1597 accuratissime
605 1563 748 1596 textus
770 1555 989 1608 ederetur3
1021 1556 1092 1597 sed
1123 1571 1147 1597 a
1172 1571 1258 1612 quo
1288 1557 1330 1598 id
1353 1572 1475 1600 cura-

45 1632 137 1665 tum
160 1624 228 1674 sit,
249 1632 292 1664 et
312 1623 466 1678 quibus
488 1623 693 1663 librorum
717 1623 931 1673 subsidiis,
953 1623 1005 1664 de
1025 1638 1075 1664 eo
1097 1623 1204 1664 nihil
1223 1625 1366 1666 tradit.
1398 1625 1476 1668 Al-

43 1699 134 1733 tera
153 1691 286 1732 editio
308 1705 478 1746 quoque
498 1689 607 1730 nihil
627 1689 741 1730 aliud
762 1689 906 1741 habet,
928 1705 1057 1745 quam
1076 1700 1221 1732 textus
1243 1694 1477 1734 accuratis·

43 1759 150 1800 sime
178 1758 389 1814 recogniti
422 1757 731 1813 professionem
764 1757 807 1798 in
839 1757 980 1798 titulo.
1041 1757 1195 1813 Itaque
1225 1759 1296 1801 hic
1327 1770 1473 1803 textus

43 1825 224 1868 Aldinus
246 1825 408 1866 nullum
430 1825 474 1865 in
495 1824 661 1866 delectu
684 1825 917 1866 lectionum
943 1836 1208 1867 momentum
1238 1827 1359 1878 facit,
1392 1828 1473 1871 nisi

43 1894 116 1935 ubi
150 1901 224 1934 aut
253 1906 483 1934 consensus
515 1891 693 1933 aliorum
724 1892 930 1933 librorum
961 1893 1153 1948 adjuvat,
1184 1904 1258 1935 aut
1279 1910 1344 1937 res
1366 1895 1473 1952 ipsa.

43 1959 101 2002 Et
122 1961 222 2002 satis
243 1960 373 2001 hodie
395 1967 577 2011 constat,
596 1969 804 2014 quantum
827 1960 908 2000 sibi
933 1961 1160 2002 sumserint
1179 1961 1221 2003 in
1241 1970 1362 2003 textu
1379 1978 1474 2004 mu-

43 2028 189 2079 tando,
221 2028 294 2083 qui
324 2027 443 2068 libris
465 2026 632 2068 Aldinis
663 2027 837 2068 edendis
867 2027 1147 2084 praefuerunt.
1208 2029 1277 2070 De
1307 2031 1474 2082 ceteris,

43 2095 116 2150 qui
139 2095 248 2136 iuter
269 2109 398 2151 opera
421 2094 642 2135 Ciceronis
666 2094 866 2136 universa
885 2096 1087 2151 epistolas
1109 2106 1410 2138 recensuerunt
1431 2106 1476 2139 et

43 2162 337 2213 emendarunt,
369 2176 550 2217 quorum
581 2162 796 2218 principes
827 2171 926 2203 sunt
951 2162 1153 2205 Victorius
1174 2174 1216 2205 et
1239 2163 1473 2217 Manutius,

45 2240 94 2271 ut
116 2238 213 2270 ante
235 2229 342 2279 dixi,
364 2228 472 2270 nihil
492 2228 631 2269 habeo
653 2229 986 2288 dicere,1praeter
1012 2244 1076 2282 ea,
1105 2246 1201 2286 quae
1225 2232 1267 2273 in
1291 2234 1475 2275 recensi-

43 2313 126 2342 one
157 2298 397 2339 editionum
428 2296 592 2338 illarum
624 2296 780 2337 tradita
809 2307 908 2338 sunt
936 2298 980 2339 in
1010 2297 1135 2340 Tomi
1168 2299 1295 2356 primi
1318 2301 1474 2357 praefa-

43 2366 176 2408 tione.

102 2432 185 2474 His
207 2430 339 2487 igitur
371 2430 580 2486 praesidiis
609 2430 780 2486 adjutus
803 2430 848 2471 in
879 2438 1001 2472 textu
1021 2431 1171 2474 harum
1195 2434 1470 2490 epistolarum

43 2499 344 2543 constituendo
366 2498 579 2539 elaboravi
603 2498 836 2539 secundum
858 2513 928 2540 eas
950 2500 1150 2552 rationes,
1177 2516 1281 2556 quas
1311 2517 1378 2543 me
1409 2517 1472 2544 se-

43 2577 192 2609 cutum
210 2580 314 2617 esse,
336 2565 380 2606 in
403 2565 549 2606 eadem
572 2564 644 2606 illa
662 2564 916 2620 praefatione
934 2566 1248 2620 demonstravi3
1280 2570 1472 2612 confido-

45 2649 142 2690 que,
166 2642 332 2675 textum
355 2647 379 2674 a
398 2647 467 2673 me
489 2632 682 2689 plurimis
703 2632 808 2674 locis
828 2634 1160 2676 emendatiorem
1184 2650 1274 2676 esse
1295 2635 1471 2689 factum,

42 2701 281 2758 praesertim
311 2700 354 2741 in
384 2700 495 2742 hanc
525 2708 704 2756 partem,
735 2710 784 2741 ut
804 2701 992 2742 latinitas
1014 2702 1163 2743 melior
1192 2712 1234 2743 et
1263 2702 1471 2746 Cicerone

43 2768 213 2825 dignior
247 2768 318 2821 sit,
355 2767 471 2824 quod
505 2767 548 2809 in
584 2767 664 2809 hac
698 2776 817 2824 parte
851 2768 1232 2812 Ciceronianorum
1266 2770 1471 2814 librorum

718 2849 746 2878 B
769 2841 794 2878 3
