1817 3196
548 92 631 130 AD
663 91 1048 130 LENTULUM.
1109 90 1111 93 ’
1462 97 1520 132 2⁵·

86 197 287 240 dictitant
309 196 445 238 fracto
467 196 611 237 animo
632 204 676 235 et
697 193 881 235 demisso
904 193 1049 236 fuisse.
1110 193 1188 235 Est
1212 207 1310 235 vero
1332 198 1519 251 proban-

87 255 204 306 dum,
225 255 297 310 qui
319 262 363 295 et
383 264 549 294 summa
573 251 791 292 voluntate
813 252 1001 302 cesserit,
1020 261 1063 291 et
1083 251 1258 307 egregia
1278 254 1409 292 animi
1435 254 1520 293 ala-

89 313 240 353 critate
260 310 460 360 abfuerit,
482 323 620 364 neque
638 322 737 349 sane
759 308 895 348 redire
916 309 1089 358 curarit,
1110 323 1208 348 eum
1229 308 1286 348 ob
1310 309 1351 349 id
1380 309 1521 364 ipsum

90 368 271 409 fractum
306 368 450 417 fuisse,
482 367 525 407 in
558 380 644 421 quo
674 379 772 405 cum
793 379 941 405 omnes
968 365 1177 415 homines,
1202 374 1292 405 tum
1316 365 1382 405 M.
1403 366 1521 407 illum

88 424 310 474 Scaurum,
345 423 600 479 singularem
634 422 786 471 virum,
818 422 1061 463 constantia
1091 432 1134 462 et
1164 422 1374 477 gravitate
1397 436 1521 478 supe-

89 492 235 522 rasset.
296 481 395 531 Sed,
424 481 536 535 quod
571 479 623 520 de
657 478 729 519 illo
763 488 1030 534 acceperant,
1060 488 1133 519 aut
1169 479 1296 519 etiam
1332 480 1521 534 suspica-

90 538 258 589 bantur,
280 539 332 579 de
355 551 422 578 me
452 538 563 578 idem
587 536 854 591 cogitabant,
888 535 1122 590 abjectiore
1149 536 1293 577 animo
1315 550 1383 577 me
1405 537 1521 576 futu-

88 608 196 645 rum,
216 609 312 636 cum
348 594 586 649 respublica
618 593 825 647 majorem
862 592 992 632 etiam
1020 593 1124 632 mihi
1164 593 1369 644 animum,
1391 607 1521 649 quam

91 665 288 706 umquam
313 651 572 702 habuissem,
592 649 734 700 daret3
766 663 861 703 quae
877 648 1144 699 declarasset,
1164 663 1207 690 se
1227 664 1309 690 non
1329 651 1521 706 potuisse

88 722 157 749 me
180 723 264 749 uno
287 709 370 749 civi
394 721 560 749 carere:
592 719 775 761 cumque
799 705 1026 747 Metellum
1051 706 1173 748 unius
1194 707 1353 748 tribuni
1385 707 1520 763 plebis

89 765 273 821 rogatio,
293 779 360 805 me
382 765 578 806 universa
595 762 850 819 respublica,
870 763 977 803 duce
996 772 1160 815 senatu,
1178 764 1413 805 comitante
1432 763 1521 804 Ita-

88 820 158 872 lia,
192 821 563 878 promulgantibus
600 820 817 870 omnibus,
859 819 1067 861 referente
1107 820 1295 872 consule,
1333 821 1520 862 comitiis
1533 840 1563 870 p.
1585 833 1631 862 14.

89 879 354 929 centuriatis,
377 878 542 920 cunctis
565 877 802 926 ordinibus,
823 877 864 907 60
875 876 1138 928 hominibus,
1155 878 1521 928 incumbentibus,
1535 888 1563 908 ³·

87 936 289 976 omnibus
323 936 508 991 denique
549 935 634 975 suis
676 933 838 973 viribus
874 946 1178 990 recuperasset.
1239 935 1392 991 Neque
1426 949 1525 976 vero

88 1005 172 1048 ego
201 993 305 1034 mihi
338 1002 488 1048 postea
517 991 749 1046 quidquam
781 991 976 1042 assumsi,
1012 1006 1149 1046 neque
1183 992 1312 1033 hodie
1341 1007 1526 1042 assumo,

87 1049 203 1104 quod
238 1064 496 1104 quemquam
531 1047 974 1089 malivolentissimum
1002 1048 1102 1103 jure
1129 1050 1264 1105 possit
1296 1049 1526 1091 offendere.

90 1114 258 1147 tantum
281 1107 436 1157 enitor,
455 1116 502 1146 ut
534 1119 673 1160 neque
695 1104 858 1155 amicis,
893 1119 1031 1160 neque
1065 1105 1196 1146 etiam
1235 1106 1526 1156 alienioribus,

89 1177 235 1219 opera,
257 1163 452 1214 consilio,
474 1163 619 1204 labore
638 1161 787 1202 desim.
850 1160 937 1202 Hic
959 1176 1065 1202 meae
1098 1163 1199 1203 vitae
1222 1178 1368 1204 cursus
1391 1163 1529 1204 offen-

89 1219 152 1260 dit
171 1235 243 1261 eos
266 1220 458 1269 fortasse,
482 1220 518 1249 6¹
535 1219 608 1273 qui
633 1218 902 1274 splendorem
924 1227 968 1258 et
989 1219 1175 1273 speeiem
1193 1219 1322 1275 hujus
1344 1221 1444 1262 vitae
1462 1221 1528 1261 in-

90 1285 280 1327 tuentur,
316 1275 648 1317 sollicitudinem
692 1284 836 1315 autem
866 1284 910 1315 et
947 1274 1135 1316 laborem
1168 1277 1407 1333 perspicere
1439 1292 1527 1318 non

90 1343 284 1388 possunt.
345 1332 455 1373 Illud
479 1346 578 1374 vero
611 1346 698 1372 non
731 1333 913 1372 obscure
948 1341 1198 1386 queruntur,
1222 1334 1266 1374 in
1300 1335 1402 1374 meis
1434 1349 1529 1375 sen-

88 1391 252 1441 tentiis,
284 1391 440 1446 quibus
472 1403 620 1430 ornem
653 1388 886 1439 Caesarem,
917 1388 957 1419 62
970 1389 1091 1443 quasi
1122 1389 1353 1432 descissem
1384 1406 1409 1432 a
1440 1392 1508 1448 pri

90 1447 203 1488 stina
219 1462 360 1489 causa.
423 1444 520 1502 Ego
538 1455 681 1487 autem
707 1460 805 1486 cum
837 1445 908 1486 illa
942 1460 1109 1500 sequor,
1132 1462 1229 1502 quae
1264 1447 1406 1503 paullo
1430 1458 1530 1490 ante

90 1505 311 1560 proposui,
326 1513 418 1545 tum
434 1504 519 1544 hoc
541 1517 625 1543 non
651 1504 693 1543 in
719 1502 958 1558 postremis,
977 1503 1029 1543 de
1051 1517 1137 1557 quo
1157 1518 1376 1560 coeperam
1394 1520 1529 1562 expo-

89 1575 204 1602 nere.
268 1562 366 1602 Non
408 1559 599 1601 offendes
640 1560 823 1601 eundem
866 1561 1078 1601 bonorum
1117 1574 1302 1613 sensum,
1335 1562 1530 1614 Lentule,

88 1631 217 1673 quem
238 1618 447 1673 reliquisti
465 1634 474 1659 ε
506 1617 578 1672 qui
598 1616 878 1658 confirmatus
897 1616 1122 1658 consulatu
1136 1628 1299 1670 nostro,
1315 1633 1531 1661 nonnum·

89 1688 216 1730 quam
241 1685 390 1731 postea
411 1675 688 1729 interruptus,
711 1674 896 1716 afflictus
919 1683 1018 1714 ante
1046 1683 1088 1714 te
1110 1675 1344 1730 consulem,
1368 1690 1531 1718 recrea-

89 1741 158 1772 tus
176 1733 253 1773 abs
276 1741 318 1773 te
340 1741 456 1773 totus
486 1741 565 1782 est,
587 1745 702 1772 nunc
732 1732 787 1772 ab
819 1731 885 1782 iis,
917 1745 941 1771 a
970 1731 1127 1785 quibus
1160 1732 1343 1773 tuendus
1377 1733 1532 1785 fuerat,

90 1787 345 1831 derelictus:
378 1789 577 1844 idemque
607 1802 693 1829 non
725 1788 863 1829 solum
894 1786 1036 1828 fronte
1057 1796 1186 1844 atque
1209 1789 1344 1840 vultu,
1374 1791 1531 1845 quibus

90 1845 307 1887 simulatio
341 1846 544 1888 facillime
576 1845 824 1896 sustinetur,
852 1844 1070 1886 declarant
1103 1846 1147 1896 ii,
1170 1846 1244 1901 qui
1267 1855 1359 1887 tum
1383 1856 1533 1889 nostro

90 1902 164 1943 illo
183 1912 294 1944 statu
318 1904 548 1960 optimates
572 1903 922 1953 nominabantur,
945 1902 1017 1943 sed
1049 1903 1180 1943 etiarn
1212 1903 1251 1934 63
1267 1918 1390 1945 sensu
1417 1919 1533 1961 saepe

85 1958 178 2014 jam
208 1960 448 2015 tabellaque
476 1960 730 2001 docuerunt.
792 1959 946 2014 Itaque
969 1959 1167 2015 totajam
1191 1961 1451 2016 sapientium
1472 1963 1533 2003 ci·-

92 2016 224 2069 vium,
256 2017 424 2073 qualem
448 2030 515 2058 me
548 2026 591 2058 et
623 2031 714 2058 esse
746 2025 789 2058 et
810 2018 1023 2058 numerari
1046 2017 1157 2069 volo,
1179 2027 1223 2058 et
1244 2020 1469 2071 sententia,
1491 2028 1535 2060 et

132 2161 173 2192 60
195 2161 389 2202 hominibus]
420 2162 484 2193 Hic
511 2172 579 2194 esse
608 2163 678 2193 vitii
702 2161 790 2202 quid,

91 2201 146 2233 alii
168 2212 308 2241 sensere,
330 2214 405 2234 cum
429 2209 513 2235 esset
535 2206 568 2235 in
591 2205 665 2236 edd.
687 2206 790 2235 omni—

92 2244 161 2281 bus,
190 2245 240 2275 vel
269 2247 519 2286 hominibusque.
565 2247 711 2277 Primum
735 2247 790 2277 de-

90 2285 158 2318 leta
183 2292 234 2317 est
259 2287 397 2327 copula:
433 2298 505 2328 quae
536 2288 615 2318 Mss.
645 2288 791 2328 pluribus

90 2329 214 2359 aberat.
259 2328 439 2359 Lambinus
462 2329 534 2360 addi
559 2330 687 2360 volebat
709 2331 791 2361 diis.-

90 2371 165 2408 diis,
192 2372 384 2403 hominibus.
427 2372 481 2402 Sic
496 2381 572 2402 sane
589 2372 664 2402 alibi
684 2374 717 2403 in
731 2373 789 2403 tali

91 2421 127 2444 re
142 2418 202 2443 est.
245 2413 392 2444 Graevius
415 2413 511 2453 plane
539 2414 638 2444 deleri
661 2415 791 2445 volebat

90 2455 281 2486 hominibus.
323 2455 374 2486 An
390 2456 504 2486 Cicero
518 2456 662 2496 scripsit:
687 2457 790 2487 homi-

90 2497 185 2527 nibus
199 2498 371 2527 omnibus!
385 2498 433 2528 ita
447 2508 505 2538 par
518 2498 580 2528 hoc
593 2498 631 2528 fit
646 2500 791 2538 superio-

92 2539 180 2570 ribus
197 2539 363 2569 membris.
411 2540 568 2570 Omnibus
583 2540 706 2571 habent
718 2540 790 2572 edd.

93 2590 143 2621 pr.
157 2580 243 2620 quod
254 2586 287 2611 et
310 2582 344 2611 in
359 2581 424 2611 Ms.
439 2582 612 2612 Graeviano
634 2582 711 2619 fuit,
724 2589 790 2613 est·

88 2631 151 2662 que
164 2628 198 2654 et
223 2624 255 2652 in
272 2622 335 2653 Gu.
380 2623 439 2653 Est
463 2629 576 2654 tamen
602 2629 636 2654 et
652 2624 716 2662 111,
736 2628 787 2656 10:

90 2673 161 2704 quoe
180 2665 218 2695 de
239 2666 407 2695 hominum
429 2669 526 2706 atque
548 2667 699 2697 ordinum
722 2677 789 2697 om-

89 2715 196 2738 ntum.

130 2749 168 2780 61
193 2751 248 2789 qui
268 2747 390 2789 splend.
420 2753 452 2780 et
473 2751 609 2790 speciem
632 2749 732 2790 hujus
752 2759 786 2781 v.

91 2790 276 2830 intuentur]
316 2791 379 2822 int.
408 2791 632 2823 celebritatem
673 2792 789 2823 domus

91 2831 326 2871 Ciceronianae,
362 2833 401 2864 de
432 2843 497 2873 qua
523 2834 590 2875 ipse
618 2834 789 2874 aliquoties

834 2160 912 2192 dicit
926 2173 936 2192 ι
952 2162 1168 2202 frequentiam
1183 2164 1448 2204 prosequentium
1462 2175 1536 2197 exe-

833 2211 962 2240 untem,
977 2204 1209 2235 deducentium
1225 2205 1360 2236 domum
1376 2208 1435 2237 &c.

876 2247 916 2276 62
938 2248 1029 2286 quasi
1052 2248 1217 2277 descissent
1245 2258 1267 2278 a
1282 2257 1340 2287 pr.
1368 2248 1412 2288 e.]
1437 2248 1535 2280 Varie

835 2288 968 2318 verbum
991 2288 1112 2328 legitur
1134 2290 1167 2319 in
1199 2289 1298 2320 libriS.
1348 2290 1458 2322 Plures
1480 2292 1535 2322 de-

833 2330 998 2361 scau-erem
1009 2331 1094 2361 male
1105 2343 1114 2361 :
1132 2331 1264 2362 deberet
1278 2332 1387 2372 potius
1399 2342 1467 2363 esse
1481 2334 1535 2364 de-

832 2373 978 2403 sciscam.
994 2373 1114 2412 pendet
1127 2374 1215 2404 enim
1231 2383 1250 2403 a
1262 2379 1457 2413 queruntur.
1473 2376 1536 2406 ita-

834 2424 896 2453 que
911 2419 970 2444 aut
983 2415 1147 2446 descissem
1169 2422 1228 2446 aut
1250 2417 1436 2447 desciverim
1458 2418 1535 2448 scri-

834 2456 988 2486 bendum.

876 2498 916 2529 63
938 2508 1033 2529 sensu
1047 2508 1072 2529 s.
1089 2498 1123 2540 j.
1145 2499 1341 2540 tabellaque]
1370 2500 1473 2531 sensu
1495 2498 1543 2531 li-'

834 2540 883 2570 bri
899 2545 979 2570 vett.
1002 2551 1127 2572 omnes.
1152 2547 1265 2572 tamen
1287 2544 1446 2573 sententia
1470 2542 1534 2582 legi

832 2582 949 2612 volunt
971 2583 1089 2614 Lamb.
1111 2583 1204 2614 Man.
1229 2584 1334 2614 Graev.
1362 2584 1470 2616 intell.
1486 2594 1534 2615 se-

834 2624 974 2661 natoria,
1001 2626 1086 2656 sicut
1107 2627 1228 2656 tabella
1243 2626 1282 2656 de
1298 2626 1458 2665 suffragiis
1472 2633 1533 2659 est.

833 2667 918 2697 Sane
932 2676 1027 2697 sensu
1042 2667 1152 2698 locum
1178 2677 1246 2698 non
1272 2669 1382 2699 habet.
1407 2678 1483 2698 nam
1500 2670 1534 2700 in

833 2709 884 2739 his
911 2709 1015 2739 verbis
1038 2714 1088 2739 cst
1110 2716 1342 2750 argumentum
1367 2720 1478 2740 sensus
1495 2712 1534 2742 de

831 2751 998 2790 republica
1020 2754 1154 2782 mutati.
1171 2751 1334 2790 quomodo
1346 2762 1423 2792 ergo
1440 2763 1535 2784 sensu

832 2793 942 2823 locum
959 2793 1077 2823 habere
1101 2794 1223 2833 possit?
1249 2794 1407 2826 Defendit
1421 2799 1535 2827 tamen

832 2835 975 2866 Gronov.
991 2835 1070 2866 Obs.
1087 2835 1114 2872 1,
1130 2838 1161 2865 4.
1177 2845 1210 2876 p.
1226 2836 1298 2870 239.
