1903 3218
548 96 727 136 COELII
753 95 835 133 AD
860 93 1230 134 CICERONEM.
1534 103 1607 140 201

191 199 258 242 ille
280 200 361 242 sibi
392 213 542 258 parum
575 199 690 241 utilis
723 197 821 250 fuit,
853 206 898 240 et
930 206 1058 240 aetate
1083 197 1176 254 jam
1217 206 1316 239 sunt
1347 198 1540 252 decursa,
1575 212 1619 244 et

190 258 499 299 consuetudine
530 267 658 312 atque
692 255 950 297 auctoritate
985 265 1072 306 tua,
1105 265 1149 297 et
1187 255 1348 310 pudore
1379 255 1547 308 Tulliae,
1583 261 1618 300 si

189 329 275 369 qua
298 315 534 365 restabunt,
553 312 724 355 confido
743 312 936 354 celeriter
958 312 1171 354 sublatum
1197 312 1261 352 iri.
1295 312 1396 354 Non
1418 323 1483 354 est
1503 315 1618 356 enim

192 386 367 428 pugnax
391 372 434 412 in
460 371 588 421 vitiis,
610 383 748 425 neque
771 370 900 412 hebes
922 369 974 411 ad
997 369 1183 425 id,quod
1206 367 1356 410 melius
1379 370 1448 420 sit,
1463 370 1618 412 intelli-

190 429 392 483 gendum.
454 427 623 469 Deinde
660 427 794 481 (quod
831 427 1068 468 maximum
1102 427 1186 476 est)
1229 440 1312 482 ego
1347 425 1464 467 illum
1499 427 1618 469 valde

190 500 302 526 arno.
360 488 401 516 44
416 484 552 525 Velles
588 483 639 525 C.
672 482 905 525 Curionem
937 493 1130 526 nostrum
1161 483 1325 524 lautum
1349 483 1618 525 intercessio-

189 542 254 581 nis
276 542 329 582 de
352 541 583 597 provinciis
618 541 785 582 exitum
807 540 1022 582 habuisse.
1083 540 1195 582 Nam
1219 555 1316 582 cum
1341 540 1393 581 de
1416 540 1618 582 interces-

191 598 309 639 sione
331 597 571 650 referretur,
594 613 688 653 quae
712 598 861 639 relatio
885 598 1015 639 fiebat
1037 612 1089 639 ex
1115 607 1286 638 senatus
1304 597 1616 654 consulto,pri-

189 669 344 710 maque
369 654 435 696 M.
461 654 657 696 Marcelli
688 655 900 696 sententia
934 655 1211 710 pronuntiata
1244 665 1368 705 esset,
1391 655 1463 710 qui
1487 669 1619 710 agen·

191 711 292 752 dum
316 726 413 752 cum
440 712 622 754 tribunis
645 711 781 769 plebis
803 714 1030 754 censebat:
1064 711 1262 766 frequens
1286 721 1456 752 senatus
1479 712 1521 753 in
1538 711 1621 754 alia

188 768 334 809 omnia
365 769 429 810 iit.
490 769 726 812 Stomacho
747 779 811 811 est
833 768 997 810 scilicet
1020 768 1252 824 Pompeius
1287 768 1478 825 Magnus
1505 784 1621 811 nunc

189 824 250 865 ita
290 824 527 882 languenti,
559 830 599 858 45
618 839 665 868 ut
709 827 780 868 vix
824 826 881 877 id,
922 826 1037 881 quod
1076 826 1156 866 sibi
1202 826 1383 881 placeat,
1421 827 1621 883 reperiat.

189 879 462 925 Transierant
484 883 599 934 illuc,
620 884 662 915 46
675 893 722 925 ut
753 884 862 924 ratio
885 894 995 924 esset
1026 883 1118 938 ejus
1155 883 1365 934 habenda,
1387 884 1460 938 qui
1484 898 1621 940 neque

189 940 443 991 exercitum,
478 955 614 996 neque
651 941 896 998 provincias
929 941 1094 982 tradere
1126 940 1264 981 vellet.
1327 940 1749 987 Quemadmo-p-wss-

187 995 290 1036 dum
325 996 408 1037 hoc
439 997 673 1054 Pompeius
708 998 868 1040 laturus
903 998 971 1048 sit,
1001 1012 1098 1039 cum
1132 1007 1381 1052 cognoscat,
1415 998 1661 1052 quidnama·

188 1052 437 1108 reipublicae
475 1054 666 1096 futurum
699 1055 767 1106 sit,
789 1058 827 1089 47
844 1055 876 1095 si
909 1062 981 1096 aut
1014 1070 1095 1096 non
1120 1054 1261 1110 possit,
1285 1065 1358 1096 aut
1377 1069 1462 1096 non
1485 1065 1621 1106 curet,

188 1111 228 1140 48
245 1124 319 1152 vos
352 1126 471 1152 senes
494 1112 649 1154 divites
673 1112 880 1153 videritis.
941 1112 998 1158 Q.
1034 1112 1311 1163 Hortensius,
1332 1126 1431 1153 cum
1453 1111 1529 1154 has
1551 1111 1622 1154 lit-

191 1174 301 1208 teras
324 1169 490 1225 scripsi,
512 1170 698 1210 animam
721 1170 893 1224 agebat.

702 1245 1107 1283 ARGUMENTUM.

195 1295 307 1334 Varia
337 1303 400 1335 est.
455 1300 618 1335 Domitii
650 1299 844 1346 repulsam,
879 1299 1073 1335 Saturnini
1104 1299 1381 1340 accusationem,
1402 1298 1570 1347 Pompeii
1587 1305 1622 1336 et

243 1349 393 1386 Caesaris
411 1352 643 1393 discordiam,
661 1352 778 1399 Appii
797 1353 950 1388 censoris
967 1351 1161 1387 ridiculam
1181 1351 1411 1398 diligentiam
1428 1356 1569 1388 narrat.

566 1417 810 1460 COELIUS
845 1417 1168 1470 CICERONI,
1201 1418 1245 1460 S.

184 1471 384 1526 TANTI
408 1500 493 1527 non
518 1485 601 1527 fuit
623 1487 813 1528 Arsacen
836 1501 1002 1543 capere,
1026 1486 1263 1527 Seleuciam
1288 1500 1554 1543 expugnare,
1577 1496 1625 1528 ut

184 1557 331 1584 earum
352 1557 506 1594 rerum,
527 1558 624 1598 quae
645 1544 715 1584 hic
737 1551 870 1599 gestae
894 1554 1007 1593 sunt,
1030 1544 1275 1599 spectaculo
1298 1557 1475 1585 careres.
1498 1559 1623 1585 num-

222 1613 317 1641 uam
342 1599 420 1640 tibi
443 1600 556 1640 oculi
579 1600 829 1651 doluissent,
852 1601 885 1641 si
910 1601 950 1641 in
976 1600 1144 1656 repulsa
1167 1600 1351 1641 Domitii
1375 1600 1540 1642 vultum
1561 1602 1623 1642 vi·

188 1615 336 1698 disses.
398 1656 566 1713 Magna
588 1657 659 1698 illa
680 1658 859 1699 comitia
879 1658 1068 1708 fuerunt,
1086 1668 1129 1698 et
1152 1656 1276 1713 plane
1289 1657 1431 1698 studia
1450 1672 1503 1699 ex
1529 1673 1625 1714 par-

191 1713 297 1755 tium
334 1727 457 1755 sensu
488 1724 803 1770 apparuerunt:
848 1716 1052 1771 perpauci
1091 1714 1451 1756 necessitudinem
1488 1716 1624 1757 secuti

187 1769 379 1811 officium
403 1773 710 1826 praestiterunt.
773 1771 926 1826 Itaque
949 1772 1053 1812 mihi
1085 1781 1150 1813 est
1173 1771 1394 1812 Domitius
1418 1771 1625 1813 inimicis-

189 1827 336 1878 simus,
380 1838 427 1868 ut
456 1843 509 1869 ne
540 1828 847 1870 49familiarem
878 1829 1052 1884 quidem
1087 1843 1210 1869 suum
1242 1842 1501 1883 quemquam
1536 1839 1624 1870 tam

187 1884 341 1935 oderit,
371 1899 499 1939 quam
532 1900 622 1927 me:
666 1896 794 1942 atque
826 1900 877 1927 eo
900 1886 1052 1942 magiS‚
1074 1886 1190 1940 quod
1222 1900 1296 1942 per
1317 1886 1518 1941 injuriam
1541 1887 1623 1928 sibi

186 1950 310 1998 putat
331 1952 540 1998 ereptum,
562 1943 686 1999 cujus
708 1957 790 2000 ego
812 1952 963 1984 auctor
995 1943 1164 1984 fuerim.
1227 1943 1355 1984 Nunc
1383 1942 1501 1994 furit,
1537 1954 1624 1985 tam

187 1999 361 2055 gavisos
385 1999 580 2041 homines
602 2015 726 2042 suum
760 1999 967 2051 dolorem,
990 2015 1209 2055 unumque
1231 2014 1300 2040 me
1321 2000 1622 2042 studiosiorem

185 2055 384 2097 Antonii.
448 2057 563 2098 Nam
598 2057 680 2098 Cn.
725 2057 1005 2100 Saturninum
1049 2057 1362 2098 adolescentem
1411 2057 1501 2113 ipse
1540 2058 1623 2100 Cn.

188 2112 409 2154 Domitius
431 2128 549 2155 reum
572 2114 690 2167 fecit,
724 2128 824 2155 sane
853 2129 981 2170 quam
1019 2115 1236 2171 superiore
1268 2130 1294 2154 a
1322 2114 1412 2155 vita
1441 2115 1625 2156 invidio-

1639 1230 1689 1266 14

183 2226 346 2299 lLambino
363 2226 574 2267 affinitatem,
597 2227 682 2267 quod
697 2237 798 2268 prope
815 2238 884 2259 ma-

198 2278 254 2300 im.

228 2313 270 2342 44
294 2310 398 2342 Velles
417 2311 494 2343 Cur.
509 2316 656 2342 nostrum
673 2313 803 2343 lautum
814 2315 884 2344 exi·

184 2353 270 2393 tum]
296 2356 350 2384 An
366 2355 536 2385 lautiorem
548 2356 564 2384 ,7
587 2364 664 2385 nam
679 2356 810 2385 lautum
826 2365 882 2386 ne-

181 2396 249 2426 scio
264 2396 427 2434 quomodo
441 2397 551 2436 friget.
596 2396 655 2427 Ed.
675 2399 765 2431 1471.
780 2397 883 2435 Voles,

186 2437 273 2476 quod
288 2447 365 2468 sane
385 2439 437 2469 hic
459 2440 568 2479 aptius
583 2448 681 2478 quam
696 2441 802 2470 velles.
819 2440 882 2471 Ms.

183 2479 249 2511 Gu.
270 2479 372 2517 Voles,
392 2481 511 2518 Cicero,
532 2481 703 2512 Curionem
719 2481 777 2512 διο.
795 2481 881 2521 quod

183 2531 252 2552 non
281 2522 450 2563 displicet:
474 2533 664 2564 praenomen
688 2523 818 2562 quidem
840 2525 879 2556 C.

183 2563 237 2594 hic
253 2573 318 2595 non
334 2565 452 2605 placet.
469 2565 521 2596 ed.
538 2565 628 2597 Med.
644 2566 740 2596 vides.
757 2567 854 2597 male.

225 2608 266 2637 45
288 2611 326 2637 ut
350 2608 407 2638 vix
428 2609 473 2644 id,
495 2607 616 2648 quodf.
633 2609 778 2647 placeat,
793 2608 878 2649 rep]

184 2647 221 2677 id
242 2658 308 2678 non
328 2650 424 2680 credo
442 2660 552 2680 verum
577 2660 665 2688 esse;
689 2655 748 2681 aut
771 2650 881 2682 deien-

182 2689 263 2760 ilum
279 2695 340 2729 est,
355 2696 413 2723 aut
429 2694 495 2733 ipse
508 2692 696 2732 legendum,
713 2693 799 2733 quod
814 2704 883 2725 ma·

198 2741 254 2762 im.

226 2774 268 2804 46
290 2779 326 2804 ut
347 2777 433 2807 ratio
447 2775 516 2817 ejus
532 2776 606 2817 δια]
633 2778 752 2821 Sensus
766 2782 829 2816 ent,
845 2783 884 2808 ut

927 2228 1037 2259 Caesar
1059 2233 1238 2264 crearetur,
1271 2228 1357 2266 quod
1384 2229 1482 2261 aliter
1506 2230 1627 2259 exerci-

926 2277 999 2302 tum
1015 2276 1050 2301 et
1065 2270 1247 2311 provincias
1260 2271 1390 2303 tradere
1404 2271 1459 2302 alii
1476 2271 1592 2302 nollet.

967 2316 1007 2347 47
1029 2314 1058 2344 si
1071 2317 1132 2343 aut
1154 2322 1217 2342 non
1235 2314 1348 2353 possit,
1364 2319 1425 2345 aut
1438 2323 1502 2344 non
1517 2314 1624 2353 curet]

926 2360 987 2385 aut
1014 2366 1078 2386 mm
1103 2355 1201 2395 possit
1232 2360 1282 2386 est
1307 2358 1576 2397 supplementum
1608 2368 1627 2387 e

926 2399 1137 2436 conjectura:
1160 2402 1194 2427 et
1217 2402 1330 2428 tamen
1362 2400 1467 2430 adhuc
1491 2398 1627 2431 verbum

925 2439 1027 2477 deest,
1043 2450 1074 2470 ν.
1091 2451 1119 2470 c.
1136 2441 1303 2479 impedire.
1348 2441 1496 2472 Pertinet
1510 2442 1628 2481 opinor

924 2482 966 2514 ad
980 2483 1186 2523 Pompeium.

964 2527 1005 2556 48
1027 2535 1081 2555 vos
1097 2534 1184 2555 senes
1209 2525 1336 2564 divites]
1363 2526 1450 2565 Quid
1467 2525 1527 2556 sibi
1543 2525 1625 2556 divi-

924 2570 970 2597 tes
983 2567 1072 2603 velit,
1087 2576 1153 2597 non
1169 2577 1329 2606 assequor.
1345 2577 1421 2598 nam
1443 2567 1483 2598 ad
1498 2568 1625 2607 pericu-

924 2609 993 2639 lum
1010 2609 1150 2640 divitum
1166 2610 1200 2639 in
1215 2609 1302 2640 bello
1318 2610 1404 2640 civili
1420 2610 1551 2646 referre,
1565 2610 1626 2640 du-

924 2661 997 2682 rum
1013 2658 1107 2692 puto.

966 2696 1008 2728 49
1017 2693 1233 2734 familiarem
1246 2703 1275 2733 q.
1295 2698 1319 2724 t.
1337 2693 1452 2732 oderit]
1480 2693 1563 2724 Mihi
1579 2694 1625 2723 vi-

926 2735 1023 2767 detur
1048 2747 1116 2767 csse
1142 2736 1259 2766 acerba
1287 2736 1495 2776 exprobratio
1523 2736 1626 2767 animi

927 2778 1019 2810 valde
1035 2778 1171 2819 maligui
1189 2778 1248 2808 διο.
