1865 3223
329 119 408 154 350
550 131 732 168 EPIST.
761 130 950 169 LIBER
975 133 1539 178 QUARTUSDECIMUS

332 229 530 288 Cognovi
553 234 667 275 enim
696 249 750 276 ex
774 234 1003 276 multorum
1034 236 1268 278 amicorum
1298 237 1464 290 litteris,
1485 255 1589 295 quas
1611 241 1757 284 attulit

330 287 527 341 Acastus,
550 292 602 333 ad
631 305 747 332 arma
768 306 854 332 rem
878 301 1069 347 spectare
1090 310 1098 335 :
1141 303 1188 334 ut
1217 295 1335 345 mihi,
1358 312 1454 337 cum
1481 312 1648 349 venero,
1670 299 1755 339 dis-

330 346 528 389 simulare
550 363 634 389 non
654 348 792 397 liceat,
806 349 907 403 quid
926 350 1118 390 sentiam.
1173 351 1270 402 Sed,
1293 355 1330 382 28
1350 353 1520 408 quando
1536 355 1757 396 subeunda

330 402 501 445 fortuna
523 414 600 456 est,
617 419 667 446 eo
690 404 816 445 citius
838 404 1033 446 dabimus
1056 420 1244 461 operam,
1266 418 1312 449 ut
1335 410 1568 462 veniamus,
1584 426 1670 466 quo
1692 411 1755 452 fa-

328 459 450 501 cilius
480 462 532 502 de
565 471 655 503 tota
685 475 727 501 re
758 460 1054 501 deliberemus.
1112 462 1175 502 Tu
1208 464 1348 516 velim,
1379 467 1492 522 quod
1523 469 1752 509 commodo

328 517 573 559 valitudinis
605 527 690 558 tuae
727 516 815 566 fiat,
839 531 966 571 quam
998 518 1245 573 longissime
1282 525 1454 576 poteris,
1476 524 1647 565 obviam
1679 539 1754 565 no-

329 574 393 614 bis
427 589 640 630 properes,
702 572 770 614 De
800 573 1035 614 hereditate
1066 574 1285 627 Preciana,
1312 594 1407 632 quae
1443 580 1613 634 quidem
1649 580 1756 622 mihi

324 644 483 686 magno
508 630 644 671 dolori
667 640 745 681 est,
766 629 907 683 (valde
938 632 1051 672 enim
1075 631 1193 672 illum
1224 636 1398 685 amavi‚)
1421 637 1491 676 sed
1520 637 1602 678 hoc
1630 637 1752 679 velim

325 702 445 728 cures
467 704 476 729 ;
509 688 541 728 si
573 687 717 728 auctio
749 697 847 727 ante
877 701 1016 728 meum
1040 688 1271 729 adventum
1296 690 1382 741 fiet,
1402 702 1448 732 ut
1472 693 1754 750 PomponiuS‚

323 754 411 794 aut,
435 744 467 784 si
492 745 525 784 is
557 745 696 784 minus
720 744 891 798 poterit,
916 744 1120 785 Camillus
1144 754 1334 787 nostrum
1370 750 1590 804 negotium
1618 761 1752 792 curet.

323 800 416 842 Nos
438 815 535 842 cum
567 801 669 841 salvi
703 800 956 851 venerimus,
979 801 1139 857 reliqua
1169 816 1243 857 per
1281 818 1355 844 nos
1386 818 1585 860 agemus:
1617 809 1680 848 sin
1705 817 1751 850 tu

315 858 409 913 jam
446 857 587 898 Roma
619 856 812 912 profecta
843 857 939 908 eris,
977 866 1117 899 tamen
1152 860 1334 910 curabis,
1372 869 1418 901 ut
1457 861 1538 903 hoc
1571 863 1631 903 ita
1661 865 1751 905 fiat.

325 914 432 965 Nos,
464 914 498 954 si
528 914 586 954 dii
614 914 896 969 adjuvabunt,
920 914 1090 956 circiter
1123 913 1224 957 ldus
1260 916 1526 959 Novembres
1555 919 1595 960 in
1629 919 1753 962 Italia

275 987 309 1017 b.
325 985 541 1026 speramus
564 970 669 1011 fore.
730 971 831 1022 Vos,
855 985 951 1012 mea
970 972 1220 1013 suavissima
1241 982 1284 1013 et
1306 975 1575 1029 optatissima
1595 975 1753 1018 Teren-

325 1029 397 1078 tia,
421 1037 464 1068 et
493 1027 690 1078 Tulliola,
716 1028 750 1068 si
770 1042 846 1068 nos
869 1029 1036 1079 amatis,
1059 1038 1205 1071 curate
1235 1038 1281 1071 ut
1303 1030 1492 1072 valeatis.
1551 1032 1752 1085 Athenis,

322 1100 360 1126 a.
384 1085 424 1125 d.
449 1098 509 1126 xv
533 1084 746 1126 Kalendas
771 1084 1009 1126 Novembr.

281 1177 308 1218 6
836 1172 1240 1210 ARGUMENTUM.

318 1234 480 1272 Excusat
507 1234 788 1283 infrequentiam
816 1236 1022 1272 litterarum
1035 1253 1047 1273 .·
1076 1241 1117 1272 ut
1140 1236 1311 1285 satisfiat,
1332 1237 1390 1273 cui
1417 1237 1578 1280 debebat,
1602 1243 1721 1276 monet
1736 1256 1748 1278 .-

495 1290 640 1335 gratias
658 1289 721 1335 agi
739 1288 783 1323 ab
800 1300 878 1330 sua,
897 1300 968 1324 non
987 1290 1144 1325 miratur
1156 1305 1168 1325 .·
1198 1288 1375 1324 Pollicem
1393 1293 1587 1337 exspectat.

430 1354 496 1395 M.
519 1354 570 1396 T.
594 1355 646 1396 C.
676 1354 1007 1396 TERENTIAE
1042 1354 1117 1396 ET
1151 1354 1394 1396 TULLIAE
1433 1355 1477 1396 S.
1502 1355 1553 1397 P.
1577 1355 1635 1398 D.

318 1408 458 1464 NEC
481 1436 595 1478 saepe
621 1431 699 1472 est,
721 1422 789 1462 cui
812 1421 974 1462 litteras
1009 1422 1157 1463 demus
1179 1439 1188 1463 :
1227 1436 1305 1462 nec
1334 1436 1424 1463 rem
1456 1422 1663 1464 habemus
1685 1424 1747 1465 ul-

312 1478 413 1529 lam,
431 1493 559 1534 quam
582 1479 767 1519 scribere
790 1478 982 1519 velimus.
1044 1477 1110 1519 Ex
1133 1479 1216 1519 tuis
1239 1478 1405 1528 litteris,
1424 1493 1528 1533 quas
1550 1480 1747 1535 proxime

312 1537 474 1591 accepi,
497 1536 698 1592 cognovi,
721 1535 931 1591 praedium
962 1535 1122 1576 nullum
1147 1534 1305 1576 vaenire
1336 1536 1540 1590 potuisse.
1600 1536 1746 1584 Quare

312 1592 494 1634 videatis
526 1593 666 1643 velim,
689 1592 907 1648 quomodo
938 1592 1120 1633 satisfiat
1145 1591 1199 1642 ei,
1221 1591 1290 1632 cui
1322 1592 1439 1633 scitis
1462 1607 1529 1634 me
1551 1593 1746 1635 satisfieri

312 1648 434 1690 velle.
493 1652 534 1683 ‘29
552 1650 681 1696 Quod
711 1658 856 1689 nostra
886 1648 965 1689 tibi
994 1649 1152 1704 gratias
1185 1648 1291 1704 agit,
1320 1648 1361 1689 id
1391 1663 1473 1705 ego
1502 1663 1587 1691 non
1617 1650 1748 1692 miror

312 1714 355 1747 te
374 1707 539 1757 mereri,
562 1716 610 1747 ut
630 1721 680 1746 ea
702 1706 781 1747 tibi
804 1705 957 1746 merito
981 1715 1056 1746 tuo
1078 1704 1236 1761 gratias
1259 1719 1384 1760 agere
1403 1706 1552 1761 possit.
1615 1705 1747 1748 Polli-

312 1777 422 1813 cem,
460 1764 493 1804 si
527 1763 668 1804 adhuc
702 1777 789 1804 non
827 1771 892 1803 est
924 1761 1157 1818 profectuS,
1190 1776 1318 1817 quam
1353 1764 1538 1818 primum
1571 1761 1639 1805 fac
1671 1778 1747 1807 ex-

313 1820 474 1861 trudas.
536 1819 665 1870 Cura,
689 1829 736 1861 ut
757 1818 910 1860 valeas.
972 1818 1122 1860 Idibus
1145 1818 1332 1866 Quintil.

276 1920 299 1960 7
827 1905 1231 1946 ARGUMENTUM.

312 1973 605 2010 Sollicitudinem
631 1972 834 2020 deposuisse
850 1971 1032 2021 significat
1055 1983 1134 2006 cum
1152 1982 1262 2007 causa
1279 1971 1391 2006 illius.
1451 1971 1501 2007 Ut
1507 1969 1609 2019 sorti
1626 1973 1747 2009 animo

670 2026 732 2066 sit,
752 2028 787 2059 et
804 2023 1047 2059 valetudinem
1067 2027 1178 2064 caret,
1199 2022 1381 2058 hortatur.

377 2090 444 2132 M.
466 2090 517 2132 T.
542 2090 593 2131 C.
625 2088 956 2131 TERENTIAE
990 2089 1123 2131 SUAE
1158 2088 1232 2130 ET
1261 2087 1434 2131 TULL.
1467 2088 1511 2129 S.
1536 2088 1587 2130 P.
1611 2088 1669 2131 D.

309 2147 536 2200 OMNES
571 2157 787 2198 molestias
810 2167 852 2198 et
885 2156 1208 2208 sollicitudines,
1230 2157 1387 2212 quibus
1419 2166 1462 2197 et
1493 2165 1534 2197 te
1560 2157 1745 2199 miserri-

307 2231 420 2258 mam
442 2215 588 2266 habui,
612 2215 653 2256 id
676 2215 790 2270 quod
816 2214 919 2255 mihi
944 2214 1292 2255 molestissimum
1314 2223 1394 2264 est,
1416 2212 1745 2269 Tulliolamque,

308 2288 405 2330 quae
426 2272 550 2312 nobis
581 2282 727 2312 nostra
751 2271 837 2312 vita
867 2271 1033 2312 dulcior
1063 2279 1141 2322 est,
1160 2271 1339 2327 deposui
1370 2280 1413 2311 et
1438 2270 1562 2326 ejeci.
1624 2271 1743 2319 Quid

307 2344 447 2373 causae
479 2337 622 2369 autem
654 2328 798 2378 fuerit,
823 2328 1028 2384 postridie
1059 2327 1266 2379 intellexi,
1288 2342 1416 2383 quam
1448 2343 1473 2368 a
1502 2327 1622 2368 vobis
1656 2328 1742 2369 dis-

306 2387 429 2430 cessi.
459 2390 561 2440 χολὶιν
588 2389 730 2440 bingam
764 2395 893 2426 noctu
928 2385 1051 2439 ejeci.
1083 2385 1228 2425 statim
1263 2385 1324 2425 ita
1361 2399 1453 2425 sum
1486 2383 1665 2434 levatus,
1694 2394 1741 2425 ut

306 2445 411 2487 mihi
434 2444 536 2485 deus
558 2441 710 2496 aliquis
739 2443 996 2483 medicinam
1020 2441 1170 2483 fecisse
1192 2441 1399 2483 videatur.
1461 2440 1543 2482 Cui
1566 2441 1739 2496 quidem

345 2572 385 2602 28
408 2567 537 2608 quando
551 2565 662 2605 sulus.
677 2564 737 2604 est]
763 2565 815 2595 Sic
833 2565 912 2594 Mss.
928 2564 1000 2595 cdd.
1044 2565 1191 2605 proxime
1209 2568 1375 2603 sequente.
1399 2564 1535 2595 fortasse
1555 2569 1670 2596 tamen
1685 2566 1740 2598 Ci-

304 2624 354 2655 pr.
370 2620 497 2647 omneS,
513 2619 578 2639 non
595 2617 707 2648 quum,
723 2615 760 2637 ut
774 2607 979 2637 recentiores,
1044 2617 1118 2637 cero
1135 2616 1255 2637 nomen
1272 2605 1453 2643 addiderat,
1468 2611 1526 2637 aut
1549 2607 1669 2638 excidit
1685 2618 1739 2639 ve·

347 2658 388 2688 29
410 2653 507 2693 ‚Quod
522 2655 633 2681 nostra
657 2650 714 2680 tibi
725 2658 781 2688 gr.
798 2649 845 2689 a.]
872 2648 1000 2678 Intelli-
1044 2659 1116 2679 rum
1133 2658 1265 2679 nomen.
1297 2648 1360 2678 Sed
1375 2649 1531 2688 suspicor,
1546 2649 1647 2679 etiam
1663 2655 1740 2692 post

303 2702 388 2738 gunt
414 2695 573 2730 Tulliam,
597 2692 682 2732 quod
704 2701 825 2721 nomen
852 2695 886 2721 et
910 2690 1000 2720 Ursi·
1045 2691 1146 2721 miror
1174 2690 1295 2729 aliquid
1316 2689 1490 2720 excidisse:
1521 2700 1596 2721 narn
1619 2692 1657 2721 id
1682 2702 1741 2731 ego

305 2735 366 2770 nus
391 2737 425 2766 in
453 2738 515 2767 Ms.
542 2737 673 2775 reperit.
700 2733 762 2763 etsi
789 2733 829 2763 ad
851 2731 996 2763 Tulliam
1042 2743 1105 2763 non
1119 2733 1222 2763 miror
1236 2732 1315 2762 facit
1327 2733 1526 2762 sententiam
1542 2733 1736 2773 perfectam:

302 2781 374 2813 haec
390 2779 527 2819 epistola
544 2788 618 2807 cum
633 2776 791 2807 Terentia
812 2775 994 2805 communi·
1040 2784 1100 2804 nec
1122 2774 1162 2805 ab
1187 2784 1225 2804 eo
1245 2778 1356 2814 potest
1377 2774 1529 2815 pendere,
1554 2780 1586 2806 te
1607 2776 1737 2807 mereri.

300 2829 352 2854 ter
367 2822 487 2861 scripta
506 2826 568 2856 cst,
583 2827 697 2849 tamen
711 2818 750 2847 de
765 2827 803 2848 ea
819 2818 879 2848 hoc
898 2816 996 2846 intel·
1039 2820 1098 2847 aut
1112 2816 1287 2848 delendum
1303 2816 1347 2846 id.

301 2866 357 2906 ligi
384 2868 502 2906 potest.
547 2861 677 2892 Similia
698 2864 777 2890 sunt
800 2860 835 2892 iu
860 2858 999 2900 epistola
