1817 3196
317 96 400 133 AD
426 93 547 132 SER.
576 91 921 132 SULPICIUM,
950 89 1026 127 ET
1053 87 1332 129 CETEROS.
1491 93 1539 132 81

116 196 375 249 afficiuntur,
396 211 533 252 neque
562 196 652 236 sine
684 194 868 236 lacrimis
904 193 1048 234 multis
1081 193 1123 234 id
1158 194 1303 235 conari
1336 205 1539 249 possunt:

116 255 179 294 uti
221 255 356 310 magis
398 255 478 310 ipsi
520 253 741 293 videantur
781 252 960 292 aliorum
1002 249 1295 292 consolatione
1335 250 1541 306 indigere,

115 324 240 364 quam
275 311 366 351 aliis
404 324 525 366 posse
561 324 682 350 suurn
719 308 910 349 officium
944 317 1168 363 praestare:
1201 317 1344 348 tamen
1369 322 1465 362 quae
1497 309 1542 349 in

114 368 343 421 praesentia
375 367 418 408 in
446 376 630 407 mentem
670 366 777 406 mihi
815 374 1037 414 venerunt,
1059 364 1225 405 decrevi
1263 365 1379 404 brevi
1413 364 1465 405 ad
1500 373 1543 405 te

114 424 397 478 perscribere:
430 438 514 464 non
546 438 631 478 quo
664 436 714 463 ea
750 433 791 462 te
826 421 974 477 fugere
1008 421 1277 472 existimem3
1320 421 1393 462 sed
1426 421 1544 476 quod

115 479 294 521 forsitan
317 481 462 521 dolore
498 480 729 536 impeditus
762 479 902 519 minus
937 493 986 518 ea
1017 478 1260 534 perspicias.
1322 477 1440 524 Quid
1463 488 1542 530 est,

113 539 229 591 quod
252 547 370 578 tanto
392 551 519 594 opere
542 547 582 578 te
605 546 876 578 commoveat
898 545 997 576 tuus
1032 534 1154 576 dolor
1182 535 1407 576 intestinus
1426 538 1438 577 ?
1470 549 1544 576 co-

112 594 218 648 gita,
257 595 618 649 quemadmodum
656 594 798 634 adhuc
837 592 1010 633 fortuna
1045 592 1269 632 nobiscum
1301 592 1460 647 egerit:
1493 606 1544 633 ea

109 651 235 690 nobis
257 659 399 706 erepta
423 665 527 702 esse,
549 666 644 706 quae
679 650 924 691 hominibus
960 663 1044 689 non
1077 648 1233 699 minus,
1255 663 1382 704 quam
1405 649 1543 700 liberi,

108 719 206 747 cara
227 722 317 748 esse
341 708 523 760 debent;
556 708 751 764 patriam,
787 707 1070 756 honestatem,
1102 706 1374 761 dignitatem,
1404 706 1543 747 hono-

107 776 172 804 res
195 779 356 805 omnes.
418 765 518 807 Hoc
554 780 638 806 uno
661 763 936 805 incommodo
958 763 1119 813 addito,
1141 763 1243 818 quid
1275 763 1328 804 ad
1349 764 1540 804 dolorem
1553 790 1584 820 p,
1601 781 1653 811 5ο,

107 819 285 877 adjungi
309 823 479 878 potuit?
509 831 582 863 aut
603 822 675 877 qui
698 836 784 862 non
821 821 864 861 in
898 820 978 860 illis
1016 821 1139 860 rebus
1169 820 1428 861 exercitatus
1450 820 1581 862 ani-a-

107 890 203 918 mus
221 878 480 934 callerejam
502 879 644 929 debet,
678 889 806 934 atque
838 878 983 918 omnia
1006 877 1180 918 minoris
1200 877 1440 919 aestimare?
1470 878 1542 920 An

107 932 220 976 illius
254 936 390 976 vicem
426 936 592 990 (credo)
625 935 769 981 doles?
808 935 991 981 Quoties
1024 935 1067 974 in
1106 949 1199 975 eam
1229 936 1541 990 cogitationem

106 1004 279 1033 necesse
299 1002 363 1033 est
385 1003 428 1034 et
450 1002 495 1034 tu
519 993 698 1043 veneris,
721 1002 763 1034 et
785 1006 862 1032 nos
884 1006 998 1048 saepe
1028 992 1271 1042 incidimus,
1295 992 1411 1033 hisce
1434 1002 1542 1033 tem-‘-

107 1049 284 1102 poribus
306 1064 392 1091 non
416 1051 597 1106 pessime
618 1064 716 1091 cum
740 1049 790 1090 iis
812 1063 902 1090 esse
924 1058 1082 1100 actum,
1105 1049 1260 1103 quibus
1284 1049 1374 1089 sine
1394 1049 1542 1091 dolore

104 1104 271 1147 licitum
294 1116 358 1148 est
381 1117 561 1148 mortem
585 1121 681 1148 cum
706 1107 795 1147 vita
815 1108 1107 1147 commutare?
1136 1106 1254 1152 Quid
1275 1115 1418 1147 autem
1443 1107 1542 1159 fuit,

106 1163 222 1217 quod
246 1163 360 1204 illam
383 1164 466 1206 hoc
488 1174 681 1219 tempore
702 1163 754 1203 ad
776 1163 1005 1204 vivendum
1031 1177 1188 1218 magno
1210 1177 1338 1217 opere
1360 1163 1542 1205 invitare

105 1223 278 1274 posset?
307 1235 404 1275 quae
427 1223 519 1262 res?
549 1235 646 1275 quae
670 1221 793 1274 spes?
814 1219 930 1274 quod
952 1219 1083 1259 animi
1109 1219 1336 1261 solatium?
1360 1220 1421 1261 Ut
1441 1235 1542 1263 cum

104 1276 248 1331 aliquo
270 1277 539 1318 adolescente
560 1277 764 1332 primario
786 1276 1021 1331 conjuncta
1048 1285 1219 1316 aetatem
1243 1280 1438 1332 gereret?
1472 1278 1545 1318 Li-

103 1332 239 1374 citum
261 1343 325 1374 est
348 1334 426 1375 tibi
459 1334 626 1386 (credo)
655 1348 731 1389 pro
763 1341 838 1374 tua
869 1333 1082 1389 dignitate
1117 1347 1170 1374 ex
1203 1333 1284 1373 hac
1311 1333 1544 1388 juventute

104 1403 311 1445 generum
329 1390 523 1447 diligere,
545 1390 667 1446 cujus
705 1389 804 1430 fidei
835 1389 990 1431 liberos
1022 1399 1118 1431 tuos
1151 1399 1192 1431 te
1223 1398 1317 1431 tuto
1341 1392 1543 1433 commit-

104 1457 193 1488 tere
211 1456 397 1503 putares.
457 1447 527 1489 An
547 1457 594 1489 ut
614 1462 665 1488 ea
690 1446 896 1488 13liberos
918 1461 972 1488 ex
997 1461 1085 1488 sese
1108 1455 1289 1503 pareret,
1311 1463 1418 1504 quos
1441 1464 1542 1490 cum

104 1503 307 1545 florentes
345 1504 524 1556 videret,
561 1505 805 1546 laetaretur?
840 1504 914 1559 qui
952 1518 1041 1545 rem
1074 1520 1100 1545 a
1134 1514 1308 1560 parente
1338 1506 1543 1548 traditam

103 1574 179 1616 per
198 1575 242 1602 se
263 1571 406 1602 tenere
424 1564 624 1617 possent?
648 1560 879 1602 ¹4hon0res
894 1561 1123 1602 ordinatim
1146 1561 1322 1618 petituri
1337 1571 1477 1603 essent
1496 1563 1542 1604 in

102 1618 350 1674 republica?
381 1618 426 1659 in
455 1620 692 1660 amicorum
730 1619 915 1673 negotiis
951 1618 1149 1660 libertate
1186 1633 1262 1660 sua
1298 1623 1541 1662 uterentur?

105 1674 223 1721 Quid
260 1675 414 1716 horum
454 1675 552 1727 fuit,
587 1675 704 1731 quod
737 1689 824 1716 non
850 1678 885 1706 ¹5
900 1676 1032 1731 prius,
1064 1690 1191 1730 quam
1232 1676 1381 1717 datum
1414 1686 1539 1727 esset,

102 1732 321 1782 ademtam
344 1732 422 1774 sit?
482 1731 542 1774 At
563 1747 663 1773 vero
694 1731 854 1772 malum
886 1742 950 1772 est
979 1732 1134 1774 liberos
1166 1732 1377 1774 amittere.
1438 1734 1540 1775 Ma·-

100 1789 214 1831 lum:
250 1789 287 1820 ¹6
301 1789 381 1830 nisi
403 1790 526 1846 pejus
548 1790 617 1840 sit,
640 1789 737 1830 haec
759 1788 934 1830 sufferre
967 1799 1010 1830 et
1043 1789 1224 1845 perpeti.
1287 1792 1322 1824 17
1339 1791 1450 1837 Quae
1472 1807 1539 1832 res

101 1846 208 1887 mihi
240 1861 325 1888 non
355 1847 613 1888 mediocrem
647 1846 984 1887 consolationem
1008 1846 1167 1898 attulit,
1192 1847 1287 1888 volo
1319 1848 1397 1888 tibi
1420 1863 1541 1890 com-

100 1917 352 1955 memorare,
375 1905 408 1944 si
441 1903 552 1945 forte
580 1903 728 1945 eadem
762 1918 826 1944 res
850 1904 928 1944 tibi
950 1904 1142 1945 minuere
1174 1903 1365 1946 dolorem
1388 1907 1539 1961 possit.

101 1959 169 2001 Ex
192 1959 298 2001 Asia
317 1960 498 2012 rediens,
519 1975 618 2003 cum
651 1961 706 2001 ab
734 1960 896 2016 AEgina
930 1960 1158 2016 Megaram
1195 1975 1338 2003 versus
1362 1963 1541 2019 naviga-

97 2031 203 2070 rem,
233 2017 350 2075 coepi
385 2018 582 2075 regiones
616 2018 896 2060 circumcirca
931 2018 1189 2074 prospicere.
1221 2028 1321 2074 post
1351 2034 1419 2061 me
1449 2029 1541 2062 erat

890 2163 927 2191 14
964 2161 1094 2190 honores
1128 2159 1307 2190 ordinatim
1341 2171 1377 2202 p.
1408 2163 1453 2203 e.]
1479 2164 1540 2195 Est

840 2201 993 2233 Graecum
1009 2202 1148 2239 καθεξῆς.
1171 2212 1210 2232 eo
1233 2203 1330 2233 verbo
1355 2210 1389 2236 et
1414 2207 1542 2238 Brutus

838 2244 873 2274 in
888 2245 983 2285 epist.
998 2253 1075 2274 usus
1090 2250 1152 2281 est,
1167 2243 1223 2274 sed
1237 2250 1351 2276 tamen
1363 2247 1475 2285 aliter,
1498 2256 1540 2280 ut

837 2291 1024 2326 opponatur
1054 2288 1096 2326 «τῷ
1116 2287 1253 2326 passim.
1296 2289 1377 2319 Mox
1398 2292 1449 2320 uti
1471 2300 1540 2321 non

95 2163 164 2190 est:
187 2162 266 2200 quia
273 2169 328 2199 pr.
344 2165 375 2190 et
377 2159 583 2200 familiares,
593 2169 656 2200 per
670 2169 745 2199 quos
758 2168 799 2190 ea

96 2212 124 2232 c.
153 2202 186 2232 d.
212 2203 272 2242 ipsi
291 2212 326 2242 p.
356 2204 431 2233 mol.
455 2202 661 2244 afficiuntur.
692 2211 796 2241 neque

96 2253 173 2275 vero
202 2248 282 2274 sunt
310 2244 390 2274 certi
410 2245 597 2285 propinqui,
629 2254 686 2284 per
714 2252 794 2282 quos

96 2285 278 2317 consolatio
292 2286 361 2316 fieri
385 2285 500 2317 debeat
513 2299 522 2317 ι
546 2286 602 2317 sed
618 2295 667 2316 res
694 2286 794 2327 perti—

97 2333 155 2359 net
169 2327 209 2358 ad
224 2337 349 2358 omnes.

142 2373 178 2400 13
201 2371 314 2401 liberos
327 2380 367 2400 ex
387 2379 452 2400 sese
467 2370 616 2410 pareret]
644 2368 724 2400 Haec
745 2374 796 2400 est

95 2411 194 2443 lectio
209 2411 281 2443 edd.
300 2417 381 2443 vett.
404 2417 482 2442 ante
499 2413 625 2443 Victor.
647 2417 682 2442 et
697 2412 796 2442 libro-

96 2464 170 2484 rum
210 2463 273 2484 scr.
312 2454 542 2494 plerorumque
553 2466 562 2484 2
607 2459 796 2484 nostrorum

97 2496 225 2536 quidem
241 2497 399 2526 omnium.
438 2497 603 2527 Victorius
618 2496 718 2527 edidit
729 2506 794 2535 pa-

95 2541 188 2568 raret
201 2548 219 2568 e
234 2539 424 2578 quibusdam
448 2539 526 2569 Mss.
541 2537 628 2578 quod
642 2543 677 2569 et
706 2538 792 2568 Geb-

96 2579 216 2610 hardus
231 2580 387 2618 defendit,
397 2586 432 2611 et
444 2581 478 2611 in
493 2580 542 2612 ed.
555 2590 606 2620 pr.
619 2590 686 2611 esse
699 2580 791 2610 dicit.

97 2631 194 2663 quam
206 2622 258 2653 ed.
275 2632 325 2662 pr.
337 2622 437 2660 dicat,
453 2624 578 2653 nescio:
595 2623 713 2653 namin
722 2631 793 2652 om-

96 2664 190 2694 nibus
196 2668 331 2703 pareret
348 2666 467 2705 reperi.
483 2675 608 2705 parare
621 2665 733 2695 liberos
753 2663 793 2694 de

94 2705 216 2737 femina
230 2705 291 2736 dici
299 2715 365 2737 non
377 2711 496 2747 potest.
518 2707 627 2738 Mares
641 2706 704 2737 dici
718 2715 792 2747 pos-

95 2751 172 2783 sunt
182 2756 295 2787 parare
306 2748 425 2779 liberos
435 2759 453 2779 e
467 2748 600 2786 femina,
617 2758 684 2778 non
697 2749 792 2779 femi-

97 2797 150 2818 nae
161 2798 200 2819 ex
214 2797 293 2820 sese.
317 2790 433 2830 Itaque
447 2800 498 2821 me
511 2797 591 2830 puto
604 2796 692 2823 recte
704 2796 791 2822 vete-

94 2838 163 2860 rem
178 2829 353 2863 lectionem
367 2833 559 2864 restituisse.

154 2884 262 2914 vol..
285 2885 363 2924 ut.
389 2887 430 2916 Ρ.
456 2885 487 2915 1.

838 2327 950 2366 habet,
967 2328 1053 2359 unde
1069 2328 1225 2369 pendeat:
1249 2338 1325 2361 nam
1351 2332 1391 2362 ad
1409 2337 1540 2371 possent

839 2370 970 2409 referre,
997 2370 1108 2401 durius
1131 2375 1193 2401 est.
1238 2371 1445 2405 Guilielmius
1459 2385 1537 2405 con-

831 2413 968 2451 jiciebat
983 2415 1088 2443 usuri.
1132 2412 1196 2443 Ms.
1214 2413 1276 2444 Gu.
1292 2415 1363 2447 edd.
1379 2420 1457 2448 ante
1481 2418 1540 2448 Vi.

839 2455 980 2485 ctorium
1007 2455 1083 2486 inde
1120 2465 1140 2486 a
1179 2455 1314 2488 Mediol.
1352 2463 1536 2497 uterentur,

836 2497 922 2535 quod
938 2497 1078 2528 restitui.

882 2542 917 2570 15
938 2541 1033 2578 prius
1046 2549 1145 2579 quam
1160 2539 1277 2570 datum
1292 2546 1350 2579 est,
1367 2543 1537 2574 ademtam

833 2580 890 2620 sit]
916 2581 1129 2612 Scribendum
1146 2582 1262 2612 datum
1278 2588 1366 2614 esset.

882 2623 917 2653 16
939 2624 1002 2654 nisi
1031 2625 1087 2654 hoc
1107 2622 1204 2665 pejus
1227 2624 1284 2664 sit]
1321 2626 1437 2656 Delevi
1464 2629 1535 2666 hoc,

835 2665 922 2704 quod
936 2670 970 2695 et
985 2665 1076 2696 abest
1091 2665 1141 2696 ed.
1159 2665 1247 2696 Med.

882 2710 917 2741 17
934 2707 1019 2748 ‚Quae
1031 2707 1253 2746 res—attulit]
1278 2708 1468 2748 Legendum
1482 2715 1535 2742 ae-

835 2750 959 2779 tulerit.
981 2749 1109 2781 Vitium
1123 2760 1141 2783 e
1158 2751 1367 2790 compendio,
1384 2756 1421 2783 ut
1435 2761 1534 2795 saepe,

835 2796 946 2821 ortum
961 2796 1024 2822 est.

804 2887 833 2915 G
