1860 3228
385 59 462 97 AD
486 57 865 99 TORQUATUM
891 58 964 96 ET
990 58 1270 97 CETEROS.
1468 68 1541 102 143

119 174 237 217 spem
260 162 404 204 salutis
425 162 706 212 ostenderem,
738 162 819 203 nisi
842 176 969 216 quam
991 161 1045 201 ab
1069 161 1161 216 ipsa
1181 162 1415 217 republica,
1441 180 1541 209 eum

119 218 190 260 hic
210 220 334 262 ardor
356 219 580 260 restinctus
603 228 728 269 esset,
755 219 912 275 sperari
939 226 1137 273 oportere
1163 232 1393 261 censerem,
1455 222 1539 263 Re-

118 276 292 317 cordare
315 285 406 317 tuas
428 275 602 325 litteras,
625 275 780 330 quibus
799 285 842 316 et
864 289 1068 330 magnum
1091 276 1280 316 animum
1303 276 1408 316 mihi
1432 292 1540 318 sem-

116 346 192 387 per
224 333 461 382 ostendisti,
493 340 536 372 et
563 332 615 372 ad
643 345 790 372 omnes
825 346 946 372 casus
976 331 1172 371 ferendos
1201 342 1468 374 constantem
1490 350 1539 376 ac

115 400 336 442 paratum:
367 388 479 444 quod
511 401 593 443 ego
623 403 708 429 non
732 389 930 437 mirabar,
963 403 1058 428 cum
1091 389 1345 440 recordarer,
1375 399 1416 431 te
1444 401 1485 431 et
1515 407 1540 433 a

117 446 263 499 primis
286 445 548 501 temporibus
568 445 708 486 aetatis
726 445 767 486 in
786 445 1004 501 republica
1021 458 1110 485 esse
1131 455 1356 498 versatum,
1380 457 1422 488 et
1445 456 1539 488 tuos

114 503 386 557 magistratus
410 502 450 541 in
475 501 566 558 ipsa
586 502 833 543 discrimina
850 501 1049 543 incidisse
1068 501 1229 553 salutis,
1252 502 1539 545 fortunarum-

113 573 196 612 que
216 559 533 600 communium:
559 569 602 599 et
623 558 666 599 in
690 559 771 600 hoc
795 559 932 614 ipsum
954 557 1110 599 bellum
1127 558 1168 589 64
1180 573 1270 600 esse
1287 560 1539 616 ingressum,

114 629 198 655 non
222 615 373 666 solum,
406 616 467 656 uti
500 615 651 667 victor,
684 617 856 667 beatus,
887 615 927 645 65
941 615 1012 655 sed
1044 615 1190 666 etiam,
1221 626 1282 667 ut,
1315 619 1346 658 si
1380 618 1441 659 ita
1470 633 1540 660 ac-

112 671 298 722 cidisset,
322 672 473 723 victus,
496 673 663 728 sapiens
684 687 809 713 esseS.
872 671 1055 722 Deinde,
1084 686 1182 713 cum
1207 674 1395 715 studium
1419 685 1540 717 tuum

112 742 337 769 consumas
368 730 411 770 in
447 729 634 770 virorum
668 728 844 770 fortium
877 728 1001 770 factis
1039 729 1257 771 memoriae
1296 732 1540 787 prodendiS,

110 785 377 826 considerare
417 787 561 837 debes,
604 785 710 826 nihil
751 786 827 827 tibi
862 800 952 826 esse
983 786 1356 839 committendum,
1391 804 1542 845 quam-

110 842 259 883 obrem
277 857 439 894 eorum,
461 858 568 898 quos
587 843 748 894 laudas,
770 852 811 884 te
832 857 916 884 non
933 842 1195 884 simillimum
1218 845 1430 899 praebeas.,
1457 845 1541 888 Sed

112 897 206 940 haec
232 901 369 941 oratio
392 901 529 956 magis
551 909 661 941 esset
681 909 782 956 apta
802 900 854 940 ad
879 899 948 940 illa
970 908 1176 954 tempora,
1206 915 1303 956 quae
1318 902 1412 956 jam
1434 903 1542 945 effu-

111 955 228 1011 gisti.
261 956 390 998 Nunc
413 972 512 997 vero
536 967 702 998 tantum
726 966 767 997 te
790 971 891 1013 para
913 957 964 998 ad
989 956 1081 997 haec
1100 958 1324 999 nobiscum
1344 959 1539 1003 ferenda:

109 1013 265 1066 quibus
288 1027 370 1069 ego
393 1014 426 1054 si
449 1029 577 1069 quam
598 1014 855 1055 medicinam
875 1014 1124 1064 invenirem,
1149 1014 1227 1055 tibi
1250 1030 1422 1072 quoque
1442 1033 1542 1058 ean-

110 1069 208 1110 dem
227 1071 450 1111 traderem.
511 1071 594 1111 Sed
616 1080 681 1111 est
703 1085 833 1111 unum
859 1070 1119 1126 perfugium,
1139 1071 1337 1114 doctrina
1358 1089 1406 1115 ac
1428 1074 1543 1116 litte-

111 1139 185 1177 rae,
213 1127 368 1181 quibus
398 1141 562 1182 semper
584 1127 646 1168 usi
671 1142 839 1168 sumus:
872 1142 968 1182 quae
992 1128 1189 1170 secundis
1212 1130 1336 1170 rebus
1358 1131 1542 1173 delecta-

114 1183 276 1224 tionem'
304 1185 432 1225 modo
456 1183 610 1224 habere
632 1184 901 1234 videbantur,
932 1197 1045 1223 nunc
1070 1199 1168 1224 vero
1196 1185 1323 1226 etiam
1348 1187 1541 1230 salutem.

113 1240 211 1290 Sed,
244 1251 291 1281 ut
320 1240 373 1282 ad
405 1241 575 1281 initium
607 1249 808 1291 revertar,
839 1254 944 1281 cave
974 1240 1159 1291 dubites,
1190 1242 1295 1296 quin
1325 1245 1471 1285 omnia
1491 1246 1543 1286 de

111 1296 246 1338 salute
266 1312 317 1338 ac
340 1297 476 1338 reditu
501 1306 574 1338 tuo
597 1296 788 1352 perfecta
809 1297 909 1337 sint.

621 1386 731 1423 ARG
737 1386 965 1424 UMENTU
967 1387 1024 1424 M.

107 1450 258 1486 Solatur
276 1450 468 1497 Ligarium
485 1450 650 1489 exsulem,
671 1461 820 1497 eumque
846 1451 930 1485 bene
951 1461 1096 1498 sperare
1112 1449 1230 1497 jubet,
1259 1465 1314 1495 ae,
1341 1458 1383 1490 ut
1407 1456 1544 1493 interea

139 1501 241 1551 forti
259 1505 380 1537 animo
397 1504 460 1544 sit,
479 1502 659 1537 hortatur.
699 1501 847 1550 Scripta
862 1507 945 1549 post
963 1501 1180 1550 Africanum
1199 1505 1329 1540 bellum
1346 1508 1498 1545 videtur.

557 1567 790 1610 CICERO
824 1567 1102 1611 LIGARIO.

111 1625 257 1678 ETSI
282 1636 354 1678 tali
377 1648 451 1676 tuo
475 1646 667 1692 tempore
689 1651 770 1686 me,
803 1646 877 1677 aut
897 1637 1162 1688 consolandi,
1185 1639 1455 1695 antjuvandi
1478 1645 1541 1687 tui
1578 1641 1585 1648 ’

107 1709 248 1745 causa,
277 1693 461 1734 scribere
484 1693 537 1734 ad
560 1703 602 1734 te
624 1693 780 1748 aliquid
807 1708 884 1749 pro
906 1704 1052 1734 nostra
1073 1696 1266 1737 amicitia
1285 1701 1539 1754 oportebat:

108 1760 251 1793 tamen
283 1749 425 1791 adhuc
459 1750 501 1791 id
541 1764 627 1791 non
659 1750 868 1802 fecemm3
900 1751 1001 1806 quia
1033 1766 1170 1807 neque
1201 1753 1332 1795 lenire
1365 1757 1541 1800 videbar

106 1808 315 1859 oratione,
345 1821 484 1862 neque
513 1806 653 1848 levare
687 1821 810 1863 posse
831 1807 1022 1848 dolorem
1045 1819 1181 1850 tuum.
1244 1809 1403 1854 Postea
1425 1829 1540 1868 vero,

106 1880 234 1920 quam
258 1879 459 1921 magnam
483 1878 602 1920 spem
621 1864 777 1905 habere
795 1864 928 1921 coepi,
951 1864 1057 1916 fore,
1081 1875 1126 1906 ut
1146 1875 1187 1908 te
1207 1868 1325 1909 brevi
1346 1878 1541 1928 tempore

105 1922 361 1963 incolumem
387 1920 664 1963 haberemus:
697 1921 837 1962 facere
866 1936 952 1962 non
983 1924 1120 1978 potui,
1150 1924 1254 1979 quin
1277 1926 1356 1966 tibi
1378 1938 1422 1969 et
1445 1944 1540 1971 sen-

105 1979 286 2020 tentiam
316 1987 359 2019 et
381 1978 645 2019 voluntatem
675 1978 933 2019 declararem
966 1994 1119 2021 meam.
1182 1981 1372 2024 Primum
1406 1986 1540 2042 igitur

106 2036 304 2086 scribam,
326 2035 442 2091 quod
464 2035 659 2092 intelligo
677 2044 721 2076 et
737 2036 965 2092 perspicio,
988 2050 1073 2077 non
1091 2036 1183 2078 fore
1202 2039 1243 2078 in
1262 2047 1304 2080 te
1321 2039 1539 2086 Caesarem

105 2093 333 2134 duriorem.
365 2107 463 2133 nam
485 2101 530 2133 et
551 2107 614 2133 res
637 2107 732 2133 eum
755 2093 964 2148 quotidie,
986 2102 1030 2134 et
1049 2093 1155 2145 dies,
1177 2095 1217 2126 66
1231 2105 1274 2136 et
1290 2099 1439 2154 opinio
1459 2101 1538 2144 ho-

106 2150 286 2200 minum,
304 2158 362 2200 et,
380 2160 428 2190 ut
448 2149 552 2191 mihi
574 2149 755 2199 videtur,
769 2150 896 2190 etiam
917 2164 992 2191 sua
1010 2159 1163 2192 natura
1181 2153 1394 2196 mitiorem
1410 2156 1538 2201 facit:

106 2207 235 2263 idque
257 2220 355 2248 cum
377 2205 430 2247 de
453 2205 626 2261 reliquis
656 2206 810 2258 sentio,
841 2216 931 2248 tum
954 2207 1007 2248 de
1030 2216 1072 2248 te
1093 2209 1224 2250 etiam
1246 2212 1375 2254 audio
1397 2228 1452 2256 ex
1475 2215 1540 2258 fa-

101 2369 189 2400 enim
204 2366 394 2398 Gebhardus
409 2365 573 2404 edidisset,
597 2366 683 2406 quod
705 2367 740 2397 in
758 2366 798 2397 li-

102 2412 168 2442 bris
197 2419 264 2440 non
289 2410 472 2450 reperisset.
500 2407 556 2439 alii
580 2410 798 2449 exploratam,

101 2453 187 2493 quod
196 2457 231 2483 et
241 2452 403 2483 revocavit
416 2451 574 2488 Graevius,
587 2451 688 2482 etiam
700 2452 800 2492 expli-

103 2499 226 2531 catum,
249 2499 289 2525 ut
312 2493 363 2524 ed.
385 2493 474 2524 Med.
501 2493 586 2523 forte
605 2494 651 2523 sic
674 2494 800 2525 Cicero.

103 2536 190 2568 {llud
205 2536 335 2576 quidem
351 2539 385 2566 et
400 2536 507 2576 ipsum
527 2539 667 2573 rectum,
689 2536 744 2566 sed
765 2541 800 2566 et

101 2579 293 2618 exquisitius
306 2581 368 2609 est.

143 2621 185 2651 64
205 2629 268 2651 esse
280 2617 479 2659 ingressum]
505 2618 569 2649 Hic
583 2623 614 2650 te
628 2619 801 2650 desiderari

103 2668 226 2703 potest:
243 2662 298 2693 sed
312 2661 452 2702 intelligi
465 2672 483 2691 e
497 2661 715 2701 superioribus
728 2667 802 2702 pot-

102 2706 173 2744 est3
210 2713 408 2744 quamquam
445 2703 510 2734 alia
543 2705 799 2734 constructionis

104 2746 208 2778 forma
223 2747 394 2786 interjecta
408 2750 470 2776 est.

146 2788 185 2818 65
206 2787 261 2818 ced
281 2789 392 2825 etiam,
415 2792 466 2825 ut,
487 2788 514 2818 si
529 2788 578 2819 ita
593 2797 659 2819 acc.
678 2788 797 2826 vietus,

841 2369 879 2398 ut
892 2366 1020 2408 sapiens
1034 2369 1126 2409 esses]
1150 2370 1359 2404 Alterutrum
1377 2380 1415 2406 ut
1429 2376 1541 2409 delen-

842 2409 919 2441 dum
939 2415 1000 2442 est.
1043 2411 1158 2443 Delevi
1179 2417 1353 2454 posterius,
1376 2421 1414 2448 ut
1436 2429 1541 2451 mem·

841 2451 938 2482 brum
960 2452 1022 2483 hoc
1043 2459 1128 2484 esset
1149 2456 1255 2487 simile
1277 2459 1396 2498 priori:
1420 2461 1474 2490 ubi
1490 2467 1542 2493 est

841 2495 893 2524 uti
906 2495 1018 2526 victor.
1040 2495 1173 2527 mollior
1186 2503 1300 2530 tamen
1314 2501 1444 2531 auribus
1461 2504 1541 2534 meis

842 2535 926 2566 foret
942 2537 1060 2575 oratio,
1075 2537 1183 2569 deleto
1198 2541 1310 2581 priori.
1355 2543 1418 2573 Pro
1431 2550 1540 2583 poste-

844 2578 920 2608 riori
936 2583 975 2609 ut
987 2579 1058 2611 edd.
1072 2590 1122 2620 pr.
1137 2580 1262 2613 habent
1275 2588 1317 2614 et.

886 2621 928 2651 66
948 2625 979 2651 et
1000 2623 1104 2662 opinio
1119 2625 1302 2664 hominum]
1327 2625 1415 2657 Alias
1429 2628 1542 2661 existi-

845 2663 948 2693 matio
961 2663 1143 2696 hominum.
1166 2666 1258 2697 nolet
1272 2667 1420 2699 homines
1441 2669 1480 2701 de
1495 2679 1543 2711 se,

842 2708 880 2735 ut
895 2705 1031 2754 crudeli,
1053 2706 1147 2746 duro,
1170 2708 1369 2749 implacabili
1386 2711 1453 2743 viro
1472 2715 1542 2755 opi—

841 2756 926 2778 nari.
