1860 3228
397 79 477 118 AD
502 77 558 115 Μ.
583 74 837 114 MARIUM
862 72 937 111 ET
966 72 1242 114 CETEROS.
1460 89 1532 126 153

107 181 209 223 novi
231 182 428 224 vidimus.
490 174 718 221 Extremus
750 176 1074 234 elephantorum
1111 177 1200 219 dies
1235 177 1344 224 fuit:
1377 185 1420 226 in
1447 203 1532 243 quo

109 239 333 281 admiratio
364 252 520 294 magna
543 235 654 291 vulgi
688 244 817 289 atque
839 234 992 284 turbae,
1014 233 1242 277 delectatio
1265 238 1380 281 nulla
1400 247 1534 286 exsti-

108 296 174 338 tit.
203 297 305 352 quin
337 296 467 336 etiam
500 292 791 334 misericordia
810 291 1008 346 quaedam
1041 303 1273 335 consecuta
1303 306 1382 349 est,
1405 309 1533 355 atque

108 354 256 408 opinio
288 350 514 409 ejusmodi,
546 363 637 390 esse
666 348 881 404 quandam
914 347 971 388 illi
1008 348 1159 391 belluae
1197 354 1344 394 ¹0cum
1377 369 1532 411 genere

108 409 295 452 humano
317 409 580 451 societatem.
641 405 724 447 His
746 420 828 461 ego
853 414 996 446 tamen
1017 406 1183 458 diebus,
1206 408 1314 450 ludis
1337 414 1576 468 scenicis,b.

108 480 162 507 ne
184 466 293 508 forte
314 465 457 507 videar
479 464 558 505 tibi
580 478 666 504 non
689 464 818 504 modo
841 463 1004 513 beatus,
1026 464 1098 505 sed
1132 463 1239 506 liber
1260 469 1438 510 omnino
1467 471 1535 515 fu·

109 523 203 574 isse,
226 523 364 578 dirupi
390 535 457 562 me
479 535 601 576 paene
623 521 665 561 in
682 520 852 576 judicio
873 519 987 561 Galli
1009 519 1196 573 Caninii,
1216 522 1435 568 familiaris
1456 530 1533 571 tui.

112 580 278 626 Quodsi
303 588 389 620 tam
411 578 581 620 facilem
614 577 819 633 populum
849 577 1068 629 haberem,
1089 593 1216 633 quam
1240 580 1428 640 AEsopus
1458 585 1534 627 ha-

110 637 227 678 buit:
261 635 441 677 libenter
485 634 726 676 mehercule
757 643 891 675 artem
925 634 1176 687 desinerem,
1216 646 1457 696 tecumque,
1490 653 1534 684 et

109 707 206 734 cum
222 692 429 734 similibus
452 692 586 734 nostri
605 692 805 732 viverem.
838 691 951 732 Nam
975 705 1042 732 me
1063 706 1161 734 cum
1183 703 1309 736 antea
1331 700 1533 751 taedebat,

106 764 204 790 cum
232 758 275 791 et
302 759 405 791 aetas
440 759 483 790 et
517 749 698 790 ambitio
727 763 795 789 me
830 747 1126 800 hortabantur,
1157 760 1199 791 et
1228 751 1386 795 licebat
1414 757 1534 798 deni-

106 821 203 861 que,
222 821 350 862 quem
372 807 586 858 nolebam,
608 821 694 847 non
716 805 966 847 defendere:
1001 816 1089 847 tum
1115 822 1213 849 vero
1236 809 1318 851 hoc
1342 821 1534 870 tempore

107 863 195 904 vita
228 864 342 905 nulla
372 873 450 905 est.
512 864 665 919 Neque
690 863 805 904 enim
835 862 1022 904 fructum
1057 863 1189 906 ullum
1210 866 1368 909 laboris
1389 884 1443 911 ex
1468 871 1534 913 his

105 930 310 977 exspecto
332 938 340 962 :
372 931 416 962 et
437 935 570 977 cogor
591 934 913 975 nonnumquam
950 920 1143 962 homines
1175 937 1262 965 non
1297 927 1462 981 optime
1482 929 1535 971 de

106 992 175 1019 me
196 978 385 1029 meritos,
408 987 561 1034 rogatu
583 992 746 1028 eorum,
768 978 841 1032 qui
867 978 972 1018 bene
994 979 1134 1020 meriti
1157 991 1269 1032 sunt,
1292 983 1533 1028 defendere.

108 1033 260 1090 Itaque
292 1050 438 1090 quaero
477 1050 625 1076 causas
664 1049 812 1076 omnes
849 1034 1078 1090 aliquando
1114 1036 1285 1080 vivendi
1325 1042 1535 1084 arbitratu

107 1106 228 1144 meo;
260 1101 401 1148 teque,
423 1101 467 1134 et
496 1093 621 1133 istam
653 1092 863 1133 rationem
894 1093 970 1133 otii
994 1095 1072 1144 tui,
1094 1104 1137 1134 et
1158 1094 1285 1137 laudo
1309 1098 1536 1141 vehemen-

107 1157 185 1200 ter,
206 1158 249 1190 et
271 1150 407 1205 probo
429 1166 438 1191 :
470 1150 671 1205 quodque
701 1163 779 1190 nos
809 1149 950 1189 minus
976 1150 1204 1203 intervisis,
1227 1153 1310 1195 hoc
1332 1154 1423 1197 fero
1446 1158 1537 1199 ani-

108 1220 179 1246 mo
202 1207 404 1261 aequiore,
425 1207 555 1262 quod,
579 1209 610 1246 si
646 1205 799 1246 Romae
820 1219 946 1257 esses,
969 1216 1112 1247 tamen
1135 1222 1272 1264 neque
1294 1226 1371 1252 nos
1393 1213 1537 1269 lepore

108 1272 198 1313 tuo,
222 1277 358 1318 neque
389 1273 430 1304 te
451 1264 505 1316 (si
530 1263 604 1318 qui
637 1272 701 1303 est
736 1262 777 1302 in
811 1265 1016 1313 me)111e0
1048 1263 1133 1304 frui
1166 1265 1326 1319 liceret,
1363 1279 1538 1326 propter

107 1319 428 1360 molestissimas
457 1319 764 1375 occupationes
796 1333 942 1372 meas3
974 1321 1130 1376 quibus
1161 1323 1195 1363 si
1231 1338 1300 1365 me
1328 1327 1537 1379 relaxaro,

106 1381 239 1429 (nam,
273 1384 320 1417 ut
356 1376 480 1432 plane
516 1376 752 1428 exsolvam,
785 1391 870 1417 non
906 1377 1112 1433 postulo,)
1145 1388 1187 1421 te
1219 1380 1376 1436 ipsum,
1414 1386 1539 1440 llqui

104 1433 263 1475 multos
300 1449 434 1475 annos
472 1433 582 1475 nihil
619 1433 734 1475 aliud
770 1436 1089 1487 commentaris,
1125 1437 1290 1480 docebo
1327 1441 1538 1495 profecto,

106 1491 209 1545 quid
241 1491 296 1531 sit
331 1490 574 1532 humaniter
596 1491 752 1532 vivere.
815 1490 930 1532 12Τι1
965 1492 1072 1534 mihi
1104 1495 1233 1535 modo
1255 1496 1380 1538 istam
1404 1499 1541 1540 imbe-

106 1547 329 1589 cillitatem
355 1548 598 1589 valitudinis
623 1557 708 1589 tuae
731 1556 923 1589 sustenta
943 1558 987 1589 et
1009 1559 1141 1602 tuere,
1162 1561 1210 1592 ut
1241 1551 1362 1606 facis,
1384 1564 1433 1596 ut
1461 1571 1540 1598 no-

106 1614 213 1645 stras
235 1604 354 1646 villas
376 1605 511 1656 obire,
533 1615 576 1646 et
596 1619 762 1646 mecum
788 1605 914 1646 simul
943 1606 1141 1648 lecticula
1167 1623 1420 1653 concursare
1442 1628 1542 1670 pos-

107 1661 178 1702 sis.
240 1661 353 1703 Haec
382 1663 435 1703 ad
470 1673 510 1703 te
541 1662 732 1718 pluribus
765 1664 904 1704 verbis
936 1664 1102 1721 scripsi,
1132 1680 1261 1721 quam
1292 1669 1422 1721 soleo,
1453 1685 1541 1712 non

109 1718 186 1759 otii
220 1719 499 1771 abundantia,
524 1719 596 1760 sed
628 1719 785 1760 amoris
815 1734 918 1776 erga
938 1729 994 1773 te,
1016 1723 1132 1777 quod
1154 1737 1223 1764 me
1244 1726 1429 1779 quadam
1451 1729 1543 1783 epi-

108 1775 218 1817 stola
240 1776 540 1828 subinvitaras,
561 1776 594 1817 si
618 1779 824 1819 memoria
849 1787 981 1829 tenes,
1002 1789 1048 1820 ut
1071 1780 1124 1821 ad
1147 1789 1189 1821 te
1209 1780 1372 1837 aliquid
1392 1784 1542 1840 hujus-

108 1833 228 1874 modi
248 1834 493 1886 scriberem,
514 1848 601 1890 quo
623 1834 764 1875 minus
788 1843 828 1875 te
852 1837 1174 1891 praetermisisse
1202 1838 1324 1880 ludos
1355 1843 1544 1896 poenite-

109 1900 187 1932 ret.
249 1891 380 1937 Quod
412 1892 447 1932 si
482 1900 700 1933 assecutus
736 1907 846 1942 sum,
869 1893 1061 1948 gaudeo:
1094 1894 1159 1935 sin
1180 1896 1338 1948 minus,
1364 1898 1448 1940 hoc
1477 1915 1543 1941 me

110 1957 253 1988 tamen
293 1948 506 2000 consolor,
548 1949 664 2004 quod
703 1949 884 2005 posthac
925 1951 978 1991 ad
1019 1951 1142 1992 ludos
1180 1954 1340 2006 venitm,
1380 1971 1544 2012 nosque

107 2004 249 2056 vises;
284 2019 422 2060 neque
454 2006 498 2046 in
527 2005 721 2061 ep1stolis
752 2006 964 2062 relinques
988 2009 1094 2050 meis
1123 2024 1241 2065 spem
1265 2011 1451 2068 aliquam
1472 2004 1653 2056 de-P·9⁶·

106 2061 349 2103 lectationis
372 2072 473 2104 tuae.
533 2063 654 2104 Vale.
1556 2058 1587 2077 a’

620 2140 1025 2180 ARGUMENTUM.
1554 2132 1582 2169 2

109 2206 291 2242 Emtionis
306 2206 502 2251 negotium,
521 2205 589 2240 sibi
607 2205 833 2247 mandat-um,
848 2210 934 2253 post
940 2205 1045 2252 jocos
1066 2208 1167 2255 (nam
1185 2214 1221 2244 et
1238 2211 1314 2258 ipse
1331 2212 1425 2249 inter
1443 2213 1542 2250 here-

163 2259 223 2293 des
242 2258 413 2293 bonorum
431 2261 523 2299 erat,
541 2269 619 2304 quae
636 2258 706 2292 emi
723 2257 863 2293 volebat
878 2257 1054 2302 Marius)
1076 2261 1270 2308 diligenter
1280 2274 1319 2298 se
1331 2269 1543 2303 curaturum

162 2311 262 2346 dicit.
299 2309 446 2344 Deinde
462 2310 652 2356 respondet
667 2309 914 2356 gratulationi
932 2311 975 2346 de
992 2311 1133 2348 Planco
1150 2313 1284 2357 Bursa,
1303 2318 1380 2363 qui,
1401 2317 1542 2355 Cicero-

162 2374 206 2397 ne
224 2365 426 2402 accusante,
446 2361 639 2397 damnatus
659 2360 800 2409 fuerat,
821 2374 890 2409 quo
899 2360 1043 2408 judicio
1062 2370 1237 2412 quantum
1253 2367 1408 2412 laetetur,
1425 2372 1541 2418 signi-

151 2415 260 2465 ficat,
281 2419 316 2450 et
334 2413 498 2449 Marium
517 2425 658 2462 quoque
673 2414 832 2461 gaudere
840 2413 956 2460 jubet.

153 2525 190 2553 10
204 2533 278 2554 cum
287 2533 325 2562 g.
339 2524 428 2553 hum.
442 2520 639 2560 societatem]
658 2521 679 2554 i.
695 2531 724 2552 e.
740 2531 808 2553 non
896 2525 934 2554 12
958 2523 1011 2554 Tu
1033 2525 1114 2556 milri
1135 2526 1248 2567 istam]
1267 2527 1349 2558 mihi
1363 2532 1413 2559 est
1427 2538 1446 2558 a
1461 2529 1548 2560 Geb-

107 2565 206 2595 modo
221 2565 484 2602 similitudinem,
499 2565 556 2596 sed
569 2565 670 2595 etiam
685 2565 807 2603 συμτά-
849 2565 951 2596 hardo
967 2576 984 2596 e
1003 2567 1082 2598 Mss.
1100 2568 1238 2606 duobus,
1254 2570 1370 2609 quibus
1384 2573 1550 2604 consentit

106 2607 199 2639 θειαν.
215 2607 255 2638 de
270 2618 305 2639 re
317 2616 350 2638 v.
368 2608 492 2638 Plinius
509 2609 553 2639 H.
568 2607 599 2638 N
609 2631 616 2638 .
632 2607 725 2643 VIII,
742 2611 771 2641 7.
849 2608 913 2640 Gu.
926 2611 956 2640 9.
973 2610 1117 2648 positum
1130 2620 1190 2651 pro
1201 2611 1336 2651 vulgato
1346 2612 1449 2650 modo,
1461 2615 1549 2654 quod

155 2653 187 2680 11
213 2651 268 2690 qui
283 2652 401 2680 multos
415 2660 515 2680 annos
531 2649 606 2689 &c.]
631 2649 731 2689 Vulg.
751 2652 809 2689 qui
849 2653 995 2692 reposuit
1010 2653 1168 2683 Graevius.
1210 2653 1298 2684 Ama·
1318 2663 1396 2684 sane
1417 2655 1548 2696 elegan-

107 2692 157 2722 id.
177 2692 268 2723 abest
290 2693 326 2722 id
344 2692 434 2723 libris
458 2693 564 2730 bonis,
587 2693 654 2723 Ms.
677 2702 751 2722 meo
773 2699 808 2723 et
849 2695 915 2724 tius
930 2699 993 2730 est,
1007 2704 1106 2733 quam
1122 2700 1160 2726 ut
1174 2695 1299 2726 librarii
1314 2700 1373 2726 aut
1387 2695 1549 2736 glossato-

109 2733 184 2765 edd.
199 2744 248 2774 pr.
261 2744 400 2774 quorum
414 2734 524 2775 plures
538 2734 661 2766 habent
675 2735 760 2775 quod
771 2744 806 2766 η.
849 2736 892 2766 ris
906 2737 961 2767 sit.
985 2737 1051 2768 Ms.
1071 2747 1162 2767 meus
1171 2737 1271 2767 habet
1285 2741 1476 2779 utrumque:
1496 2740 1548 2774 Tu

109 2785 142 2822 a..
165 2785 192 2806 c.
215 2782 254 2807 ut
275 2777 354 2808 Mss.
377 2777 442 2809 Gu.
465 2778 648 2809 omiserunt
665 2783 700 2808 et
715 2777 806 2808 Grae—
850 2780 931 2810 mihi
947 2780 1058 2810 modo.-
1081 2779 1166 2819 quod
1179 2778 1325 2820 praetuli.

108 2825 188 2848 vius.
