1903 3218
294 88 372 124 254
666 83 847 123 EPIST.
874 83 1058 122 LIBER
1085 83 1356 131 DECIMUS

294 202 446 244 meque
477 188 693 230 communi
727 188 915 244 periculo
946 187 1156 229 offerrem.
1216 187 1466 228 6¹Sciebam
1491 185 1621 237 euim,
1642 185 1720 227 etsi

293 246 460 287 cautius
483 245 584 287 illud
607 256 697 287 erat
720 245 960 295 consilium,
982 254 1232 301 exspectare
1254 259 1320 286 me
1342 243 1395 285 ad
1420 243 1595 294 Isaram,
1619 242 1721 283 dum

295 303 454 345 Brutus
488 303 702 358 trajiceret
733 303 986 350 exercitum,
1016 311 1060 343 et
1089 316 1186 342 cum
1219 301 1384 357 collega
1412 300 1722 350 consentiente,

295 360 425 414 [sicut
448 360 604 401 milites
626 360 826 412 faciunt,]
853 360 1046 400 hostibus
1070 359 1242 403 obviam
1267 360 1350 400 ire:
1384 366 1540 407 tamen,
1564 358 1597 397 si
1619 356 1723 411 quid

296 416 482 473 Lepidus
516 419 622 458 bene
654 417 837 457 sentiens
868 416 1112 456 detrimenti
1146 415 1342 469 cepisset,
1364 414 1448 455 hoc
1471 428 1598 454 omne
1619 414 1723 454 assi-

327 483 474 515 natum
498 474 546 515 iri
571 483 645 514 aut
667 472 912 528 pertinaciae
935 485 1057 521 meae,
1080 482 1154 511 aut
1184 472 1325 513 timori
1350 471 1562 520 videbam,
1585 471 1618 510 si
1650 479 1724 510 aut

294 488 513 572 {ominem
546 529 755 570 offensum
792 528 913 579 mihi,
935 528 1215 582 conjunctum
1248 543 1347 569 cum
1383 528 1614 584 republica,
1636 541 1725 567 non

293 587 594 637 sublevassem,
616 598 690 627 aut
720 587 811 642 ipse
842 600 866 625 a
887 585 1119 625 certamine
1151 584 1247 624 belli
1281 594 1366 625 tam
1398 585 1623 626 necessarii
1654 597 1724 624 me

294 644 582 685 removissem.
645 642 796 698 Itaque
829 641 971 697 potius
1007 641 1235 697 periclitari
1271 641 1400 691 volui,
1433 642 1473 672 62
1487 642 1520 682 si
1556 653 1724 697 possem

294 715 389 742 mea
419 700 646 756 praesentia
675 710 719 740 et
754 699 961 754 Lepidum
994 698 1117 748 tueri,
1137 709 1181 739 et
1210 698 1447 738 exercitum
1474 698 1614 739 facere
1638 711 1724 738 rne-

273 757 457 808 .liorem,
480 772 607 812 quam
630 757 756 797 nimis
783 765 933 796 cautus
957 755 1104 795 videri.
1165 754 1469 794 Sollicitiorem
1499 764 1614 795 certe
1647 754 1723 795 lio-

293 815 468 865 minem,
488 815 528 844 63
540 828 623 854 non
648 813 733 853 suis
756 812 1002 861 contractis,
1025 811 1240 852 neminem
1266 820 1369 866 puto
1392 810 1536 851 fuisse.
1597 811 1725 860 Nam,

292 886 389 926 quae
414 885 475 912 res
499 870 539 901 64
554 870 710 911 nullam
733 869 891 910 habeat
916 868 1247 918 dubitationem,
1272 868 1306 908 si
1328 867 1542 909 exercitus
1575 867 1727 923 Lepidi

293 928 431 969 absit:
464 940 515 967 ea
535 941 649 968 nune
679 940 880 982 maguam
912 925 1036 966 affert
1066 925 1413 976 sollicitudinem,
1436 937 1727 980 magnumque

294 985 424 1026 habet
453 998 613 1024 casum.
676 983 791 1024 Mihi
823 983 936 1024 enim
969 987 1002 1023 si
1034 982 1301 1038 contigisset,
1322 990 1371 1023 ut
1393 982 1509 1038 prior
1530 994 1727 1022 occurre-

295 1056 381 1083 rem
407 1040 615 1092 Antonio,
634 1054 732 1082 ‘non
765 1039 1025 1080 mehercules
1057 1039 1205 1080 horam
1237 1039 1526 1080 constitisset:
1558 1047 1726 1079 tantum

294 1113 375 1154 ego
407 1107 450 1139 et
486 1098 592 1138 mihi
630 1097 819 1148 confido,
850 1097 890 1127 65
904 1107 947 1137 et
981 1096 1192 1152 perculsas
1232 1096 1343 1136 illius
1378 1096 1540 1151 copias,
1574 1094 1724 1135 Venti-

293 1156 439 1210 diique
462 1154 661 1196 mulionis
683 1164 821 1196 castra
843 1153 1049 1210 despicio.
1110 1152 1193 1194 Sed
1225 1167 1311 1193 non
1343 1167 1517 1209 possum
1545 1166 1631 1193 non
1652 1165 1728 1192 ex-

293 1212 552 1263 horrescere,
592 1212 680 1252 6655
723 1211 825 1267 quid
869 1211 981 1251 iutra
1022 1220 1164 1251 cutem
1211 1211 1358 1251 subest
1404 1208 1571 1260 ulceris,
1612 1208 1728 1264 quod

295 1270 411 1325 prius
434 1283 586 1310 nocere
609 1278 765 1324 potest,
787 1282 914 1323 quam
939 1267 1035 1308 sciri
1059 1267 1283 1321 curarique
1306 1266 1455 1323 possit.
1508 1266 1592 1307 Sed
1613 1274 1730 1307 certe

296 1327 378 1368 nisi
406 1341 491 1367 uno
522 1325 617 1367 loeo
648 1340 716 1366 me
747 1334 949 1375 tenerem,
974 1338 1177 1380 magnum
1210 1324 1445 1379 periculum
1479 1323 1568 1380 ipse
1602 1322 1729 1378 Lepi·

295 1383 390 1434 dus,
412 1397 615 1439 magnum
647 1397 697 1423 ea
729 1397 823 1437 pars
853 1382 1067 1422 exercitus
1098 1381 1248 1431 adiret,
1270 1395 1367 1435 quae
1401 1381 1508 1421 bene
1529 1380 1582 1420 de
1605 1394 1730 1435 repu-

297 1439 410 1481 blica
427 1441 572 1481 sentit.
606 1439 816 1495 Magnam
840 1439 969 1479 etiam
993 1438 1148 1493 perditi
1171 1438 1314 1478 hostes
1337 1437 1625 1478 accessionem
1647 1436 1730 1477 sibi

296 1497 513 1549 fecissent,
544 1498 577 1537 si
600 1511 705 1552 quas
736 1497 882 1551 copias
915 1511 940 1536 a
971 1495 1135 1550 Lepido
1165 1494 1490 1535 abstraxissent.
1552 1494 1664 1539 Quae
1695 1493 1731 1534 si

294 1554 504 1595 adventus
534 1568 654 1594 meus
684 1553 946 1608 represserit,
967 1566 1092 1608 agam
1125 1551 1283 1607 gratias
1315 1550 1500 1591 fortunae
1532 1557 1734 1591 constan-

296 1611 455 1667 tiaeque
476 1625 600 1662 meae,
621 1611 770 1666 67quae
792 1610 844 1651 ad
875 1609 986 1650 hanc
1016 1609 1329 1663 experientiam
1359 1607 1583 1648 excitavit.
1644 1605 1732 1648 Ita-

295 1682 379 1723 que
410 1684 448 1710 a.
471 1668 513 1709 d.
543 1682 619 1709 xu
646 1666 828 1708 Kalend.
859 1666 962 1710 Jun.
986 1667 1040 1708 ab
1073 1666 1190 1707 Isara
1209 1675 1350 1707 castra
1379 1664 1521 1706 movi:
1554 1673 1731 1720 pontem

297 1735 457 1776 tamen,
478 1739 607 1780 quern
637 1725 681 1765 in
715 1723 832 1765 Isara
861 1723 1061 1773 feceram,
1092 1723 1274 1765 castellis
1307 1722 1475 1763 duobus
1505 1721 1558 1762 ad
1589 1721 1735 1776 capita

297 1782 466 1838 positis,
503 1781 669 1837 reliqui,
708 1781 992 1837 praesidiaque
1029 1780 1090 1821 ibi
1129 1780 1252 1820 firma
1294 1778 1431 1835 posui,
1464 1787 1512 1819 ut
1543 1777 1733 1819 venienti

299 1838 436 1880 Bruto
457 1838 754 1892 exercituique
775 1839 867 1893 ejus
900 1838 989 1878 sine
1020 1851 1140 1878 mora
1171 1837 1372 1878 transitus
1403 1845 1514 1875 esset
1544 1845 1731 1891 paratus.

296 1896 414 1952 -Ipse,
437 1905 484 1937 ut
505 1910 644 1951 spero,
664 1895 816 1936 diebus
839 1903 953 1945 octo,
976 1895 1132 1950 quibus
1155 1893 1229 1934 has
1257 1894 1420 1933 litteras
1441 1892 1613 1942 dabam,
1633 1905 1731 1933 cum

299 1952 452 2010 Lepidi
474 1953 612 2009 copiis
632 1966 699 1993 me
721 1952 1000 2008 conjungam.

341 2067 379 2097 61
400 2066 550 2098 Sciebam
564 2066 652 2096 enim
669 2065 743 2105 δια]
763 2065 828 2096 Hic
843 2065 934 2095 locus
949 2065 993 2095 sic
1036 2068 1099 2100 est,
1117 2063 1268 2099 habeant,
1287 2064 1334 2093 ita
1356 2062 1451 2093 edidi.
1495 2061 1661 2093 Librarius
1683 2070 1735 2092 res

300 2114 350 2139 est
365 2110 398 2139 in
415 2108 486 2140 edd.
502 2118 551 2148 pr.
567 2112 600 2138 et
616 2108 683 2138 fere
703 2107 784 2138 Mss.
829 2107 900 2147 Ego
915 2107 1000 2138 nihil

301 2152 425 2182 correxi
441 2151 503 2181 nisi
517 2151 575 2180 etsi
587 2150 729 2186 cautius,
743 2159 802 2190 pro
814 2154 844 2180 et
856 2151 997 2181 cautius.

301 2193 456 2225 Alienum
480 2197 530 2223 est
552 2197 586 2222 et
609 2192 787 2222 insititium
802 2193 871 2222 sine
886 2192 996 2228 dubio,

301 2236 384 2266 sicut
399 2236 517 2265 milites
518 2234 670 2274 faciunt,
683 2233 776 2273 idque
788 2234 881 2264 uncis
893 2233 997 2264 iuclu-

302 2278 342 2308 εἰ.
358 2277 437 2308 item
452 2277 612 2307 videbam.
629 2275 779 2315 Denique
792 2277 886 2316 prosi
896 2280 956 2306 aut
970 2277 1000 2306 Ῐι.

303 2324 386 2359 puto
401 2318 576 2356 legendum
591 2319 647 2358 qui
661 2322 721 2348 aut
736 2319 766 2347 h.
783 2328 858 2349 nam
874 2319 919 2348 sic
942 2319 999 2348 ho-

299 2360 411 2392 ‘mines
436 2361 555 2390 dicturi
581 2365 688 2396 erant,
714 2370 793 2396 non,
820 2361 867 2390 ita
889 2360 999 2397 fuisse,

304 2403 411 2434 dicere
426 2402 531 2432 voluit
546 2401 696 2432 Plancus.

346 2446 388 2477 62
409 2445 436 2475 si
452 2453 576 2484 possem
598 2453 671 2474 mea
690 2443 802 2483 precs]
824 2443 970 2473 Graevius
985 2453 1002 2473 e

301 2486 386 2518 'Mss.
400 2487 477 2518 Vat.
495 2488 600 2517 Amst.
611 2490 716 2525 posset
735 2485 848 2515 edidit.
893 2485 945 2515 Sic
967 2491 1001 2516 et

305 2530 370 2561 Ms.
387 2539 477 2560 meus
493 2534 525 2559 et
540 2527 611 2558 edd.
629 2537 677 2568 pr.
695 2528 742 2558 nil
759 2527 866 2557 refert.

347 2573 388 2603 63
412 2581 475 2602 non
488 2571 554 2600 suis
568 2569 757 2608 contractis]
777 2579 805 2598 v.
824 2569 915 2600 Clav.

350 2614 392 2645 64
413 2615 545 2644 nullam
572 2612 707 2642 habebat
731 2612 878 2641 dub.—sz'
904 2621 930 2640 e.
955 2610 996 2640 L.

305 2655 402 2696 absit]
430 2655 584 2686 Habebat
606 2659 641 2685 et
665 2654 751 2684 absit
773 2662 839 2683 non
865 2661 1000 2682 cousen-

304 2698 407 2728 tiunt.
453 2697 491 2728 ln
512 2697 577 2727 Ms.
593 2705 667 2727 meo
682 2699 732 2726 est
746 2695 864 2726 lacuna
878 2694 911 2724 in
928 2703 996 2723 ver-

304 2739 346 2770 bo
361 2740 510 2776 habebat,
524 2748 622 2778 quam
636 2747 754 2768 manus
768 2747 829 2767 sec.
845 2736 999 2776 explevit.

302 2781 370 2811 Aut
406 2782 523 2811 habeat
559 2779 748 2820 legendum,
775 2784 833 2810 aut
867 2779 998 2808 abesset.

303 2823 367 2854 Sed
380 2822 462 2853 illud
484 2821 613 2853 meiius.
657 2822 744 2862 Quia
765 2822 800 2853 in
824 2821 888 2853 Ms.
906 2820 997 2851 Gorl.

1042 2106 1076 2136 in
1093 2105 1211 2145 plurali
1227 2105 1364 2144 accepit.

1082 2148 1122 2178 65
1146 2152 1175 2177 et
1190 2147 1235 2177 sic
1244 2145 1428 2187 perculsas]
1455 2145 1554 2176 Haud
1576 2150 1735 2175 cunctan-

1041 2194 1093 2220 ter
1119 2189 1222 2220 delevi
1246 2191 1303 2219 sic.
1328 2192 1460 2219 tantum
1482 2197 1540 2227 ego
1562 2196 1736 2218 commune

1041 2239 1092 2263 est
1126 2232 1255 2270 utrique
1291 2235 1321 2260 ct
1359 2230 1493 2271 confido,
1525 2234 1556 2260 et
1590 2229 1737 2269 despicio.

1044 2274 1213 2305 Glossator
1229 2272 1365 2309 addidit,
1380 2278 1419 2303 ut
1435 2272 1678 2311 intelligeretur
1697 2270 1736 2301 il-

1043 2316 1100 2346 lud
1125 2320 1258 2347 tantum
1284 2324 1382 2345 seusu
1402 2314 1467 2345 huc
1489 2323 1617 2353 quoque
1638 2313 1738 2353 perti-

1043 2369 1131 2389 nere.
1177 2358 1214 2388 Iu
1232 2358 1296 2388 Gu.
1314 2361 1344 2387 2.
1360 2361 1408 2387 est
1427 2358 1628 2396 praeclaras:
1651 2354 1738 2393 quod

1040 2410 1105 2431 nou
1137 2400 1305 2440 displicet:
1344 2398 1462 2435 ironia,
1493 2407 1566 2438 quae
1595 2402 1629 2428 et
1659 2396 1736 2427 alibi

1046 2448 1105 2473 est.

1088 2485 1128 2516 66
1150 2485 1176 2514 si
1193 2483 1272 2523 quid
1286 2482 1377 2512 intra
1391 2486 1497 2511 cutem
1511 2480 1615 2510 subest
1626 2481 1739 2510 vulne-

1041 2526 1101 2565 ris]
1124 2527 1200 2556 Sine
1215 2525 1313 2555 dubio
1330 2534 1405 2553 vera
1427 2530 1476 2553 est
1498 2522 1638 2552 Puteani
1661 2530 1738 2551 con-

1038 2569 1169 2607 jectum
1184 2567 1301 2597 ulceris
1316 2577 1325 2593 .·
1348 2574 1424 2595 nam
1447 2566 1567 2595 vulnus
1588 2563 1648 2594 sub
1663 2567 1740 2594 cute

1042 2620 1107 2640 nou
1125 2615 1185 2640 est.
1202 2609 1237 2639 in
1259 2607 1323 2638 Ms.
1339 2616 1413 2637 meo
1435 2617 1455 2637 a
1477 2616 1522 2637 m.
1538 2616 1563 2637 s.
1578 2612 1627 2636 est
1649 2607 1741 2636 vuln.

1043 2653 1139 2690 idque
1155 2652 1188 2681 iu
1202 2651 1314 2680 litura.
1338 2650 1496 2688 seriptum
1520 2649 1583 2678 fuit
1605 2648 1739 2690 antique

1042 2694 1182 2724 halem-is
1209 2693 1248 2722 ab
1276 2691 1376 2728 ἕλκος,
1400 2690 1451 2721 vel
1476 2689 1550 2721 inde
1578 2691 1737 2720 vulceris:

1043 2736 1118 2766 iude
1135 2734 1277 2764 vulneris
1291 2734 1428 2764 factum.

1086 2778 1125 2811 67
1149 2785 1218 2816 qzcoe
1233 2776 1278 2805 αιί
1302 2777 1387 2807 hanc
1409 2773 1498 2815 cap]
1523 2774 1671 2806 Graevius
1692 2777 1742 2803 ta-

1041 2820 1105 2850 cite
1121 2818 1245 2851 addidit
1261 2827 1324 2849 me.
