1817 3196
228 74 302 109 128
614 73 794 112 EPIST.
821 72 1004 112 LIBER
1030 72 1257 112 SEXTUS

225 189 353 216 causa
373 183 500 232 atque
531 177 717 228 fortuna,
755 187 816 229 ut,
850 178 918 219 cui
951 177 1030 233 ipsi
1062 176 1207 218 omnia
1235 177 1442 227 deessent,
1473 176 1651 218 alterum

225 232 536 275 confirmarem.
599 234 698 276 Hoc
729 235 830 276 item
861 244 1053 290 tempore
1082 235 1250 275 brevior
1271 247 1360 274 esse
1381 233 1530 275 debeo.
1563 234 1653 274 sive

225 289 338 329 enim
370 289 476 331 nihil
509 301 599 331 tum
630 306 737 354 opus
769 292 850 332 fuit
881 302 971 332 tam
1003 290 1146 331 inultis
1169 290 1323 341 verbis,
1357 290 1491 331 nihilo
1517 289 1653 353 magis

223 358 339 386 nunc
361 361 468 402 opus
490 357 575 389 est:
609 362 696 388 Sive
711 359 800 389 tum
818 362 925 410 opus
949 345 1045 398 fuit,
1068 347 1170 388 illud
1193 348 1294 387 satis
1315 356 1392 397 est,
1416 347 1652 404 praesertim

224 415 322 442 cum
346 405 570 444 accesserit
600 403 705 444 nihil
738 418 852 444 novi.
915 403 1028 444 Nam
1058 404 1136 444 etsi
1167 403 1359 467 quotidie
1390 403 1548 458 aliquid
1578 417 1652 443 au-

223 457 362 500 dimus
385 474 529 500 earum
561 474 713 509 rerum,
746 474 852 514 quas
882 460 935 499 ad
966 468 1007 498 te
1030 459 1203 514 perferri
1227 461 1452 501 existimo:
1485 473 1651 500 summa

225 523 366 556 tamen
389 517 535 556 eadem
564 525 642 567 est,
672 525 714 556 et
738 516 849 556 idem
871 515 1029 565 exitus,
1050 529 1177 570 quem
1199 530 1280 571 ego
1304 525 1391 557 tam
1416 517 1538 558 video
1560 516 1652 557 ani-

222 585 310 622 mo,
332 587 459 627 quam
482 587 545 623 ea,
569 588 664 628 quae
695 572 829 613 oculis
852 572 1079 613 cernimus.
1111 586 1188 612 nec
1213 586 1310 613 vero
1333 574 1565 628 quidquam
1591 573 1652 612 vi-

222 627 318 678 deo,
341 628 455 683 quod
478 644 561 670 non
587 629 698 670 idem
721 639 762 670 te
787 629 927 670 videre
948 638 1064 669 certo
1088 629 1191 670 scio.
1252 628 1364 670 Nam
1394 631 1489 680 etsi,
1522 643 1649 685 quem

221 684 386 725 exitum
416 686 527 727 acies
557 686 757 726 habitura
780 686 849 736 sit,
881 685 1072 726 divinare
1102 699 1226 726 nemo
1249 694 1410 740 potest:
1445 697 1585 727 tamen
1608 696 1650 727 et

176 745 208 777 b·
223 740 321 782 belli
343 742 508 783 exitum
532 743 681 793 video3
713 751 770 792 et,
793 743 826 782 si
851 742 893 783 id
916 742 1072 792 minus,
1100 742 1183 782 hoe
1204 741 1375 795 quidem
1400 753 1528 793 certe,
1549 757 1649 785 cum

221 798 276 838 sit
298 813 468 839 necesse
490 799 739 839 alterutrum
760 799 943 849 vincere,
965 798 1100 853 qualis
1124 798 1266 839 futura
1287 799 1342 838 sit
1367 799 1431 840 vel
1450 799 1560 850 haec,
1583 799 1650 840 vel

218 854 290 894 illa
312 855 504 895 victoria.
566 854 703 910 quue
724 870 821 896 cum
844 856 1007 911 optime
1029 855 1243 911 perspexi,
1267 854 1348 895 tale
1371 855 1509 906 video,
1541 855 1649 896 nihil

219 919 266 950 ut
289 910 387 952 mali
412 911 606 953 videatur
628 912 834 962 f·utu1um‚
865 927 898 952 Sl
922 913 964 952 id
988 912 1053 953 vel
1083 922 1183 953 ante
1205 911 1424 963 acciderit,
1446 912 1560 967 quod
1583 912 1649 953 vel

218 968 454 1008 maximum
483 969 535 1009 ad
566 969 762 1010 timorem
792 969 1060 1024 proponitur.
1121 968 1189 1010 Ita
1219 969 1333 1009 enim
1357 969 1512 1020 vivere,
1548 971 1585 999 ¹0
1603 977 1650 1010 ut

216 1038 304 1064 non
326 1025 381 1065 sit
403 1025 648 1076 vivendum,
671 1026 954 1066 misernmum
976 1034 1054 1065 est.
1087 1026 1194 1066 mori
1217 1034 1360 1066 autem
1386 1028 1418 1056 ¹¹
1435 1040 1561 1066 nemo
1583 1040 1649 1067 sa-

215 1081 337 1136 piens
361 1081 560 1123 miserum
582 1082 709 1133 dixit,
733 1096 785 1123 ne
807 1083 932 1123 beato
955 1082 1143 1146 quidem.
1203 1081 1325 1122 Sed
1316 1096 1357 1122 ιη
1391 1095 1441 1122 ea
1461 1097 1504 1122 es
1529 1082 1646 1132 urbe,

217 1140 259 1178 in
283 1153 367 1192 qua
387 1138 496 1190 haec,
521 1139 586 1180 vel
608 1114 742 1195 plur'a,
766 1148 809 1180 et
832 1139 1048 1180 ornatiora
1068 1138 1250 1194 parietes
1280 1138 1361 1193 ipsi
1384 1137 1500 1193 loqui
1524 1152 1647 1194 posse

214 1195 452 1236 videantur.
514 1195 608 1252 Ego
631 1197 709 1237 tibi
734 1196 816 1237 hoc
838 1195 1062 1246 confirmo,
1089 1196 1166 1236 etsi
1191 1195 1294 1236 levis
1315 1204 1381 1236 est
1409 1195 1647 1236 consolatio

213 1266 267 1292 ex
301 1252 480 1293 miseriis
512 1253 708 1317 aliorum,
740 1252 875 1294 nihilo
906 1262 947 1293 te
983 1267 1096 1293 nunc
1127 1251 1288 1306 majore
1327 1252 1368 1292 in
1400 1252 1646 1293 discrimine

212 1323 318 1359 esse,
351 1323 478 1363 quam
511 1325 682 1365 quemv·
671 1325 704 1351 s
726 1318 800 1351 aut
821 1324 984 1359 eorum,
1015 1309 1090 1363 qui
1111 1308 1395 1359 discesserint,
1434 1311 1471 1339 152
1486 1316 1558 1349 aut
1580 1323 1643 1349 eo-

212 1380 315 1416 rum,
333 1366 403 1421 qui
424 1368 701 1408 remanserint.
723 1367 844 1407 alteri
860 1366 1088 1407 dimicant:
1111 1365 1230 1407 alteri
1252 1366 1458 1407 victorem
1475 1366 1644 1406 timent.

212 1421 296 1463 Sed
318 1422 412 1463 haec
434 1424 672 1465 consolatio
694 1423 798 1464 levis
820 1431 908 1464 est:
942 1422 1011 1463 illa
1032 1422 1216 1478 gravior,
1238 1436 1323 1476 qua
1344 1432 1386 1462 te
1409 1422 1469 1462 uti
1493 1436 1641 1477 spero.

211 1493 293 1534 ego
316 1490 430 1520 certe
453 1491 564 1521 utor.
586 1495 665 1522 nec
689 1480 819 1530 enim,
841 1480 943 1520 dum
964 1493 1097 1530 e10,a
1073 1493 1206 1534 angar
1229 1478 1312 1518 ulla
1330 1492 1388 1528 re,
1407 1492 1505 1518 cum
1525 1480 1642 1519 omni

211 1549 359 1576 vacem
389 1535 540 1592 culpas
571 1546 628 1588 et,
662 1538 695 1578 si
728 1551 813 1578 non
843 1551 931 1600 ero,
962 1550 1084 1576 sensu
1117 1535 1294 1576 omnino
1327 1535 1496 1576 car.eb0
1557 1535 1641 1575 Sed

211 1607 353 1633 mrsus
383 1595 510 1642 γλαῦκ’
538 1599 577 1637 εἰς
605 1595 756 1639 Ἀθήναις,
787 1593 859 1648 qui
889 1593 941 1634 ad
975 1602 1016 1634 te
1047 1593 1155 1634 haec.
1217 1591 1333 1632 Mihi
1365 1600 1426 1643 tu,
1459 1591 1536 1644 tui,
1569 1602 1641 1632 tua

209 1650 353 1690 omnia
376 1649 564 1689 maxime
586 1664 700 1691 curae
721 1660 836 1701 sunt,
859 1659 916 1701 et,
938 1649 1040 1691 dum
1065 1650 1220 1701 vivam,
1242 1658 1381 1689 erunt.

167 1739 194 1774 4
721 1739 1124 1778 ARGUMENTUM.

210 1805 318 1841 Brevi
339 1809 423 1840 ante
441 1805 575 1840 exitum
593 1803 676 1839 belli
697 1804 962 1851 Hispaniensis,
983 1814 1083 1851 quem
1100 1804 1236 1838 instare
1249 1802 1358 1844 videt,
1379 1805 1413 1836 et
1428 1801 1556 1838 bellum
1571 1815 1641 1839 non

260 1858 471 1892 diuturnum
489 1856 572 1891 inde
589 1860 805 1903 auguratur,
833 1856 1016 1896 solatium,
1045 1855 1300 1902 qualecumque
1315 1857 1434 1901 potest
1451 1855 1489 1889 in
1512 1866 1552 1890 re
1570 1859 1640 1890 tre-

255 1909 360 1956 pida,
381 1908 550 1944 adhibet:
579 1912 614 1942 et
632 1909 791 1944 studium
811 1920 853 1942 ac
871 1908 1099 1954 diligentiam
1119 1918 1221 1942 suam
1236 1906 1442 1953 pollicetur.

505 1973 572 2015 M
595 1972 645 2015 T.
671 1973 722 2015 C.
754 1973 807 2014 A.
830 1971 1188 2022 TORQUATO,
1212 1971 1255 2012 S.
1281 1971 1339 2012 D.

210 2029 395 2092 NOVI‚
417 2041 530 2096 quod
553 2042 606 2082 ad
629 2051 672 2082 te
690 2042 934 2105 scriberem,
956 2039 1062 2081 nihil
1084 2048 1200 2081 erat:
1232 2048 1276 2080 et
1298 2049 1455 2091 tamen,
1478 2040 1510 2081 si
1535 2041 1638 2095 quid
1802 2068 1817 2096 :¹¹

205 2108 331 2149 esset,
353 2099 539 2140 sciebam
565 2109 605 2139 te
633 2114 658 2140 a
686 2098 768 2139 tuis
797 2099 1022 2140 certiorem
1056 2096 1146 2137 fieri
1177 2095 1324 2137 solere.
1386 2095 1453 2137 De
1483 2096 1638 2138 futuris
1802 2101 1817 2162 ζ’]

207 2166 348 2196 autem
372 2157 497 2197 1ebus
517 2156 596 2197 etsi
622 2170 788 2220 semper
808 2155 983 2196 difficile
1001 2165 1064 2195 est
1082 2154 1236 2203 dicere,
1260 2162 1401 2194 tamen
1421 2144 1636 2196 interdum

206 2212 456 2276 conjectura
479 2213 614 2268 possis
639 2213 812 2269 piopius
842 2211 1058 2262 accedere,
1089 2225 1187 2252 cum
1218 2219 1282 2251 est
1313 2224 1377 2250 res
1408 2210 1636 2266 ejusmodi,

205 2283 330 2324 quus
350 2269 492 2309 exitus
513 2269 726 2325 provideri
750 2270 897 2325 possit.

205 2325 337 2382 ligere
358 2340 443 2367 non
466 2326 715 2368 diuturnum
738 2326 921 2368 bellum:

246 2458 284 2486 10
300 2459 337 2485 ut
349 2464 410 2485 non
425 2455 467 2485 sit
480 2455 528 2494 zu]
545 2455 690 2486 Graevius
702 2456 821 2487 delevit
832 2465 895 2486 non

200 2504 233 2528 et
245 2497 367 2528 addidit
381 2507 398 2527 e
415 2497 492 2527 Mss.
508 2502 579 2527 tum
591 2510 600 2527 .·
621 2498 673 2537 (ut
685 2498 783 2528 habet
795 2499 896 2528 etiam

201 2540 263 2570 Gu.
280 2544 313 2570 et
332 2546 450 2574 noster,
468 2544 500 2569 et
514 2539 585 2570 edd.
608 2550 656 2579 pr.
674 2539 823 2581 unajam
840 2540 896 2569 lia—

201 2582 269 2618 bet,
286 2586 323 2612 ut
334 2581 414 2622 jam
427 2591 453 2612 ε.
468 2582 517 2621 υ.)
537 2591 602 2611 non
619 2583 811 2612 necessario.
835 2592 894 2611 nec

197 2624 286 2654 enini
304 2633 432 2654 necesse
447 2629 496 2654 est
511 2629 642 2663 tempus
656 2624 804 2664 exprimi.
827 2624 895 2653 vita

198 2671 256 2696 aut
272 2675 359 2696 mors
374 2665 590 2705 exspectanda
605 2670 665 2696 est.
689 2666 756 2696 vita
779 2665 896 2695 misera

196 2708 273 2738 erit:
299 2717 386 2738 mors
401 2717 479 2742 non.

241 2752 276 2780 11
301 2759 391 2780 nemo
412 2760 482 2789 sap.
506 2750 660 2780 miserum
684 2749 780 2789 dixit]
806 2749 890 2779 Scri-

197 2791 339 2822 bendum
355 2792 423 2823 sine
439 2792 537 2823 dubio
552 2792 683 2823 dixerit.
707 2803 725 2823 e
739 2800 894 2832 compen-

952 2268 1081 2310 Nunc
1105 2277 1272 2308 tantum
1297 2267 1491 2308 videmur
1512 2268 1635 2308 intel-

944 2326 1022 2366 etsi
1046 2325 1233 2381 idipsum
1255 2324 1469 2365 nonnullis
1493 2325 1636 2365 videa-

939 2456 992 2486 dio
1006 2456 1125 2486 vitium
1140 2460 1250 2484 ortum
1262 2458 1322 2484 est.
1336 2454 1375 2484 de
1386 2453 1587 2493 sapientibus
1600 2454 1635 2484 in

939 2499 1127 2528 universum
1152 2505 1257 2526 sermo
1285 2500 1344 2526 est.
1382 2494 1446 2525 Gu.
1477 2498 1507 2525 2.
1536 2495 1636 2526 habet

939 2540 1046 2570 duxit:
1065 2537 1151 2577 quod
1168 2539 1209 2577 τῷ
1222 2538 1303 2568 dim
1318 2542 1405 2567 certe
1420 2536 1633 2576 praetulerim.

983 2583 1019 2612 12
1034 2585 1094 2610 aut
1105 2590 1228 2616 eorum,
1240 2581 1294 2620 qui
1307 2578 1534 2617 remanserint]
1553 2579 1634 2609 Haec

937 2623 1061 2653 diversa
1076 2623 1236 2661 scriptura
1247 2631 1395 2661 expressa
1405 2626 1494 2657 sunt,
1511 2621 1587 2659 quia
1600 2621 1633 2651 in

938 2665 1018 2695 Mss.
1031 2673 1096 2694 nun
1109 2672 1200 2699 sunt,
1212 2663 1267 2694 sed
1278 2662 1446 2703 explendae
1460 2664 1633 2693 sententiae

934 2707 1054 2737 addita.
1100 2705 1160 2736 Est
1185 2710 1299 2735 tamen
1324 2706 1358 2735 in
1384 2704 1434 2735 ed.
1465 2707 1553 2739 1471.
1576 2704 1632 2736 sed

935 2749 1158 2786 discesserunt,
1173 2751 1412 2778 remanserunt.
