1865 3223
304 136 387 175 1428
545 128 736 169 EPIST.
763 127 949 167 LIBER
972 126 1470 168 SEXOEUSDECIMUS

305 234 437 277 modo
460 232 670 275 rusticari.
730 230 847 272 54Ad
869 229 1152 287 Bithynicum
1179 231 1343 287 scripsi.
1404 235 1443 264 55
1457 232 1524 274 De
1553 230 1732 274 Servilio

303 302 353 343 ⁸tu
390 290 559 339 videris,
592 288 666 346 qui
700 296 963 330 senectutem
997 301 1083 331 non
1117 290 1370 330 contemnis.
1431 289 1522 330 Etsi
1558 289 1729 330 Atticus

304 357 467 397 noster,
506 346 608 402 quia
646 345 864 401 quondam
910 359 979 385 me
1018 346 1279 386 commoveri
1320 350 1465 388 πανικοῖς
1507 344 1733 394 intellexit,
1756 344 1760 349 ’

306 407 349 437 56
364 405 475 446 idem
509 416 675 459 semper
707 410 845 458 putat,
866 415 945 451 nec
970 401 1098 451 videt,
1120 401 1274 455 quibus
1308 400 1516 456 praesidiis
1544 401 1732 457 philoso-

339 462 423 503 hiae
446 469 591 515 septus
614 459 718 499 sim:
740 467 784 498 et
803 457 959 508 hercle,
976 457 1091 512 quod
1113 457 1287 498 timidus
1310 459 1399 513 ipse
1423 469 1501 508 est,
1517 460 1732 514 Saeuam-0417.

303 477 405 575 ‘Ego
427 526 570 558 tamen
592 514 772 556 Antonii
807 515 1086 559 inveteratam
1116 514 1206 554 sine
1227 515 1311 555 ulla
1329 514 1564 556 offensione
1585 513 1734 555 amici-

307 578 411 618 tiam
444 573 624 614 retinere
656 585 756 612 sane
778 570 890 621 volo,
912 572 1178 625 scribamque
1204 571 1258 613 ad
1283 584 1396 621 eum,
1417 572 1489 613 sed
1512 585 1597 612 non
1612 578 1734 621 -ante,

306 645 434 690 quam
460 639 501 670 te
523 629 682 671 videro.
705 630 832 668 57nec
855 636 996 668 tamen
1023 637 1063 668 te
1083 641 1219 668 avoco
1240 643 1265 668 a
1287 629 1544 684 syngrapha.
1562 630 1639 676 γόνυ
1657 629 1732 672 2113.-

302 707 377 740 μης.
438 686 543 727 Cras
576 694 782 740 exspecto
819 683 1012 739 Leptam.
1038 687 1075 715 58
1089 684 1247 724 etenim
1270 685 1322 724 ad
1351 685 1473 739 cujus
1495 693 1632 726 rutam
1659 695 1734 738 pu-

306 744 421 800 legio
443 742 548 784 mihi
573 742 634 782 tui
658 742 862 782 sermonis
887 741 1090 782 utendum
1113 750 1190 781 est.
1252 740 1371 780 Vale.

823 829 1224 867 ARGUMENTUM.

626 893 855 929 Domesticos
873 905 939 932 res,
959 894 1085 928 deinde
1100 893 1262 940 publicas
1280 897 1418 928 narrat.

648 958 908 1001 TULLIUS
940 958 1163 1000 TIRONI
1196 960 1241 1000 S.
1265 958 1315 1000 P.
1340 958 1398 1000 D.

305 1015 457 1083 ,ETSI
494 1041 619 1068 mane
656 1027 894 1082 Harpalum
934 1027 1158 1067 miseram:
1193 1037 1349 1078 tamen,
1386 1041 1483 1068 cum
1519 1025 1737 1076 haberem,

307 1086 375 1127 cui
413 1093 527 1126 recte
562 1085 706 1125 darem
746 1084 920 1134 litteras,
957 1083 1033 1123 etsi
1074 1084 1172 1123 novi
1213 1084 1319 1124 nihil
1357 1093 1461 1134 erat,
1498 1083 1646 1124 iisdem
1684 1082 1736 1122 de

307 1143 434 1183 rebus
460 1141 572 1182 volui
596 1141 647 1181 ad
672 1151 712 1181 te
742 1142 897 1196 saepius
932 1140 1140 1181 scribere:
1175 1143 1307 1181 59non
1342 1141 1445 1195 quin
1478 1139 1738 1181 confiderem

307 1198 545 1254 diligentia:
589 1208 701 1249 tuae3
734 1198 805 1238 sed
846 1197 901 1237 rei
944 1211 1009 1237 me
1049 1197 1301 1251 magnitudo
1344 1198 1558 1238 movebat.
1621 1195 1737 1236 Mihi

309 1270 436 1311 prora
468 1265 511 1296 et
545 1255 714 1310 puppis,
740 1265 785 1295 ut
818 1253 1071 1295 Graecorum
1107 1254 1379 1309 proverbium
1412 1263 1490 1305 est,
1513 1252 1596 1294 fuit
1624 1268 1649 1293 a
1671 1266 1738 1293 me

309 1313 372 1352 tui
415 1312 675 1362 dimittendi,
710 1321 758 1351 ut
796 1311 980 1351 rationes
1015 1323 1179 1351 nostras
1211 1311 1462 1367 explicares.
1523 1309 1670 1351 Ofillio
1694 1319 1739 1350 et

308 1368 484 1410 Aurelio
516 1369 665 1423 utiquc
695 1367 796 1407 satis
828 1368 918 1407 fiat.
976 1366 1016 1407 A
1041 1367 1245 1418 Flamina,
1268 1369 1300 1407 si
1333 1382 1418 1407 non
1450 1377 1571 1423 potes
1597 1379 1740 1416 omne,

309 1435 474 1482 partem
507 1424 691 1479 aliquam
715 1424 840 1464 velim
873 1432 1154 1478 extorqueas:
1187 1425 1230 1464 in
1262 1425 1507 1480 primisque,
1531 1433 1576 1464 ut
1607 1436 1740 1478 expe-

311 1482 401 1522 dita
423 1482 479 1522 sit
501 1481 649 1537 pensio
676 1480 879 1521 Kalendis
899 1480 999 1522 Jan.
1033 1479 1100 1520 De
1119 1482 1400 1521 attributione
1421 1480 1637 1521 conficies.
1673 1479 1739 1519 De

308 1537 686 1593 repraesentatione
710 1537 888 1578 videbis.
942 1536 1009 1577 De
1030 1537 1275 1578 domesticis
1299 1538 1518 1578 hactenus.
1570 1536 1638 1577 De
1661 1550 1739 1591 pu-

308 1595 432 1635 blicis
455 1595 649 1634 GOomnia
681 1594 785 1634 milii
819 1603 949 1644 certa,
977 1594 1080 1648 quid
1116 1594 1338 1644 Octavius,
1361 1594 1463 1649 quid
1495 1592 1738 1635 Antonius:

240 829 298 867 24

308 1667 406 1706 quae
430 1651 654 1692 hominum
685 1651 862 1706 opinio:
895 1650 996 1705 quid
1030 1649 1217 1692 futurum
1253 1660 1392 1708 putes.

308 1723 427 1759 nCOl',
458 1723 481 1762 q
489 1723 512 1748 U
521 1708 562 1748 ll]
593 1722 811 1749 accurram
819 1738 828 1749 ο

1454 1650 1548 1706 Ego
1573 1650 1644 1690 vix
1678 1658 1739 1689 te-

889 1707 971 1748 Sed
1007 1710 1073 1749 st!
1106 1708 1266 1749 litteras
1303 1717 1395 1749 tuas
1425 1717 1663 1763 exspecto:
1695 1714 1739 1746 et

310 1766 420 1806 scito
455 1764 639 1806 Balbum
672 1774 763 1805 turn
796 1764 926 1823 fuisse
949 1763 1125 1819 Aquini,
1155 1780 1252 1806 cum
1287 1765 1365 1805 tibi
1399 1773 1463 1805 est
1494 1766 1673 1813 dictum,
1695 1771 1739 1804 et

288 1842 296 1853 ·
309 1822 516 1886 postridie
539 1821 749 1862 Hirtium.

306 1887 489 1934 egerint.

307 1935 487 1992 pellabis
508 1935 639 1975 etiam
663 1934 860 1990 Papiam.

350 2067 391 2095 54
413 2064 467 2095 Ad
479 2064 696 2103 Bithynicum
710 2063 788 2104 ππ]
811 2063 870 2094 Est
886 2064 1005 2104 episto-

307 2105 342 2139 la
355 2106 392 2136 L.
408 2107 469 2143 VI,
489 2107 536 2137 16.

350 2151 391 2179 55
413 2148 468 2179 De
493 2148 644 2187 Sem-ilio]
674 2147 830 2183 Isaurico,
854 2147 907 2186 qui
931 2152 1002 2177 tum

308 2190 435 2221 obierat
467 2200 583 2221 senex:
617 2191 711 2229 idque
744 2190 895 2221 Ciceroni
927 2189 1004 2218 scri-

309 2237 442 2273 pserat3
466 2232 551 2262 unde
574 2234 698 2262 occasio
714 2232 795 2270 joci,
819 2232 852 2262 in
873 2232 1005 2262 Tironis

308 2274 523 2314 cupiditatem
542 2275 618 2304 vitae
641 2274 760 2313 longae.
783 2283 848 2304 non
867 2278 1005 2304 contem-

309 2318 373 2353 nis,
390 2321 428 2346 ut
444 2326 505 2353 ego
520 2325 563 2346 sc.
579 2322 768 2347 contemno.

354 2358 394 2389 56
415 2359 501 2389 idem
529 2367 655 2398 semper
675 2357 789 2398 palat]
817 2358 899 2388 Mihi
923 2358 1006 2388 acci-

310 2400 399 2437 dere,
419 2407 457 2431 ut
475 2405 612 2436 terrear,
634 2401 734 2430 etiam
752 2401 866 2431 mortis
883 2400 1006 2439 cogita-

311 2442 413 2474 tione.

354 2487 392 2517 57
415 2494 473 2514 nec
487 2488 598 2514 tamen
612 2487 644 2512 te
657 2493 751 2513 avoco
765 2495 785 2513 a
799 2484 1003 2523 syngrapha]

311 2535 355 2556 sc.
377 2525 545 2566 exigenda.
569 2524 697 2556 videtur
719 2526 758 2556 ad
782 2536 900 2556 nomen
916 2526 1008 2556 Ausi-

311 2567 445 2598 dianurn
482 2569 546 2607 (ep.
580 2566 646 2605 19.)
678 2568 852 2607 pertinere,
882 2568 932 2599 vel
967 2567 1008 2598 ad

312 2609 494 2640 Flammam
512 2620 562 2649 ep.
578 2618 643 2647 seq.

354 2654 393 2683 58
415 2653 533 2682 etenim
547 2651 593 2680 ad
604 2649 699 2690 cnjus
716 2651 845 2691 rutam]
871 2651 1008 2681 Durius-

312 2692 384 2723 eule
413 2692 508 2739 cnjus
530 2697 603 2733 post
624 2693 765 2731 etmzin15
793 2695 1008 2731 usitatiusque

311 2735 397 2766 foret
420 2745 502 2775 ejus,
525 2734 609 2774 qnod
625 2739 668 2767 ,et
696 2735 768 2765 libri
792 2734 922 2774 quidam
951 2732 1008 2765 ba-

314 2776 403 2807 bent.
431 2777 523 2808 abest
545 2782 581 2808 et
606 2787 627 2808 a
651 2776 843 2816 quibusdam
862 2778 1006 2808 ἐιεηίηιι

311 2818 398 2859 quod
410 2818 516 2860 placet
523 2841 530 2850 .

812 1820 925 1862 Puto
950 1831 1175 1876 utrumque
1197 1822 1249 1863 ad
1271 1836 1416 1877 aquas.
1467 1821 1503 1851 6¹
1519 1821 1600 1862 Sed
1624 1819 1740 1875 quod

552 1878 789 1920 Dolabellae
828 1888 1121 1975 procxurzlitores
1155 1878 1224 1920 fac
1255 1879 1628 1920 62adm0neantur.
1663 1892 1739 1933 ap-

961 1949 1039 1975 ae.

1093 2066 1132 2098 59
1154 2073 1216 2094 non
1231 2065 1310 2103 quin
1331 2063 1523 2104 confiderem
1545 2064 1576 2094 d.
1592 2063 1634 2103 t.]
1660 2063 1747 2105 dg'ffi'·

1051 2106 1159 2136 aerem
1187 2107 1354 2136 malebant
1375 2106 1406 2135 δ.
1431 2106 1481 2135 Fr.
1504 2106 1688 2137 Gronovius
1709 2111 1745 2136 et

1047 2149 1206 2184 (lraevius,
1223 2149 1275 2187 qui
1299 2149 1344 2178 sic
1367 2153 1548 2178 correctum
1572 2159 1590 2178 e
1613 2148 1677 2178 ΜΞ.
1694 2157 1744 2178 re-

1050 2197 1176 2229 pererat
1192 2191 1224 2220 in
1241 2190 1390 2229 exemplo
1407 2190 1506 2220 edito.
1523 2190 1548 2219 si
1565 2197 1648 2220 esset
1662 2198 1723 2230 quo
1734 2201 1744 2219 .-

1050 2232 1230 2272 probarem.
1275 2232 1336 2262 Sed
1351 2233 1428 2272 quin
1450 2237 1499 2262 est
1521 2241 1579 2271 pro
1593 2243 1653 2271 quo
1669 2241 1745 2269 non,

1048 2284 1108 2313 qno
1131 2276 1250 2309 minus,
1273 2284 1332 2304 nec
1355 2274 1422 2304 ullo
1446 2273 1542 2304 modo
1563 2274 1746 2316 diffiderem

1048 2317 1101 2346 hic
1118 2317 1253 2356 patitur.

1091 2358 1131 2388 60
1153 2359 1263 2388 omnia
1291 2358 1370 2387 mihi
1395 2356 1498 2396 certa]
1528 2358 1588 2388 int.
1611 2358 1744 2394 nuncia,

1050 2400 1162 2430 scribe.
1178 2410 1255 2435 non,
1273 2404 1309 2429 ut
1324 2399 1489 2429 Victorius
1507 2399 1666 2439 capiebat,
1684 2400 1745 2430 mi-

1050 2441 1083 2472 hi
1099 2448 1189 2471 certa
1202 2448 1291 2477 sunt,
1307 2441 1393 2472 unde
1408 2443 1533 2472 incerta
1548 2442 1712 2471 tentabat.

1092 2484 1128 2514 61
1157 2483 1223 2514 Sed
1234 2484 1318 2523 quod
1329 2483 1469 2523 egerint]
1487 2483 1520 2513 Si
1535 2483 1621 2522 quod
1632 2493 1745 2514 verum

1050 2529 1112 2562 est,
1129 2525 1378 2563 intelligendum
1399 2526 1476 2560 erit,
1493 2526 1572 2556 bene
1594 2525 1743 2556 eveniat:

1051 2567 1100 2597 sin
1117 2567 1366 2603 intelligendum
1382 2573 1443 2603 est,
1456 2568 1582 2605 ignoro,
1599 2566 1649 2596 vel
1664 2567 1746 2598 scire

1051 2610 1159 2648 cupio,
1174 2608 1379 2639 scribendum
1396 2614 1444 2638 est
1461 2610 1548 2648 quid,
1565 2616 1603 2639 ut
1620 2609 1745 2649 placuit

1051 2651 1241 2689 quibusdam
1258 2651 1332 2681 viris
1355 2650 1481 2688 doctis;
1506 2652 1591 2690 quod
1605 2657 1639 2681 et
1654 2652 1744 2682 Grae-

1052 2693 1121 2722 vius
1146 2692 1257 2724 edidit.
1303 2691 1383 2722 Edd.
1414 2693 1527 2732 prim-'e
1553 2693 1639 2724 fere:
1658 2695 1747 2733 quod

1051 2735 1219 2773 elegerint,
1233 2740 1270 2764 ut
1286 2735 1349 2764 Ms.
1364 2735 1454 2765 Gorl.
1741 2755 1745 2758 .

1091 2777 1132 2807 62
1165 2775 1416 2815 admoneantur]
1454 2775 1671 2816 Appellentur
1705 2777 1745 2810 de

1049 2819 1204 2858 pensione
1218 2818 1317 2858 dotis,
1331 2823 1371 2850 ut
1381 2818 1513 2850 solvant
1525 2830 1535 2850 z
1559 2829 1624 2859 quo
1644 2820 1744 2860 pert?-
