1817 3196
189 2326 213 2366 7

212 75 261 108 84
577 71 758 110 EPIST.
785 70 971 109 LIBER
1003 70 1288 111 QUARTUS

213 174 434 225 deficiunt,
455 189 551 230 quae
583 175 749 224 ceteris,
778 190 959 230 quorum
990 172 1109 215 mihi'
1127 173 1324 228 exempla
1354 189 1565 231 propono,
1590 169 1648 216 si-

214 231 302 272 mili
328 233 370 273 in
394 231 565 273 fortuna
600 247 682 273 non
717 231 959 273 defuerunt.
1022 231 1134 272 Nam
1167 240 1210 271 et
1232 231 1288 276 Q.
1314 230 1551 283 Maximus,
1572 231 1646 286 qui

216 288 351 329 filium
385 289 665 339 consularem,
694 288 854 329 clarum
887 288 1037 337 virum,
1067 298 1110 328 et
1144 289 1309 343 magnis
1342 289 1467 329 rebus
1501 288 1648 344 gestis,

215 346 388 397 amisit3
419 354 462 385 et
497 345 544 386 L.
574 344 757 396 Paullus,
780 345 851 399 qui
885 344 970 385 duo
1006 353 1169 399 septem
1192 344 1366 395 diebus3
1397 355 1440 385 et
1460 347 1500 376 25
1514 354 1651 386 vester

216 402 380 453 Gallus,
414 412 456 442 et
492 401 559 442 M.
596 401 722 448 Cato,
755 401 827 456 qui
867 415 1034 441 summo
1071 402 1258 455 ingenio,
1296 416 1461 442 summa
1493 402 1651 442 virtute

215 458 350 500 filium
387 458 585 513 perdidit,
618 458 668 498 iis
707 458 972 513 temporibus
1006 455 1192 507 fuerunt,
1225 465 1272 497 ut
1306 472 1453 498 eorum
1488 458 1652 499 luctum

215 515 404 571 ipsorum
427 514 615 570 dignitas
638 513 929 554 consolaretur
950 527 1013 562 ea,
1036 527 1160 567 quam
1185 527 1239 554 ex
1264 514 1481 570 republica
1502 528 1652 556 conse·

215 573 470 627 quebantur.
533 570 648 611 Mihi
681 580 839 621 autem,
862 569 1027 610 amissis
1059 572 1320 611 ornamentis
1355 572 1419 621 iis,
1441 587 1536 626 qnae
1562 572 1652 627 ipse

215 642 541 678 commemoras,
573 642 755 682 quaeque
796 641 911 668 eram
950 626 1150 667 maximis
1189 626 1404 668 laboribus
1444 629 1651 685 adeptus:

217 700 347 726 unum
372 685 573 726 manebat
595 684 697 724 illud
721 684 935 732 solatium,
957 683 1071 737 quod
1094 691 1286 738 ereptum
1306 695 1381 724 est.
1425 685 1523 725 Non
1547 685 1654 726 ami-

218 756 367 782 corum
403 741 603 797 negotiis,
628 755 714 780 non
747 740 993 795 reipublicae
1030 741 1329 795 procuratione
1360 742 1655 796 impedieban-

216 808 286 839 tur
307 799 593 854 cogitationes
627 811 758 838 meae:
800 797 905 837 nihil
939 797 981 836 in
1019 797 1111 838 foro
1147 811 1274 853 agere
1296 797 1481 839 libebat:
1513 798 1656 854 adspi-

216 870 313 896 cere
333 856 495 896 curiam
523 868 608 894 non
644 865 862 909 poteram:
894 854 1211 903 existimabam,
1237 854 1277 894 id
1300 855 1414 909 quod
1436 864 1541 906 erat,
1563 869 1656 896 om·

215 927 291 952 nes
324 925 393 952 me
428 921 471 952 et
504 910 725 952 industriae
763 925 869 951 meae
907 910 1070 951 fruetus
1109 920 1152 951 et
1186 911 1369 953 fortunae
1408 911 1656 968 perdidisse.

217 968 317 1020 Sed,
339 983 437 1009 cum
461 967 712 1022 cogitarem,
736 967 829 1008 liaec
853 967 958 1007 mihi
982 976 1140 1018 tecum,
1162 968 1256 1008 26et
1277 983 1376 1009 cum
1399 968 1657 1024 quibusdam

215 1039 307 1066 esse
328 1025 599 1075 communia3
632 1033 674 1064 et
696 1038 795 1065 cum
825 1023 1064 1078 frangerem
1093 1024 1186 1079 jam
1221 1025 1310 1079 ipse
1332 1039 1414 1075 me,
1436 1039 1657 1082 cogerem-

215 1096 299 1137 que
332 1082 404 1122 illa
442 1081 550 1123 ferre
588 1080 843 1122 toleranter:
876 1080 1089 1121 habebam
1124 1093 1209 1134 quo
1249 1081 1541 1137 confugerem,
1581 1082 1656 1124 ubi

215 1139 579 1194 conquiescerem,
601 1138 724 1193 cujus
746 1138 788 1178 in
812 1151 1005 1178 sermone
1032 1146 1074 1177 et
1109 1137 1320 1178 suavitate
1352 1152 1500 1179 omnes
1533 1153 1656 1179 curas

215 1194 469 1250 doloresque
487 1195 761 1251 deponerem.
795 1193 835 1234 N
841 1208 923 1235 unc
945 1205 1103 1244 autem,
1120 1193 1203 1234 hoc
1225 1203 1312 1235 tarn
1329 1197 1449 1251 gravi
1471 1195 1658 1246 vulnere,

215 1254 346 1294 'etiam
369 1252 452 1303 illa,
475 1267 572 1308 quae
594 1251 869 1293 consanuisse
892 1251 1163 1302 videbantur,
1186 1253 1503 1294 recrudescunt.
1557 1252 1659 1294 Non

215 1310 347 1360 enim,
369 1319 417 1350 ut.
441 1320 530 1350 tum
565 1323 634 1350 me
666 1323 691 1349 a
720 1308 941 1364 republica
974 1317 1180 1349 moestum
1214 1308 1366 1350 domus
1398 1309 1660 1365 excipiebat,

217 1382 315 1421 quae
337 1366 520 1408 levaret:
554 1366 614 1407 sic
637 1380 750 1406 nunc
772 1366 901 1406 domo
924 1379 1111 1406 moerens
1133 1364 1185 1405 ad
1216 1366 1525 1421 rempublicam
1556 1381 1662 1408 con-

198 1424 369 1479 .fugere
403 1438 591 1479 possum,
631 1431 679 1462 ut
718 1423 759 1463 in
799 1422 891 1476 ejus
924 1422 1049 1463 bonis
1084 1421 1369 1476 acquiescam.
1431 1421 1583 1478 Itaque
1618 1432 1662 1463 et

200 1481 350 1522 ·domo
372 1481 537 1531 absum,
560 1490 604 1520 et
625 1478 735 1529 foro,
757 1479 872 1533 quod
894 1492 971 1519 nec
994 1492 1091 1518 eum
1113 1477 1319 1530 dolorem,
1341 1494 1467 1534 quem
1491 1495 1516 1520 a
1537 1493 1662 1535 repu-

221 1537 331 1579 blica
363 1538 504 1593 capio,
526 1536 679 1578 domus
713 1536 807 1590 jam
840 1535 1050 1576 consolari
1085 1543 1242 1591 potest,
1265 1550 1345 1577 nec
1376 1536 1663 1578 domesticum

218 1594 473 1651 respublica.
523 1594 624 1640 Quo
646 1593 784 1649 magis
807 1601 849 1633 te
870 1601 1092 1648 exspecto,
1114 1600 1241 1647 teque
1262 1592 1406 1634 videre
1424 1608 1552 1648 quam
1575 1594 1663 1649 pri-

219 1666 338 1693 mum
368 1652 512 1707 cupio.
575 1649 722 1704 Major
746 1649 850 1690 mihi
872 1648 1030 1691 levatio
1053 1648 1193 1690 afferri
1215 1649 1330 1690 nulla
1353 1659 1508 1705 potest,
1531 1663 1662 1706 quam

218 1708 471 1764 conjunctio
495 1706 818 1748 consuetudinis
847 1720 1177 1761 sermonumque
1210 1715 1478 1749 nostrorum:
1511 1721 1663 1763 quam-

219 1780 349 1822 quam
384 1765 622 1821 sperabam,
646 1773 767 1804 tuum
800 1763 1033 1804 adventurn
1055 1763 1137 1816 (sic
1168 1763 1282 1804 enirn
1318 1764 1564 1815 audiebam)
1586 1779 1663 1820 ap-

221 1823 524 1879 propinquare.
586 1819 681 1876 Ego
717 1829 860 1861 autem
893 1835 991 1861 cum
1026 1819 1170 1861 multis
1200 1820 1253 1861 de
1274 1821 1412 1861 causis
1436 1831 1477 1862 te
1498 1830 1662 1877 exopto

221 1894 350 1935 quam
383 1880 568 1935 primum
602 1878 768 1919 videre:
803 1887 895 1918 tum
929 1877 1075 1928 etiam,
1110 1886 1157 1917 ut
1189 1887 1288 1918 ante
1321 1888 1664 1920 commentemur

225 1938 334 1977 inter
366 1951 458 1988 nos,
480 1950 567 1991 qua
597 1935 763 1976 ratione
794 1934 919 1975 nobis
955 1933 1263 1975 traducendum
1286 1934 1341 1975 sit
1371 1935 1453 1976 hoc
1476 1945 1662 1991 tempus,

223 1993 338 2050 quod
366 2003 430 2034 est
463 2002 601 2034 totum
635 1992 687 2033 ad
724 1992 847 2032 unius
870 1990 1135 2032 voluntatem
1167 1992 1597 2043 accommodandum,
1619 2003 1663 2033 et

224 2051 461 2107 prudentis,
482 2060 526 2090 et
558 2048 756 2099 liberalis,
777 2057 820 2090 et
850 2052 917 2101 (-ut
950 2048 1215 2104 perspexisse
1239 2048 1405 2100 videor)
1426 2064 1504 2090 nec
1536 2065 1562 2090 a
1594 2063 1663 2090 me

222 2108 366 2158 alieni,
389 2117 433 2149 et
456 2108 532 2148 tibi
556 2106 819 2148 amicissimi.
875 2105 1005 2152 Quod
1027 2120 1124 2146 cum
1149 2105 1209 2146 ita
1231 2106 1300 2156 sit,
1323 2120 1491 2161 magnae
1513 2115 1578 2147 est
1600 2116 1665 2146 ta-

224 2179 323 2205 men
346 2164 680 2215 deliberationis,
703 2178 798 2218 quae
822 2163 930 2203 ratio
953 2162 1008 2202 sit
1030 2162 1217 2203 ineunda
1238 2163 1377 2214 nobis,
1400 2177 1485 2205 non
1508 2161 1664 2219 agendi

226 2221 402 2278 aliquid,
425 2221 498 2262 sed
521 2221 632 2262 illius
654 2234 859 2262 concessu
882 2230 924 2260 et
947 2219 1158 2260 beneficio
1179 2219 1442 2275 quiescendi.
1502 2219 1622 2261 Vale.

745 2308 1150 2346 ARGUMENTUM.

222 2373 400 2410 ,Laudato
418 2373 567 2408 consilio
587 2377 620 2408 et
646 2373 842 2419 prudentia
860 2373 1043 2415 Marcelli,
1063 2374 1126 2420 qui
1154 2373 1272 2408 abesse
1298 2385 1321 2408 a
1344 2373 1471 2420 patria
1494 2375 1671 2419 perpetuo

221 2440 226 2445 ·
281 2426 422 2461 volebat
436 2439 448 2465 ;
477 2426 605 2459 suadet
631 2424 746 2460 nihilo
774 2427 903 2466 vu’nus,
934 2430 973 2460 ut
1000 2429 1214 2467 revertatur,
1240 2426 1328 2471 quia
1354 2425 1392 2460 id
1407 2422 1528 2472 facile
1555 2425 1667 2472 impe-

224 2482 227 2484 ’
284 2482 383 2512 trare
401 2489 423 2512 α
443 2476 581 2512 Caesare
603 2478 741 2523 possit:
769 2488 834 2513 nec
861 2478 974 2512 tutius
1002 2477 1100 2515 alibi,
1122 2488 1186 2512 uec
1212 2476 1337 2511 melius
1363 2477 1475 2518 vivat,
1495 2487 1603 2524 quam
1628 2477 1670 2512 in

224 2526 228 2528 ’
283 2530 410 2578 patria
427 2533 462 2564 et
481 2529 579 2577 apud
595 2540 688 2564 suos.

274 2654 313 2683 25
337 2655 438 2682 vester
465 2646 595 2691 Ga'tlus]
620 2651 749 2691 Nempe
773 2652 810 2688 is,
835 2652 887 2691 qui
912 2662 929 2683 e
1014 2652 1054 2682 26
1077 2657 1196 2682 eccum
1209 2651 1416 2692 quibusdam]
1439 2652 1491 2682 Sic
1506 2652 1666 2692 accipien-

226 2693 330 2734 ⁴gente
353 2695 496 2735 Sulpicia
518 2694 602 2726 fuit:
627 2704 702 2724 nam
725 2699 775 2724 est
797 2698 830 2724 et
847 2695 929 2724 alius
972 2692 1062 2730 dum,
1086 2699 1123 2723 ut
1147 2703 1230 2733 saepe
1253 2696 1371 2735 aliquis
1393 2694 1527 2726 dicitur.
1550 2703 1667 2735 nempe

232 2746 272 2766 ex
289 2736 425 2774 Aquilia.
443 2748 472 2766 v.
491 2735 582 2766 Clav.
603 2736 784 2778 male-Mss.
799 2736 930 2775 quidam
972 2737 1047 2767 aliis
1061 2736 1263 2777 quibusdam.

234 2782 273 2809 ut
288 2779 350 2809 Gu.
363 2783 397 2809 et
410 2778 484 2810 edd.
501 2779 650 2819 quaedaui
663 2783 785 2810 veteres
801 2782 918 2811 noster.
