1865 3223
470 94 548 132 AD
576 94 618 132 C.
637 91 897 130 CASSIUM
926 92 1000 129 ET
1025 92 1212 129 ALIOS.
1485 95 1562 131 309

126 207 169 239 et
203 207 300 249 tres,
321 211 426 253 quas
461 212 537 239 nos
571 195 844 245 adduximus,
877 209 975 250 ego,
1004 193 1220 244 Turulius,
1256 193 1465 245 Patiscus,
1500 196 1561 236 fa-

124 255 206 296 cile
238 255 517 311 praestabunt.
579 252 634 293 Et
665 251 762 292 volo
792 265 866 292 vos
902 252 1009 292 bene
1042 264 1224 306 sperare,
1253 261 1295 290 et
1330 252 1559 306 rempubli-

125 327 236 362 cam,
257 313 298 342 32
315 320 359 352 ut
383 326 456 352 vos
481 310 576 351 istic
597 309 849 364 expedistis,
872 308 932 349 ita
957 322 1030 363 pro
1061 318 1207 348 nostra
1227 317 1347 362 parte
1369 309 1561 348 celeriter

127 369 248 410 vobis
270 368 463 424 expediri
493 379 629 422 posse,
651 365 881 407 confidere.
944 364 1061 405 Vale.
1124 363 1241 405 Data
1274 363 1423 405 Idibus
1454 364 1558 406 Jun.

128 424 290 481 Cypro,
313 440 338 466 a
360 423 777 478 Crommyu-acride.

641 511 1042 548 ARGUMENTUM.
1578 511 1626 545 14

125 575 288 624 Exponit
305 586 360 611 res
377 586 401 609 a
416 585 454 609 se
469 577 613 620 gestas:
642 573 804 610 Rhodios
822 579 965 610 accusat
981 590 993 610 .·
1019 574 1313 622 procurationem
1331 573 1428 608 Asiae
1443 573 1536 620 petit
1550 589 1561 608 .-

502 627 633 661 merz'ta
650 638 716 661 sua
735 628 772 662 in
791 638 901 674 remp.
921 629 1185 662 commemorat.

324 690 644 734 LENTULUS
677 692 982 734 CICERONI
1016 692 1134 734 SUO
1167 692 1210 733 S.
1237 691 1286 732 P.
1311 691 1368 733 D.

129 748 274 803 CUM
313 759 496 801 Brutum
531 770 725 802 nostrum
762 760 1074 812 convenissem,
1107 774 1290 815 eumque
1331 759 1489 800 tardius
1523 759 1565 800 in

128 817 276 858 Asiam
313 827 539 858 venturum
572 818 980 861 animadverterem:
1014 818 1056 858 in
1087 816 1236 858 Asiam
1269 816 1390 867 redii,
1424 826 1469 857 ut
1502 830 1568 857 re-

128 872 281 929 liquias
305 875 388 915 mei
425 874 582 915 laboris
610 874 871 930 colligerem,
892 885 935 915 et
966 875 1190 930 pecuniam
1222 888 1349 928 quam
1381 875 1566 929 primum

131 929 316 972 Romam
351 930 581 973 mitterem.
642 931 820 973 Interim
857 931 1060 987 cognovi,
1083 931 1125 972 in
1166 930 1300 986 Lycia
1333 944 1423 971 esse
1461 930 1568 971 clas-

130 1002 219 1028 sem
265 987 517 1040 Dolabellae‚
558 989 826 1045 ampliusque
866 1000 1040 1030 centum
1081 1003 1210 1029 naves
1253 987 1482 1038 onerarias,
1523 991 1568 1028 in

130 1059 235 1099 quas
269 1046 484 1087 exercitus
517 1046 610 1101 ejus
645 1047 807 1102 imponi
845 1055 1014 1102 posset:
1050 1045 1177 1100 idque
1218 1043 1483 1086 Dolabellam
1518 1059 1568 1085 ea

128 1112 272 1143 mente
302 1117 587 1158 comparasse,
624 1113 683 1155 ut,
717 1104 751 1144 si
792 1103 928 1158 Syriae
957 1117 1051 1159 spes
1081 1117 1177 1143 eum
1209 1102 1412 1142 frustrata
1439 1111 1566 1152 esset,

127 1159 435 1201 conscenderet
459 1159 502 1200 in
532 1174 676 1210 naves,
696 1170 740 1201 et
763 1159 932 1201 Italiam
957 1169 1133 1215 peteret,
1157 1173 1284 1213 seque
1306 1173 1404 1199 cum
1427 1157 1566 1199 Anto-

129 1216 212 1257 niis
233 1225 277 1257 et
298 1216 470 1271 reliquis
503 1216 741 1258 latronibus
773 1216 1072 1272 conjungeret.
1132 1215 1271 1270 Cujus
1296 1215 1353 1256 rei
1377 1224 1497 1255 tanto
1520 1215 1565 1256 in

133 1272 288 1314 timore
323 1271 400 1324 fui,
422 1282 485 1324 ut,
507 1273 706 1314 omnibus
743 1274 868 1314 rebus
902 1273 1075 1322 relictis,
1096 1287 1194 1313 cum
1231 1272 1505 1328 paucioribus
1527 1282 1571 1313 et

130 1330 370 1371 minoribus
393 1330 573 1371 navibus
595 1332 634 1360 33
648 1330 700 1371 ad
726 1330 814 1370 illas
837 1330 897 1370 ire
925 1339 1105 1379 conatus
1139 1329 1234 1369 sim.
1296 1329 1408 1373 Quae
1432 1342 1512 1379 res,
1534 1330 1567 1370 si

129 1401 154 1428 a
177 1385 361 1427 Rhodiis
383 1401 469 1428 non
501 1401 638 1428 essem
669 1387 977 1443 interpellatus,
1000 1386 1180 1427 fortasse
1201 1394 1295 1427 tota
1316 1385 1484 1426 sublata
1503 1400 1568 1426 es-

126 1452 215 1496 set:
248 1452 392 1485 tamen
426 1458 583 1499 magna
611 1458 665 1485 ex
702 1454 819 1500 parte
853 1444 1084 1499 profligata
1119 1452 1198 1494 est,
1220 1445 1371 1483 34cum
1394 1442 1567 1497 quidem

127 1498 273 1542 classis
308 1500 516 1556 dissipata
546 1510 671 1551 esset,
693 1501 901 1542 adventus
934 1501 1067 1541 nostri
1105 1500 1272 1550 timore,
1299 1499 1457 1540 milites
1490 1500 1569 1541 du·

128 1571 283 1613 cesque
311 1556 571 1612 effugerunt,
593 1558 799 1599 onerariae
833 1572 981 1599 omnes
1013 1556 1064 1598 ad
1100 1571 1229 1598 unam
1259 1571 1284 1596 a
1313 1556 1438 1597 nobis
1469 1567 1570 1598 sunt

127 1623 340 1670 exceptae.
402 1613 531 1655 Certe
552 1617 591 1645 35
604 1615 737 1670 (quod
764 1616 953 1656 maxime
976 1615 1120 1665 timui)
1141 1614 1182 1645 36
1194 1614 1340 1654 videor
1362 1628 1568 1667 consecu-

128 1680 212 1722 ωε,
236 1682 283 1712 ut
311 1685 398 1712 non
429 1671 565 1727 possit
593 1671 819 1713 Dolabella
842 1672 886 1712 in
918 1671 1088 1713 Italiam
1124 1671 1358 1726 pervenire,
1381 1685 1475 1721 nec,
1499 1685 1566 1711 so-

129 1727 207 1769 ciis
233 1728 319 1769 suis
353 1727 547 1779 firmatis,
578 1729 724 1769 durius
748 1726 878 1770 vobis
899 1728 1068 1770 efficere
1101 1728 1340 1783 negotium.
1403 1726 1609 1769 Rhodiib.

126 1799 204 1838 nos
237 1796 280 1826 et
310 1785 620 1841 rempublicam
641 1800 770 1840 quam
795 1785 915 1827 valde
946 1785 1279 1841 desperaverint,
1310 1798 1364 1825 ex
1397 1783 1568 1836 litteris,

129 1856 234 1897 quas
258 1841 429 1897 publice
453 1842 563 1893 misi,
585 1857 837 1898 cognosces.
896 1845 933 1876 37
949 1841 1006 1884 Et
1026 1842 1199 1897 quidem
1235 1841 1371 1882 multo
1402 1842 1568 1897 parcius

129 1899 294 1955 scripsi.
318 1899 462 1940 mirari
485 1899 588 1940 noli.
612 1900 718 1941 mira
739 1909 805 1940 est
825 1914 972 1940 eorum
997 1899 1199 1940 amentia.
1222 1901 1262 1929 38
1274 1913 1352 1939 nec
1374 1912 1439 1939 me
1462 1913 1568 1940 meae

127 1955 224 2013 ullae
257 1956 458 2012 privatim
491 1956 660 2011 iujuriae
698 1971 926 2012 umquam:
959 1956 1094 1998 malus
1132 1956 1300 1998 animus
1340 1969 1490 1997 eorum
1524 1956 1566 1997 in

171 2099 214 2128 32
235 2101 274 2127 ut
287 2101 318 2127 et
332 2099 575 2128 vos-celeriter
590 2098 678 2128 nobis
698 2099 826 2139 expedi-
867 2099 974 2130 fertur
983 2097 1023 2129 ad
1038 2097 1236 2138 proximum,
1245 2100 1434 2128 consecutus
1446 2097 1569 2135 videor,

133 2140 164 2169 ri
184 2139 290 2179 posse]
321 2139 437 2170 Delevi
464 2143 515 2170 et.-
537 2140 683 2171 alienum
708 2147 771 2178 est,
794 2146 828 2172 et
868 2141 926 2172 sed
947 2141 988 2171 ad
1013 2139 1198 2171 Dolabellae
1228 2139 1407 2170 adventum
1430 2140 1469 2173 ,in
1499 2140 1567 2170 Ita-

133 2181 226 2211 abest
247 2181 298 2212 ed.
314 2181 404 2212 Med.
418 2192 456 2211 ex
478 2181 655 2222 eademque
678 2182 751 2213 dedi
773 2194 828 2213 est-
870 2184 948 2214 liam
965 2184 1025 2213 &c.
1040 2187 1091 2212 est
1113 2181 1225 2222 paullo
1243 2181 1369 2218 durius,
1386 2181 1441 2211 sed
1454 2188 1568 2212 tamen

120 2223 269 2263 periistis,
293 2229 328 2254 et
353 2224 438 2253 vobis
465 2234 482 2254 e
513 2224 577 2255 Ms.
602 2234 675 2254 meo
696 2230 731 2255 et
753 2225 824 2256 edd.
868 2234 935 2255 non
962 2223 1153 2255 absurdum.
1178 2224 1242 2254 nisi
1268 2234 1344 2254 vero
1374 2222 1447 2253 loeo
1478 2229 1570 2255 mota

128 2275 179 2307 pr.
226 2264 320 2296 Vobis
341 2269 405 2302 est,
421 2266 470 2296 uti
486 2266 598 2302 vultis,
615 2268 738 2306 optatis
761 2268 827 2298 Ro·
867 2273 917 2297 est
934 2267 1004 2298 haec
1027 2265 1245 2306 parenthesis,
1261 2270 1295 2297 et
1318 2265 1474 2306 ponenda
1496 2272 1570 2306 post

120 2316 205 2338 vmaz,
220 2308 307 2338 nobis
322 2317 380 2348 pro
394 2317 417 2337 a
429 2308 516 2338 nobis
530 2315 568 2338 ut
579 2308 650 2339 vult
665 2309 825 2347 Graevius,
868 2308 1059 2341 Dolabella.

127 2349 238 2389 friget.
253 2354 303 2380 est
319 2350 408 2380 enim
425 2349 456 2379 id
471 2350 505 2380 in
522 2351 626 2380 verbis
635 2360 698 2391 pro
713 2355 826 2382 nostra
911 2351 953 2382 36
972 2361 1004 2382 v.
1020 2351 1121 2381 etiam
1135 2349 1336 2390 consecutus]
1357 2350 1422 2380 Ms.
1441 2353 1567 2386 noster,

123 2396 234 2433 parte.
279 2392 333 2422 Sic
349 2396 462 2421 tamen
480 2392 545 2423 Gu.
564 2395 590 2423 l.
606 2394 636 2424 2.
869 2393 933 2423 Gu.
962 2396 986 2423 Ι.
1012 2397 1043 2424 2.
1066 2394 1166 2423 etiam
1187 2403 1264 2430 esse,
1286 2399 1324 2422 ut
1347 2392 1397 2423 ed.
1417 2391 1506 2421 Med.
1530 2397 1568 2421 at

170 2436 210 2465 33
233 2434 280 2464 ad
298 2435 376 2464 illas
398 2434 459 2473 ire]
486 2435 506 2464 i.
521 2444 550 2464 e.
566 2434 718 2466 adversus
741 2435 826 2466 illas.
869 2435 942 2466 edd.
965 2436 1063 2467 Rom.
1077 2435 1161 2466 Ven.
1190 2436 1282 2469 1469.
1303 2437 1395 2468 1471.
1413 2439 1568 2463 neutrum

131 2481 169 2505 ut
182 2475 304 2506 dicitur
316 2476 365 2506 ire
378 2476 413 2506 in
426 2477 558 2514 hostem,
573 2477 619 2508 sic
633 2478 682 2508 ire
701 2478 747 2508 ad
766 2488 827 2509 na·
871 2478 1009 2516 habent,
1042 2476 1131 2516 quod
1165 2478 1308 2509 maxime
1346 2476 1454 2517 placet
1468 2486 1474 2504 τ
1512 2474 1570 2505 ina

133 2526 186 2548 ves
200 2516 352 2549 hostium.
870 2524 951 2550 sunt
962 2531 981 2551 a
995 2519 1242 2559 glossatoribus.

170 2561 212 2590 34
241 2560 357 2601 Quum
386 2561 733 2602 quidem—dissipata
761 2561 822 2601 est]
910 2565 949 2597 37
974 2561 1025 2593 Et
1048 2561 1192 2602 quidem]
1219 2562 1281 2592 Gu.
1306 2562 1334 2590 l.
1361 2560 1393 2589 ‘2-
1417 2558 1490 2589 edd.
1519 2568 1568 2599 pr.

128 2600 211 2632 Mss.
241 2607 276 2632 et
305 2602 376 2633 edd.
411 2607 494 2633 vett.
523 2604 654 2643 quando
683 2604 824 2644 quidem.
869 2603 1048 2644 Equidem.

128 2642 235 2685 Credo
256 2644 404 2675 Cassium
428 2646 593 2686 scripsisse
614 2647 826 2677 cum—dissi·
912 2649 952 2678 38
980 2656 1039 2676 nec
1067 2641 1334 2684 mie-umquam]
1367 2640 1470 2672 Deest
1497 2651 1568 2671 ver·

99 2690 105 2699 ’·
123 2689 210 2726 pata
224 2689 314 2722 esset,
333 2686 420 2725 quod
441 2688 614 2727 sequentia
634 2687 828 2728 effugerunt
869 2688 960 2718 bum.
973 2687 1106 2727 quidam
1122 2686 1273 2717 addidere
1286 2687 1468 2719 moverunt,
1481 2683 1567 2722 quod

129 2732 248 2759 -sunt
262 2732 400 2767 exceptoe
414 2728 501 2760 clare
516 2730 700 2770 postulant.
870 2740 948 2761 sane
971 2727 1226 2768 intelligendum
1253 2734 1326 2759 est:
1350 2725 1407 2758 sed
1426 2725 1511 2757 latet
1532 2725 1567 2760 in

170 2769 318 2814 357quod
331 2769 476 2802 maxime
490 2771 604 2813 timui]
628 2773 662 2803 Si
686 2780 753 2803 non
778 2781 828 2802 re·
859 2771 1010 2811 serenda
1025 2769 1178 2811 nonficit.

809 2819 887 2857 x3
