1903 3218
329 91 406 128 238
695 92 875 131 EPIST.
902 93 1089 132 LIBER
1114 95 1384 143 DECiMUs

322 206 403 235 nec
436 203 593 236 nostrae
614 195 838 251 dignitatis
863 196 1029 238 videtur
1060 213 1164 250 esse,
1189 199 1247 240 ibi
1278 199 1533 240 sententiam
1556 198 1609 239 de
1628 209 1751 252 repu-

324 249 436 291 blica
455 250 611 303 dicere,
633 253 705 294 ubi
739 268 807 294 me
838 265 882 294 et
917 254 1067 296 melius
1099 266 1142 296 et
1175 257 1369 311 proprius
1389 255 1565 296 audiant
1583 253 1752 304 armati,

321 320 450 361 quam
470 319 698 350 senatores,
759 311 1034 366 Quapropter
1059 312 1102 353 in
1137 313 1313 368 privatis
1347 312 1470 353 rebus
1492 311 1656 352 nullum
1679 323 1753 350 ne-

320 377 405 418 que
425 364 633 417 officium,
656 381 793 421 neque
823 367 1011 408 studium
1046 382 1188 409 meum
1215 369 1498 410 desiderabis:
1531 381 1584 409 ne
1603 369 1647 408 in
1672 380 1751 421 pu-

320 419 444 461 blicis
465 422 653 476 quidem,
676 424 710 463 si
733 423 835 477 quid
853 424 947 473 erit,
971 424 1013 464 in
1043 440 1128 479 quo
1161 440 1227 466 me
1260 427 1461 467 interesse
1488 437 1656 466 neeesse
1678 422 1749 472 sit,

318 491 521 532 umquam
543 479 685 528 deero,
707 493 759 519 ne
777 494 874 520 cum
900 481 1088 535 periculo
1103 481 1276 536 quidem
1297 497 1407 534 meo,
1425 481 1627 538 dignitati
1647 490 1748 520 tuae.

319 531 371 574 In
394 534 446 574 iis
467 544 610 576 autern
633 536 772 587 rebus,
804 550 901 590 quae
929 535 1223 588 nihilominus,
1246 548 1291 578 ut
1310 553 1392 594 ego
1414 539 1566 589 absim,
1588 535 1745 578 confici

317 601 510 645 possunt,
536 602 633 646 peto
649 608 674 633 a
696 602 752 643 te,
776 602 822 633 ut
846 606 912 633 me
934 593 1144 634 rationem
1168 593 1323 635 habere
1349 595 1448 637 velis
1469 606 1512 636 et
1534 593 1681 636 salutis
1702 602 1748 633 et

314 647 540 703 dignitatis
563 663 684 690 meae.

276 709 301 746 3
822 705 1228 744 ARGUMENTUM.

266 952 287 982 b

141 2444 175 2475 p.
196 2436 265 2466 145.

317 765 459 803 Veritus
491 768 625 808 Cicero,
644 780 700 810 ne,
721 770 817 816 quod
847 769 993 810 accidit,
1026 781 1106 804 cum
1123 771 1285 806 Antonio
1301 781 1338 806 se
1358 770 1516 805 Plancus
1534 768 1743 817 conjungat,

363 825 567 866 aucupatur
597 821 763 856 laudibus
792 819 948 867 ejusdem
976 821 1265 864 benivolentiam,
1298 822 1537 869 hortaturque
1565 826 1606 858 ut
1634 832 1745 869 remp.

361 875 518 907 tueatur.

690 937 924 981 CICERO
958 939 1207 981 PLANCO
1240 940 1283 981 S.
1309 940 1366 982 D.

309 993 454 1046 CUM
479 1006 616 1062 ipsum
646 1005 850 1054 Furnium
874 1022 948 1063 per
977 1023 1021 1049 se
1049 1009 1134 1050 vidi
1155 1008 1450 1060 libentissime,
1472 1017 1564 1049 tum
1586 1006 1670 1048 hoe
1691 1005 1742 1046 li-

307 1061 493 1113 bentius,
516 1064 629 1118 quod
660 1064 778 1105 illum
801 1065 992 1114 audiens,
1012 1077 1052 1106 te
1076 1066 1250 1107 videbar
1271 1066 1432 1107 audire.
1495 1065 1607 1106 Nam
1631 1073 1674 1104 et
1695 1063 1740 1103 in

305 1132 348 1159 re
382 1118 553 1160 militari
590 1121 804 1171 virtutem,
845 1132 888 1162 et
922 1123 962 1162 in
997 1122 1336 1163 administranda
1367 1120 1740 1178 provinciajusti-
1796 1172 1803 1176 -

305 1175 424 1227 tiam,
457 1187 500 1217 et
534 1178 577 1218 in
609 1178 726 1219 omni
760 1192 915 1234 genere
950 1179 1221 1234 prudentiam
1252 1179 1358 1220 mihi
1383 1189 1500 1220 tuam
1519 1177 1737 1232 exposuit,

303 1234 324 1262 ⁴
344 1241 388 1273 et
410 1244 617 1290 praeterea
639 1235 744 1276 mihi
770 1250 855 1276 non
878 1236 1072 1291 ignotam
1096 1237 1140 1277 in
1158 1236 1469 1277 consuetudine
1490 1244 1533 1276 et
1555 1233 1739 1275 familia-

303 1289 430 1331 ritate
452 1292 706 1333 suavitatem
731 1305 845 1332 tuam
866 1293 1092 1346 adjunxit:
1118 1302 1324 1349 praeterea
1342 1306 1552 1334 summam
1569 1305 1671 1346 erga
1692 1303 1736 1330 se

301 1344 616 1389 liberalitatem.
678 1349 790 1395 Quae
824 1350 970 1390 omnia
1006 1349 1112 1390 mihi
1147 1350 1355 1406 jucunda,
1379 1350 1461 1391 hoc
1492 1359 1733 1389 extremum

299 1403 429 1444 etiam
453 1414 624 1460 gratum
649 1404 745 1446 fuit.
809 1404 918 1461 Ego,
945 1406 1116 1458 Plance,
1143 1407 1501 1448 necessitudinem
1523 1405 1735 1446 constitu·

301 1467 387 1500 tam
411 1460 541 1502 habui
565 1476 664 1503 cum
686 1462 815 1503 domo
845 1472 999 1514 vestra,
1032 1473 1132 1504 ante
1162 1463 1381 1518 aliquanto
1405 1465 1566 1517 5qua1n
1588 1471 1634 1502 tu
1659 1474 1734 1501 na·

298 1524 368 1557 tus
389 1522 526 1569 esses;
558 1532 747 1559 amorem
778 1529 921 1560 autem
953 1533 1057 1575 erga
1087 1529 1128 1561 te
1150 1520 1204 1561 ab
1228 1520 1403 1560 ineunte
1426 1518 1610 1574 pueritia
1632 1526 1730 1567 tua3

294 1573 550 1615 confirmata
563 1575 659 1630 jam
678 1584 821 1627 aetate,
840 1575 1176 1617 familiaritatem
1206 1591 1303 1617 eum
1334 1576 1478 1617 studio
1500 1588 1612 1625 meo,
1637 1584 1729 1614 tum

285 1629 456 1684 judicio
496 1641 569 1673 tuo
599 1632 896 1674 constitutam.
960 1632 1044 1674 His
1076 1633 1129 1675 de
1162 1633 1302 1674 causis
1326 1631 1580 1674 mirabiliter
1601 1630 1727 1671 faveo

291 1686 494 1742 dignitati
521 1698 622 1740 tuae,
644 1704 773 1745 quam
796 1690 901 1730 mihi
926 1699 1068 1730 tecum
1092 1699 1235 1731 statuo
1256 1690 1414 1731 habere
1436 1701 1726 1733 communem.

294 1742 455 1785 Omnia
480 1760 647 1786 summa
667 1758 922 1787 consecutus
944 1761 1003 1797 es,
1027 1746 1184 1788 virtute
1205 1747 1328 1797 duee,
1348 1746 1508 1787 comite
1528 1745 1725 1786 fortuna:

290 1813 425 1856 eaque
446 1816 489 1843 es
511 1802 692 1858 adeptus
714 1802 976 1854 adolescens,
997 1803 1143 1845 multis
1175 1803 1495 1853 invidentibus3
1525 1815 1634 1856 quos
1661 1801 1727 1841 in-

287 1858 418 1913 genio
453 1859 747 1914 industriaque
780 1859 960 1915 fregisti.
1024 1860 1153 1901 Nunc
1185 1874 1253 1901 me
1280 1859 1621 1900 amantissimum
1647 1857 1724 1906 tui,

285 1915 447 1956 nemini
469 1916 879 1971 eoncedentem,qui
903 1916 982 1956 tibi
1002 1926 1213 1958 vetustate
1232 1915 1556 1958 necessitudinis
1580 1913 1724 1970 potior

287 1971 424 2026 possit
455 1986 560 2024 esse,
583 1973 617 2014 si
639 1973 802 2023 audies,
825 1987 997 2014 omnem
1033 1973 1112 2014 tibi
1143 1973 1316 2028 reliquae
1341 1974 1441 2014 vitae
1461 1972 1721 2028 dignitatem

286 2041 341 2069 ex
369 2029 536 2085 optimo
559 2029 808 2085 reipublicae
842 2039 956 2070 statu
977 2030 1186 2085 acquires.
1247 2030 1341 2071 Seis
1365 2028 1574 2086 profecto,
1593 2026 1722 2081 (nihil

283 2085 399 2126 enim
423 2095 464 2127 te
482 2085 631 2142 fugere
651 2087 828 2142 potuit‚)
857 2085 988 2128 fuisse
1005 2087 1222 2142 quoddam
1246 2096 1428 2142 tempus,
1450 2099 1549 2127 cum
1577 2084 1720 2126 homi-

281 2155 357 2182 nes
392 2143 705 2193 existimarent,
745 2153 787 2183 te
818 2143 946 2184 nimi's
979 2145 1136 2184 servire
1167 2145 1457 2199 temporibus:
1490 2141 1607 2198 quod
1632 2155 1716 2197 ego

280 2212 452 2254 quoque
473 2200 782 2250 existimarem,
804 2211 845 2240 te
867 2200 899 2240 si
923 2215 986 2251 ea,
1006 2215 1102 2256 quae
1127 2201 1359 2256 patiebare,
1384 2200 1564 2256 probare
1584 2198 1715 2240 etiam

279 2255 523 2297 arbitrarer.
583 2257 666 2299 Sed
702 2271 800 2298 eum
838 2257 1136 2313 intelligerem,
1173 2258 1276 2312 quid
1312 2258 1505 2308 sentires,
1529 2264 1570 2296 te
1601 2254 1714 2296 arbi-

280 2313 424 2353 trabar
462 2313 617 2364 videre,
650 2314 753 2369 quid
775 2329 934 2369 posses,
998 2314 1126 2356 Nunc
1158 2315 1242 2355 alia
1274 2315 1382 2355 ratio
1416 2323 1494 2355 est.
1517 2312 1711 2353 omnium

278 2382 418 2410 rerum
451 2377 572 2411 tuum
595 2371 812 2425 judicium
847 2381 926 2421 est,
959 2371 1086 2426 idque
1121 2371 1318 2412 liberum.
1381 2369 1544 2413 Consul
1573 2382 1617 2409 es
1638 2367 1712 2408 de-

278 2426 487 2483 signatus,
508 2427 673 2483 optima
702 2437 845 2478 aetate,
875 2442 1042 2469 summa
1070 2428 1329 2484 eloquentia,
1352 2426 1574 2469 6maxima
1595 2423 1711 2466 orbi-

316 2559 335 2587 4
357 2561 388 2587 et
404 2557 777 2597 prumea—pretam]
804 2557 969 2598 Repetitio
1013 2557 1091 2588 dum
1113 2559 1225 2597 putavi
1241 2567 1330 2598 esses.
1374 2557 1459 2597 Quia
1472 2558 1521 2588 sic*
1540 2558 1574 2588 in
1598 2557 1661 2588 Gu.
1683 2560 1710 2590 1.

274 2597 344 2628 haee
372 2599 516 2639 ejusdem
538 2599 626 2630 verbi
648 2604 758 2639 potest
779 2609 846 2630 esse
868 2604 970 2639 gratae
1013 2603 1042 2632 2.
1056 2606 1089 2630 et
1106 2600 1139 2629 in
1155 2600 1204 2630 ed.
1221 2602 1311 2634 1471.
1328 2600 1443 2639 reperi,
1459 2601 1576 2640 recepi.

273 2639 484 2680 negligentias
513 2641 712 2681 exemplum.
747 2643 890 2682 primum
919 2647 970 2671 ta·
1055 2643 1075 2672 6
1097 2643 1246 2672 maxima
1271 2642 1409 2672 orbitate
1434 2642 1529 2682 reip]
1570 2641 1716 2673 Videtur*

260 2691 349 2719 ,men
374 2683 545 2715 commode
568 2683 718 2721 abfuerit,
742 2688 776 2714 et
798 2689 905 2723 potest
920 2693 970 2713 er·
1011 2683 1165 2714 excidisse
1195 2685 1229 2713 in
1257 2693 1314 2723 per
1341 2684 1481 2723 primam
1512 2684 1642 2714 literam
1671 2684 1706 2714 in

272 2734 344 2755 rore
371 2723 494 2757 librarii
516 2737 534 2757 e
556 2725 764 2766 sequentibus
789 2726 966 2767 repetitum
1011 2735 1100 2756 mam.
1132 2731 1170 2755 nt
1192 2725 1281 2756 alibi.
1311 2725 1363 2756 hic
1390 2725 1521 2766 quidem
1546 2726 1597 2759 vix
1619 2734 1705 2757 com<

269 2776 348 2799 esse.
577 2771 581 2774 ’
795 2770 797 2772 ’
1014 2767 1109 2800 mode
1123 2767 1278 2800 abfuerit.

312 2812 331 2841 5
353 2819 451 2852 quam
466 2814 503 2841 tu
526 2815 624 2841 natus
638 2809 683 2853 es]
707 2810 842 2852 Semp'er
855 2809 966 2850 legen-
