<?xml version="1.0" encoding="UTF-8"?>
<!DOCTYPE html PUBLIC "-//W3C//DTD XHTML 1.0 Transitional//EN"
    "http://www.w3.org/TR/xhtml1/DTD/xhtml1-transitional.dtd">
<html xmlns="http://www.w3.org/1999/xhtml" xml:lang="en" lang="en">
 <head>
  <title>
</title>
<meta http-equiv="Content-Type" content="text/html;charset=utf-8" />
  <meta name='ocr-system' content='tesseract 3.04.00' />
  <meta name='ocr-capabilities' content='ocr_page ocr_carea ocr_par ocr_line ocrx_word'/>
</head>
<body>
  <div class='ocr_page' id='page_1' title='image "./p1operaomnia03ciceuoft_0223.png"; bbox 0 0 1903 3218; ppageno 0'>
   <div class='ocr_carea' id='block_1_1' title="bbox 425 97 1608 146">
    <p class='ocr_par' dir='ltr' id='par_1_1' title="bbox 425 97 1608 146">
     <span class='ocr_line' id='line_1_1' title="bbox 425 97 1608 146; baseline 0.007 -8"><span class='ocrx_word' id='word_1_1' title='bbox 425 101 508 138; x_wconf 81' lang='lat' dir='ltr'>AD</span> <span class='ocrx_word' id='word_1_2' title='bbox 534 98 589 137; x_wconf 92' lang='lat' dir='ltr'>M.</span> <span class='ocrx_word' id='word_1_3' title='bbox 617 97 953 136; x_wconf 88' lang='lat' dir='ltr'>VARRONEM</span> <span class='ocrx_word' id='word_1_4' title='bbox 978 99 1054 137; x_wconf 90' lang='lat' dir='ltr'>ET</span> <span class='ocrx_word' id='word_1_5' title='bbox 1080 100 1360 140; x_wconf 88' lang='lat' dir='ltr'><strong>CETEROS.</strong></span> <span class='ocrx_word' id='word_1_6' title='bbox 1534 110 1608 146; x_wconf 74' lang='lat'>211</span> 
     </span>
    </p>
   </div>
   <div class='ocr_carea' id='block_1_2' title="bbox 174 202 1606 486">
    <p class='ocr_par' dir='ltr' id='par_1_2' title="bbox 174 202 1606 486">
     <span class='ocr_line' id='line_1_2' title="bbox 177 202 1603 264; baseline 0.002 -19"><span class='ocrx_word' id='word_1_7' title='bbox 177 203 318 245; x_wconf 85' lang='lat' dir='ltr'>minus</span> <span class='ocrx_word' id='word_1_8' title='bbox 358 202 462 254; x_wconf 89' lang='lat' dir='ltr'>fero,</span> <span class='ocrx_word' id='word_1_9' title='bbox 500 217 626 258; x_wconf 89' lang='lat' dir='ltr'>quam</span> <span class='ocrx_word' id='word_1_10' title='bbox 667 202 936 243; x_wconf 85' lang='lat' dir='ltr'>severitatem</span> <span class='ocrx_word' id='word_1_11' title='bbox 969 203 1230 245; x_wconf 89' lang='lat' dir='ltr'>otiosorum:</span> <span class='ocrx_word' id='word_1_12' title='bbox 1273 215 1331 256; x_wconf 89' lang='lat' dir='ltr'>e,t</span> <span class='ocrx_word' id='word_1_13' title='bbox 1377 208 1411 236; x_wconf 83' lang='lat'>¹3</span> <span class='ocrx_word' id='word_1_14' title='bbox 1429 222 1603 264; x_wconf 92' lang='lat' dir='ltr'>quoquo</span> 
     </span>
     <span class='ocr_line' id='line_1_3' title="bbox 177 258 1606 315; baseline 0.003 -13"><span class='ocrx_word' id='word_1_15' title='bbox 177 261 308 302; x_wconf 91' lang='lat' dir='ltr'>modo</span> <span class='ocrx_word' id='word_1_16' title='bbox 330 274 374 301; x_wconf 89' lang='lat' dir='ltr'>se</span> <span class='ocrx_word' id='word_1_17' title='bbox 395 274 459 300; x_wconf 86' lang='lat' dir='ltr'>res</span> <span class='ocrx_word' id='word_1_18' title='bbox 483 260 624 309; x_wconf 83' lang='lat' dir='ltr'>habet,</span> <span class='ocrx_word' id='word_1_19' title='bbox 653 259 788 314; x_wconf 86' lang='lat' dir='ltr'>magis</span> <span class='ocrx_word' id='word_1_20' title='bbox 813 258 905 300; x_wconf 91' lang='lat' dir='ltr'>illos</span> <span class='ocrx_word' id='word_1_21' title='bbox 930 273 1088 311; x_wconf 84' lang='lat' dir='ltr'>vereor,</span> <span class='ocrx_word' id='word_1_22' title='bbox 1120 261 1194 315; x_wconf 89' lang='lat' dir='ltr'>qui</span> <span class='ocrx_word' id='word_1_23' title='bbox 1217 262 1260 301; x_wconf 88' lang='lat' dir='ltr'>in</span> <span class='ocrx_word' id='word_1_24' title='bbox 1293 262 1405 302; x_wconf 89' lang='lat' dir='ltr'>bello</span> <span class='ocrx_word' id='word_1_25' title='bbox 1435 266 1606 306; x_wconf 86' lang='lat' dir='ltr'>occide-</span> 
     </span>
     <span class='ocr_line' id='line_1_4' title="bbox 176 316 1602 381; baseline 0.002 -23"><span class='ocrx_word' id='word_1_26' title='bbox 176 326 290 368; x_wconf 88' lang='lat' dir='ltr'>runt,</span> <span class='ocrx_word' id='word_1_27' title='bbox 308 331 435 381; x_wconf 75' lang='lat' dir='ltr'>quam</span> <span class='ocrx_word' id='word_1_28' title='bbox 448 316 530 357; x_wconf 83' lang='lat' dir='ltr'>hos</span> <span class='ocrx_word' id='word_1_29' title='bbox 548 329 665 366; x_wconf 80' lang='lat' dir='ltr'>cure,</span> <span class='ocrx_word' id='word_1_30' title='bbox 683 316 839 371; x_wconf 86' lang='lat' dir='ltr'>quibus</span> <span class='ocrx_word' id='word_1_31' title='bbox 858 331 944 356; x_wconf 91' lang='lat' dir='ltr'>non</span> <span class='ocrx_word' id='word_1_32' title='bbox 964 316 1265 368; x_wconf 80' lang='lat' dir='ltr'>satisfacimus,</span> <span class='ocrx_word' id='word_1_33' title='bbox 1288 318 1390 372; x_wconf 82' lang='lat' dir='ltr'>quia</span> <span class='ocrx_word' id='word_1_34' title='bbox 1403 320 1602 363; x_wconf 89' lang='lat' dir='ltr'>vivimus.</span> 
     </span>
     <span class='ocr_line' id='line_1_5' title="bbox 177 371 1600 430; baseline 0.002 -15"><span class='ocrx_word' id='word_1_35' title='bbox 177 372 292 415; x_wconf 84' lang='lat' dir='ltr'>Mihi</span> <span class='ocrx_word' id='word_1_36' title='bbox 317 375 350 415; x_wconf 93' lang='lat' dir='ltr'>si</span> <span class='ocrx_word' id='word_1_37' title='bbox 377 374 560 430; x_wconf 87' lang='lat' dir='ltr'>spatium</span> <span class='ocrx_word' id='word_1_38' title='bbox 583 371 742 413; x_wconf 86' lang='lat' dir='ltr'>fuerit</span> <span class='ocrx_word' id='word_1_39' title='bbox 733 387 774 412; x_wconf 80' lang='lat' dir='ltr'>in</span> <span class='ocrx_word' id='word_1_40' title='bbox 797 371 1086 414; x_wconf 86' lang='lat' dir='ltr'>Tusculanum</span> <span class='ocrx_word' id='word_1_41' title='bbox 1108 385 1208 415; x_wconf 85' lang='lat' dir='ltr'>ante</span> <span class='ocrx_word' id='word_1_42' title='bbox 1230 389 1363 415; x_wconf 88' lang='lat' dir='ltr'>nonas</span> <span class='ocrx_word' id='word_1_43' title='bbox 1387 376 1600 428; x_wconf 89' lang='lat' dir='ltr'>veniendi,</span> 
     </span>
     <span class='ocr_line' id='line_1_6' title="bbox 174 429 1599 486; baseline 0.003 -16"><span class='ocrx_word' id='word_1_44' title='bbox 174 430 273 472; x_wconf 91' lang='lat' dir='ltr'>istic</span> <span class='ocrx_word' id='word_1_45' title='bbox 295 439 342 472; x_wconf 88' lang='lat' dir='ltr'>te</span> <span class='ocrx_word' id='word_1_46' title='bbox 360 431 537 472; x_wconf 90' lang='lat' dir='ltr'>videbo:</span> <span class='ocrx_word' id='word_1_47' title='bbox 562 429 625 468; x_wconf 88' lang='lat' dir='ltr'>sin</span> <span class='ocrx_word' id='word_1_48' title='bbox 649 430 804 480; x_wconf 87' lang='lat' dir='ltr'>minus,</span> <span class='ocrx_word' id='word_1_49' title='bbox 828 444 1054 486; x_wconf 84' lang='lat' dir='ltr'>persequar</span> <span class='ocrx_word' id='word_1_50' title='bbox 1076 431 1119 471; x_wconf 94' lang='lat' dir='ltr'>in</span> <span class='ocrx_word' id='word_1_51' title='bbox 1143 430 1412 474; x_wconf 86' lang='lat' dir='ltr'>Cumanum:</span> <span class='ocrx_word' id='word_1_52' title='bbox 1435 441 1478 473; x_wconf 90' lang='lat' dir='ltr'>et</span> <span class='ocrx_word' id='word_1_53' title='bbox 1500 445 1599 475; x_wconf 86' lang='lat' dir='ltr'>ante</span> 
     </span>
    </p>
   </div>
   <div class='ocr_carea' id='block_1_3' title="bbox 171 485 1640 616">
    <p class='ocr_par' dir='ltr' id='par_1_3' title="bbox 171 485 1640 616">
     <span class='ocr_line' id='line_1_7' title="bbox 171 485 1155 544; baseline 0 -16"><span class='ocrx_word' id='word_1_54' title='bbox 171 496 212 527; x_wconf 89' lang='lat' dir='ltr'>te</span> <span class='ocrx_word' id='word_1_55' title='bbox 233 488 457 528; x_wconf 85' lang='lat' dir='ltr'>certiorem</span> <span class='ocrx_word' id='word_1_56' title='bbox 475 485 645 536; x_wconf 84' lang='lat' dir='ltr'>faciam,</span> <span class='ocrx_word' id='word_1_57' title='bbox 669 497 715 527; x_wconf 91' lang='lat' dir='ltr'>ut</span> <span class='ocrx_word' id='word_1_58' title='bbox 737 486 894 528; x_wconf 85' lang='lat' dir='ltr'>lavatio</span> <span class='ocrx_word' id='word_1_59' title='bbox 917 497 1064 544; x_wconf 85' lang='lat' dir='ltr'>parata</span> <span class='ocrx_word' id='word_1_60' title='bbox 1086 488 1155 529; x_wconf 84' lang='lat' dir='ltr'>sit.</span> 
     </span>
     <span class='ocr_line' id='line_1_8' title="bbox 681 575 1640 616; baseline 0.004 -4"><span class='ocrx_word' id='word_1_61' title='bbox 681 575 1085 615; x_wconf 90' lang='lat' dir='ltr'><strong>ARGUMENTUM.</strong></span> <span class='ocrx_word' id='word_1_62' title='bbox 1613 575 1640 616; x_wconf 84' lang='lat'>6</span> 
     </span>
    </p>
   </div>
   <div class='ocr_carea' id='block_1_4' title="bbox 169 637 1599 794">
    <p class='ocr_par' dir='ltr' id='par_1_4' title="bbox 169 637 1599 794">
     <span class='ocr_line' id='line_1_9' title="bbox 169 637 1599 685; baseline 0.003 -12"><span class='ocrx_word' id='word_1_63' title='bbox 169 638 319 674; x_wconf 76' lang='lat' dir='ltr'>Caesaris</span> <span class='ocrx_word' id='word_1_64' title='bbox 336 649 378 673; x_wconf 79' lang='lat' dir='ltr'>ex</span> <span class='ocrx_word' id='word_1_65' title='bbox 395 637 572 685; x_wconf 75' lang='lat' dir='ltr'>Africano</span> <span class='ocrx_word' id='word_1_66' title='bbox 591 638 681 674; x_wconf 78' lang='lat' dir='ltr'>bello</span> <span class='ocrx_word' id='word_1_67' title='bbox 700 639 892 675; x_wconf 80' lang='lat' dir='ltr'>adventum</span> <span class='ocrx_word' id='word_1_68' title='bbox 909 642 1080 676; x_wconf 81' lang='lat' dir='ltr'>nuntiat:</span> <span class='ocrx_word' id='word_1_69' title='bbox 1108 644 1144 675; x_wconf 84' lang='lat' dir='ltr'>et</span> <span class='ocrx_word' id='word_1_70' title='bbox 1163 639 1246 676; x_wconf 78' lang='lat' dir='ltr'>belli</span> <span class='ocrx_word' id='word_1_71' title='bbox 1265 641 1382 676; x_wconf 68' lang='lat' dir='ltr'>civilis</span> <span class='ocrx_word' id='word_1_72' title='bbox 1399 653 1544 678; x_wconf 79' lang='lat' dir='ltr'>causam</span> <span class='ocrx_word' id='word_1_73' title='bbox 1560 644 1599 678; x_wconf 81' lang='lat' dir='ltr'>in</span> 
     </span>
     <span class='ocr_line' id='line_1_10' title="bbox 220 689 1599 740; baseline 0.004 -15"><span class='ocrx_word' id='word_1_74' title='bbox 220 689 431 737; x_wconf 79' lang='lat' dir='ltr'>Pompeium</span> <span class='ocrx_word' id='word_1_75' title='bbox 463 692 598 739; x_wconf 82' lang='lat' dir='ltr'>potius,</span> <span class='ocrx_word' id='word_1_76' title='bbox 636 703 743 738; x_wconf 85' lang='lat' dir='ltr'>quam</span> <span class='ocrx_word' id='word_1_77' title='bbox 772 693 807 726; x_wconf 83' lang='lat' dir='ltr'>z&#39;n</span> <span class='ocrx_word' id='word_1_78' title='bbox 839 691 1012 727; x_wconf 84' lang='lat' dir='ltr'>Caesarem</span> <span class='ocrx_word' id='word_1_79' title='bbox 1040 691 1192 740; x_wconf 81' lang='lat' dir='ltr'><em>confert.</em></span> <span class='ocrx_word' id='word_1_80' title='bbox 1253 691 1449 729; x_wconf 79' lang='lat' dir='ltr'>Varronem</span> <span class='ocrx_word' id='word_1_81' title='bbox 1478 699 1599 730; x_wconf 79' lang='lat' dir='ltr'>autem</span> 
     </span>
     <span class='ocr_line' id='line_1_11' title="bbox 213 742 1594 794; baseline 0.003 -17"><span class='ocrx_word' id='word_1_82' title='bbox 213 742 352 781; x_wconf 78' lang='lat' dir='ltr'>laudat,</span> <span class='ocrx_word' id='word_1_83' title='bbox 374 744 470 789; x_wconf 83' lang='lat' dir='ltr'>quod</span> <span class='ocrx_word' id='word_1_84' title='bbox 485 755 522 779; x_wconf 83' lang='lat' dir='ltr'>se</span> <span class='ocrx_word' id='word_1_85' title='bbox 539 744 583 779; x_wconf 85' lang='lat' dir='ltr'>ab</span> <span class='ocrx_word' id='word_1_86' title='bbox 609 745 721 779; x_wconf 81' lang='lat' dir='ltr'>armis</span> <span class='ocrx_word' id='word_1_87' title='bbox 739 744 788 779; x_wconf 83' lang='lat' dir='ltr'>ad</span> <span class='ocrx_word' id='word_1_88' title='bbox 804 745 938 784; x_wconf 81' lang='lat' dir='ltr'>studia,</span> <span class='ocrx_word' id='word_1_89' title='bbox 968 745 1072 791; x_wconf 81' lang='lat' dir='ltr'>quasi</span> <span class='ocrx_word' id='word_1_90' title='bbox 1095 756 1118 779; x_wconf 89' lang='lat' dir='ltr'>a</span> <span class='ocrx_word' id='word_1_91' title='bbox 1140 747 1352 792; x_wconf 80' lang='lat' dir='ltr'><strong><em>tempestate</em></strong></span> <span class='ocrx_word' id='word_1_92' title='bbox 1370 746 1408 780; x_wconf 82' lang='lat' dir='ltr'>in</span> <span class='ocrx_word' id='word_1_93' title='bbox 1432 750 1594 794; x_wconf 82' lang='lat' dir='ltr'>portum,</span> 
     </span>
    </p>
   </div>
   <div class='ocr_carea' id='block_1_5' title="bbox 217 793 434 831">
    <p class='ocr_par' dir='ltr' id='par_1_5' title="bbox 217 793 434 831">
     <span class='ocr_line' id='line_1_12' title="bbox 217 793 434 831; baseline 0 -2"><span class='ocrx_word' id='word_1_94' title='bbox 217 793 434 831; x_wconf 81' lang='lat' dir='ltr'><em>contulerat.</em></span> 
     </span>
    </p>
   </div>
   <div class='ocr_carea' id='block_1_6' title="bbox 585 859 1154 904">
    <p class='ocr_par' dir='ltr' id='par_1_6' title="bbox 585 859 1154 904">
     <span class='ocr_line' id='line_1_13' title="bbox 585 859 1154 904; baseline 0.002 -2"><span class='ocrx_word' id='word_1_95' title='bbox 585 859 819 904; x_wconf 89' lang='lat' dir='ltr'>CICERO</span> <span class='ocrx_word' id='word_1_96' title='bbox 853 861 1154 904; x_wconf 86' lang='lat' dir='ltr'>VARRONI.</span> 
     </span>
    </p>
   </div>
   <div class='ocr_carea' id='block_1_7' title="bbox 126 914 1631 2522">
    <p class='ocr_par' dir='ltr' id='par_1_7' title="bbox 126 914 1631 2522">
     <span class='ocr_line' id='line_1_14' title="bbox 161 914 1591 981; baseline 0.003 -13"><span class='ocrx_word' id='word_1_97' title='bbox 161 914 473 969; x_wconf 87' lang='lat' dir='ltr'><strong>CANINIUS</strong></span> <span class='ocrx_word' id='word_1_98' title='bbox 496 938 640 970; x_wconf 93' lang='lat' dir='ltr'>noster</span> <span class='ocrx_word' id='word_1_99' title='bbox 666 944 735 970; x_wconf 90' lang='lat' dir='ltr'>me</span> <span class='ocrx_word' id='word_1_100' title='bbox 757 930 841 971; x_wconf 89' lang='lat' dir='ltr'>tuis</span> <span class='ocrx_word' id='word_1_101' title='bbox 867 931 1005 971; x_wconf 89' lang='lat' dir='ltr'>verbis</span> <span class='ocrx_word' id='word_1_102' title='bbox 1028 930 1267 981; x_wconf 87' lang='lat' dir='ltr'>admonuit,</span> <span class='ocrx_word' id='word_1_103' title='bbox 1290 939 1338 971; x_wconf 90' lang='lat' dir='ltr'>ut</span> <span class='ocrx_word' id='word_1_104' title='bbox 1361 930 1591 973; x_wconf 87' lang='lat' dir='ltr'>scriberem</span> 
     </span>
     <span class='ocr_line' id='line_1_15' title="bbox 159 984 1592 1043; baseline 0.004 -19"><span class='ocrx_word' id='word_1_105' title='bbox 159 984 212 1025; x_wconf 88' lang='lat' dir='ltr'>ad</span> <span class='ocrx_word' id='word_1_106' title='bbox 236 994 292 1035; x_wconf 89' lang='lat' dir='ltr'>te,</span> <span class='ocrx_word' id='word_1_107' title='bbox 323 985 356 1025; x_wconf 92' lang='lat' dir='ltr'>si</span> <span class='ocrx_word' id='word_1_108' title='bbox 378 985 481 1040; x_wconf 91' lang='lat' dir='ltr'>quid</span> <span class='ocrx_word' id='word_1_109' title='bbox 511 995 636 1037; x_wconf 84' lang='lat' dir='ltr'>esset,</span> <span class='ocrx_word' id='word_1_110' title='bbox 669 987 786 1042; x_wconf 89' lang='lat' dir='ltr'>quod</span> <span class='ocrx_word' id='word_1_111' title='bbox 818 996 1014 1043; x_wconf 85' lang='lat' dir='ltr'>putarem</span> <span class='ocrx_word' id='word_1_112' title='bbox 1044 998 1087 1029; x_wconf 91' lang='lat' dir='ltr'>te</span> <span class='ocrx_word' id='word_1_113' title='bbox 1108 987 1216 1028; x_wconf 85' lang='lat' dir='ltr'>scire</span> <span class='ocrx_word' id='word_1_114' title='bbox 1238 996 1451 1043; x_wconf 47' lang='lat' dir='ltr'>oporteime</span> <span class='ocrx_word' id='word_1_115' title='bbox 1513 987 1592 1030; x_wconf 91' lang='lat' dir='ltr'>Est</span> 
     </span>
     <span class='ocr_line' id='line_1_16' title="bbox 157 1039 1590 1108; baseline 0.004 -27"><span class='ocrx_word' id='word_1_116' title='bbox 157 1039 292 1096; x_wconf 82' lang='lat' dir='ltr'>igitur</span> <span class='ocrx_word' id='word_1_117' title='bbox 313 1042 521 1083; x_wconf 85' lang='lat' dir='ltr'>adventus</span> <span class='ocrx_word' id='word_1_118' title='bbox 545 1042 728 1085; x_wconf 84' lang='lat' dir='ltr'>Caesaris</span> <span class='ocrx_word' id='word_1_119' title='bbox 750 1044 941 1086; x_wconf 89' lang='lat' dir='ltr'>scilicet</span> <span class='ocrx_word' id='word_1_120' title='bbox 932 1060 974 1086; x_wconf 86' lang='lat' dir='ltr'>m</span> <span class='ocrx_word' id='word_1_121' title='bbox 998 1044 1349 1108; x_wconf 78' lang='lat' dir='ltr'>exspectatione:</span> <span class='ocrx_word' id='word_1_122' title='bbox 1382 1059 1521 1100; x_wconf 89' lang='lat' dir='ltr'>neque</span> <span class='ocrx_word' id='word_1_123' title='bbox 1543 1056 1590 1087; x_wconf 87' lang='lat' dir='ltr'>tu</span> 
     </span>
     <span class='ocr_line' id='line_1_17' title="bbox 155 1097 1590 1156; baseline 0.003 -18"><span class='ocrx_word' id='word_1_124' title='bbox 155 1097 198 1139; x_wconf 89' lang='lat' dir='ltr'>id</span> <span class='ocrx_word' id='word_1_125' title='bbox 223 1098 411 1154; x_wconf 32' lang='lat' dir='ltr'>ignoiffas</span> <span class='ocrx_word' id='word_1_126' title='bbox 471 1099 555 1141; x_wconf 88' lang='lat' dir='ltr'>Sed</span> <span class='ocrx_word' id='word_1_127' title='bbox 579 1111 736 1152; x_wconf 87' lang='lat' dir='ltr'>tamen,</span> <span class='ocrx_word' id='word_1_128' title='bbox 763 1116 862 1142; x_wconf 88' lang='lat' dir='ltr'>cum</span> <span class='ocrx_word' id='word_1_129' title='bbox 886 1101 954 1142; x_wconf 90' lang='lat' dir='ltr'>ille</span> <span class='ocrx_word' id='word_1_130' title='bbox 977 1102 1231 1156; x_wconf 81' lang='lat' dir='ltr'>scripsisset,</span> <span class='ocrx_word' id='word_1_131' title='bbox 1263 1111 1312 1142; x_wconf 87' lang='lat' dir='ltr'>ut</span> <span class='ocrx_word' id='word_1_132' title='bbox 1342 1103 1511 1156; x_wconf 86' lang='lat' dir='ltr'>opinor,</span> <span class='ocrx_word' id='word_1_133' title='bbox 1545 1117 1590 1144; x_wconf 87' lang='lat' dir='ltr'>se</span> 
     </span>
     <span class='ocr_line' id='line_1_18' title="bbox 156 1154 1588 1213; baseline 0.003 -18"><span class='ocrx_word' id='word_1_134' title='bbox 156 1154 200 1195; x_wconf 90' lang='lat' dir='ltr'>iu</span> <span class='ocrx_word' id='word_1_135' title='bbox 223 1155 418 1197; x_wconf 86' lang='lat' dir='ltr'>Alsiense</span> <span class='ocrx_word' id='word_1_136' title='bbox 439 1167 688 1209; x_wconf 79' lang='lat' dir='ltr'>ventur3um</span> <span class='ocrx_word' id='word_1_137' title='bbox 721 1172 901 1213; x_wconf 77' lang='lat' dir='ltr'>scripsel</span> <span class='ocrx_word' id='word_1_138' title='bbox 908 1168 983 1199; x_wconf 89' lang='lat' dir='ltr'>unt</span> <span class='ocrx_word' id='word_1_139' title='bbox 1013 1158 1062 1198; x_wconf 90' lang='lat' dir='ltr'>ad</span> <span class='ocrx_word' id='word_1_140' title='bbox 1088 1172 1184 1198; x_wconf 88' lang='lat' dir='ltr'>eum</span> <span class='ocrx_word' id='word_1_141' title='bbox 1209 1158 1288 1208; x_wconf 87' lang='lat' dir='ltr'>sui,</span> <span class='ocrx_word' id='word_1_142' title='bbox 1320 1172 1372 1199; x_wconf 90' lang='lat' dir='ltr'>ne</span> <span class='ocrx_word' id='word_1_143' title='bbox 1401 1159 1444 1199; x_wconf 90' lang='lat' dir='ltr'>id</span> <span class='ocrx_word' id='word_1_144' title='bbox 1474 1157 1588 1200; x_wconf 89' lang='lat' dir='ltr'>face-</span> 
     </span>
     <span class='ocr_line' id='line_1_19' title="bbox 153 1213 1631 1269; baseline 0.002 -18"><span class='ocrx_word' id='word_1_145' title='bbox 153 1221 237 1253; x_wconf 86' lang='lat' dir='ltr'>ret:</span> <span class='ocrx_word' id='word_1_146' title='bbox 269 1213 427 1254; x_wconf 87' lang='lat' dir='ltr'>multos</span> <span class='ocrx_word' id='word_1_147' title='bbox 458 1215 496 1254; x_wconf 91' lang='lat' dir='ltr'>ei</span> <span class='ocrx_word' id='word_1_148' title='bbox 529 1214 729 1255; x_wconf 89' lang='lat' dir='ltr'>molestos</span> <span class='ocrx_word' id='word_1_149' title='bbox 760 1213 897 1265; x_wconf 84' lang='lat' dir='ltr'>fore,&#39;</span> <span class='ocrx_word' id='word_1_150' title='bbox 889 1228 1115 1269; x_wconf 82' lang='lat' dir='ltr'>ipsumque</span> <span class='ocrx_word' id='word_1_151' title='bbox 1137 1213 1296 1254; x_wconf 85' lang='lat' dir='ltr'>multis.</span> <span class='ocrx_word' id='word_1_152' title='bbox 1358 1214 1496 1256; x_wconf 83' lang='lat' dir='ltr'>Ostiae</span> <span class='ocrx_word' id='word_1_153' title='bbox 1521 1217 1582 1257; x_wconf 85' lang='lat' dir='ltr'>vi·</span> <span class='ocrx_word' id='word_1_154' title='bbox 1601 1225 1631 1254; x_wconf 88' lang='lat' dir='ltr'>b.</span> 
     </span>
     <span class='ocr_line' id='line_1_20' title="bbox 154 1268 1586 1327; baseline 0.004 -18"><span class='ocrx_word' id='word_1_155' title='bbox 154 1268 243 1309; x_wconf 86' lang='lat' dir='ltr'>deri</span> <span class='ocrx_word' id='word_1_156' title='bbox 266 1271 535 1310; x_wconf 88' lang='lat' dir='ltr'>commodius</span> <span class='ocrx_word' id='word_1_157' title='bbox 557 1285 652 1312; x_wconf 88' lang='lat' dir='ltr'>eum</span> <span class='ocrx_word' id='word_1_158' title='bbox 673 1272 791 1311; x_wconf 85' lang='lat' dir='ltr'>exire</span> <span class='ocrx_word' id='word_1_159' title='bbox 815 1285 952 1326; x_wconf 86' lang='lat' dir='ltr'>posse.</span> <span class='ocrx_word' id='word_1_160' title='bbox 992 1269 1040 1311; x_wconf 92' lang='lat' dir='ltr'>Id</span> <span class='ocrx_word' id='word_1_161' title='bbox 1064 1284 1146 1325; x_wconf 85' lang='lat' dir='ltr'>ego</span> <span class='ocrx_word' id='word_1_162' title='bbox 1170 1285 1256 1310; x_wconf 91' lang='lat' dir='ltr'>non</span> <span class='ocrx_word' id='word_1_163' title='bbox 1276 1271 1586 1327; x_wconf 84' lang='lat' dir='ltr'>intelligebam,</span> 
     </span>
     <span class='ocr_line' id='line_1_21' title="bbox 150 1325 1585 1379; baseline 0.004 -14"><span class='ocrx_word' id='word_1_164' title='bbox 150 1325 254 1379; x_wconf 90' lang='lat' dir='ltr'>quid</span> <span class='ocrx_word' id='word_1_165' title='bbox 289 1326 525 1367; x_wconf 84' lang='lat' dir='ltr'>interesset.</span> <span class='ocrx_word' id='word_1_166' title='bbox 587 1327 669 1368; x_wconf 89' lang='lat' dir='ltr'>Sed</span> <span class='ocrx_word' id='word_1_167' title='bbox 705 1338 848 1368; x_wconf 84' lang='lat' dir='ltr'>tamen</span> <span class='ocrx_word' id='word_1_168' title='bbox 883 1326 1054 1368; x_wconf 89' lang='lat' dir='ltr'>Hirtius</span> <span class='ocrx_word' id='word_1_169' title='bbox 1088 1326 1192 1367; x_wconf 87' lang='lat' dir='ltr'>mihi</span> <span class='ocrx_word' id='word_1_170' title='bbox 1222 1327 1349 1374; x_wconf 84' lang='lat' dir='ltr'>dixit,</span> <span class='ocrx_word' id='word_1_171' title='bbox 1383 1339 1426 1368; x_wconf 90' lang='lat' dir='ltr'>et</span> <span class='ocrx_word' id='word_1_172' title='bbox 1457 1343 1501 1368; x_wconf 91' lang='lat' dir='ltr'>se</span> <span class='ocrx_word' id='word_1_173' title='bbox 1532 1331 1585 1371; x_wconf 93' lang='lat' dir='ltr'>ad</span> 
     </span>
     <span class='ocr_line' id='line_1_22' title="bbox 148 1383 1585 1440; baseline 0.003 -18"><span class='ocrx_word' id='word_1_174' title='bbox 148 1395 263 1433; x_wconf 89' lang='lat' dir='ltr'>eum,</span> <span class='ocrx_word' id='word_1_175' title='bbox 293 1392 337 1424; x_wconf 85' lang='lat' dir='ltr'>et</span> <span class='ocrx_word' id='word_1_176' title='bbox 368 1383 568 1434; x_wconf 86' lang='lat' dir='ltr'>Balbum,</span> <span class='ocrx_word' id='word_1_177' title='bbox 598 1386 641 1425; x_wconf 78' lang='lat' dir='ltr'>‘et</span> <span class='ocrx_word' id='word_1_178' title='bbox 665 1383 858 1439; x_wconf 89' lang='lat' dir='ltr'>Oppium</span> <span class='ocrx_word' id='word_1_179' title='bbox 882 1384 1116 1440; x_wconf 87' lang='lat' dir='ltr'>scripsisse,</span> <span class='ocrx_word' id='word_1_180' title='bbox 1149 1395 1196 1424; x_wconf 89' lang='lat' dir='ltr'>ut</span> <span class='ocrx_word' id='word_1_181' title='bbox 1225 1385 1285 1424; x_wconf 85' lang='lat' dir='ltr'>ita</span> <span class='ocrx_word' id='word_1_182' title='bbox 1309 1384 1484 1435; x_wconf 86' lang='lat' dir='ltr'>faceret,</span> <span class='ocrx_word' id='word_1_183' title='bbox 1507 1385 1585 1427; x_wconf 88' lang='lat' dir='ltr'>ho-</span> 
     </span>
     <span class='ocr_line' id='line_1_23' title="bbox 146 1438 1583 1505; baseline 0.005 -27"><span class='ocrx_word' id='word_1_184' title='bbox 146 1438 299 1491; x_wconf 88' lang='lat' dir='ltr'>mines,</span> <span class='ocrx_word' id='word_1_185' title='bbox 321 1448 370 1481; x_wconf 86' lang='lat' dir='ltr'>ut</span> <span class='ocrx_word' id='word_1_186' title='bbox 390 1441 594 1505; x_wconf 85' lang='lat' dir='ltr'>cognovi,</span> <span class='ocrx_word' id='word_1_187' title='bbox 617 1450 808 1482; x_wconf 82' lang='lat' dir='ltr'>amantes</span> <span class='ocrx_word' id='word_1_188' title='bbox 833 1441 909 1481; x_wconf 91' lang='lat' dir='ltr'>tui.</span> <span class='ocrx_word' id='word_1_189' title='bbox 973 1440 1074 1482; x_wconf 90' lang='lat' dir='ltr'>Hoc</span> <span class='ocrx_word' id='word_1_190' title='bbox 1103 1455 1185 1496; x_wconf 84' lang='lat' dir='ltr'>ego</span> <span class='ocrx_word' id='word_1_191' title='bbox 1209 1441 1370 1482; x_wconf 88' lang='lat' dir='ltr'>idcirco</span> <span class='ocrx_word' id='word_1_192' title='bbox 1392 1456 1518 1484; x_wconf 88' lang='lat' dir='ltr'>nosse</span> <span class='ocrx_word' id='word_1_193' title='bbox 1541 1453 1583 1485; x_wconf 87' lang='lat' dir='ltr'>te</span> 
     </span>
     <span class='ocr_line' id='line_1_24' title="bbox 147 1496 1580 1561; baseline 0.004 -25"><span class='ocrx_word' id='word_1_194' title='bbox 147 1496 279 1547; x_wconf 93' lang='lat' dir='ltr'>volui,</span> <span class='ocrx_word' id='word_1_195' title='bbox 304 1507 349 1538; x_wconf 90' lang='lat' dir='ltr'>ut</span> <span class='ocrx_word' id='word_1_196' title='bbox 371 1498 514 1548; x_wconf 87' lang='lat' dir='ltr'>scires,</span> <span class='ocrx_word' id='word_1_197' title='bbox 537 1497 773 1553; x_wconf 86' lang='lat' dir='ltr'>hospitium</span> <span class='ocrx_word' id='word_1_198' title='bbox 797 1498 875 1538; x_wconf 89' lang='lat' dir='ltr'>tibi</span> <span class='ocrx_word' id='word_1_199' title='bbox 898 1498 970 1539; x_wconf 93' lang='lat' dir='ltr'>ubi</span> <span class='ocrx_word' id='word_1_200' title='bbox 994 1511 1178 1561; x_wconf 79' lang='lat' dir='ltr'>parareS,</span> <span class='ocrx_word' id='word_1_201' title='bbox 1204 1500 1241 1528; x_wconf 83' lang='lat'>14</span> <span class='ocrx_word' id='word_1_202' title='bbox 1257 1497 1320 1538; x_wconf 90' lang='lat' dir='ltr'>vel</span> <span class='ocrx_word' id='word_1_203' title='bbox 1343 1499 1486 1554; x_wconf 87' lang='lat' dir='ltr'>potius</span> <span class='ocrx_word' id='word_1_204' title='bbox 1506 1501 1580 1542; x_wconf 92' lang='lat' dir='ltr'>ubi</span> 
     </span>
     <span class='ocr_line' id='line_1_25' title="bbox 146 1553 1579 1609; baseline 0.003 -15"><span class='ocrx_word' id='word_1_205' title='bbox 146 1553 339 1607; x_wconf 89' lang='lat' dir='ltr'>utrique:</span> <span class='ocrx_word' id='word_1_206' title='bbox 372 1555 475 1609; x_wconf 91' lang='lat' dir='ltr'>quid</span> <span class='ocrx_word' id='word_1_207' title='bbox 497 1569 611 1595; x_wconf 81' lang='lat' dir='ltr'>enirn</span> <span class='ocrx_word' id='word_1_208' title='bbox 635 1554 704 1595; x_wconf 90' lang='lat' dir='ltr'>ille</span> <span class='ocrx_word' id='word_1_209' title='bbox 724 1553 915 1595; x_wconf 88' lang='lat' dir='ltr'>facturus</span> <span class='ocrx_word' id='word_1_210' title='bbox 939 1555 1009 1605; x_wconf 87' lang='lat' dir='ltr'>sit,</span> <span class='ocrx_word' id='word_1_211' title='bbox 1033 1555 1244 1595; x_wconf 87' lang='lat' dir='ltr'>incertum</span> <span class='ocrx_word' id='word_1_212' title='bbox 1266 1564 1355 1597; x_wconf 83' lang='lat' dir='ltr'>est:</span> <span class='ocrx_word' id='word_1_213' title='bbox 1387 1565 1431 1596; x_wconf 91' lang='lat' dir='ltr'>et</span> <span class='ocrx_word' id='word_1_214' title='bbox 1452 1558 1579 1599; x_wconf 87' lang='lat' dir='ltr'>simul</span> 
     </span>
     <span class='ocr_line' id='line_1_26' title="bbox 143 1611 1576 1662; baseline 0.004 -12"><span class='ocrx_word' id='word_1_215' title='bbox 143 1612 358 1652; x_wconf 84' lang='lat' dir='ltr'>ostentavi</span> <span class='ocrx_word' id='word_1_216' title='bbox 383 1611 481 1662; x_wconf 88' lang='lat' dir='ltr'>tibi,</span> <span class='ocrx_word' id='word_1_217' title='bbox 512 1626 579 1651; x_wconf 89' lang='lat' dir='ltr'>me</span> <span class='ocrx_word' id='word_1_218' title='bbox 610 1612 701 1653; x_wconf 90' lang='lat' dir='ltr'>istis</span> <span class='ocrx_word' id='word_1_219' title='bbox 731 1625 824 1652; x_wconf 89' lang='lat' dir='ltr'>esse</span> <span class='ocrx_word' id='word_1_220' title='bbox 846 1611 1115 1662; x_wconf 83' lang='lat' dir='ltr'>familiarem,</span> <span class='ocrx_word' id='word_1_221' title='bbox 1148 1621 1191 1651; x_wconf 91' lang='lat' dir='ltr'>et</span> <span class='ocrx_word' id='word_1_222' title='bbox 1215 1612 1405 1653; x_wconf 89' lang='lat' dir='ltr'>consiliis</span> <span class='ocrx_word' id='word_1_223' title='bbox 1429 1627 1576 1656; x_wconf 83' lang='lat' dir='ltr'>eclum</span> 
     </span>
     <span class='ocr_line' id='line_1_27' title="bbox 144 1667 1574 1724; baseline 0.003 -17"><span class='ocrx_word' id='word_1_224' title='bbox 144 1667 361 1708; x_wconf 85' lang='lat' dir='ltr'>interesse.</span> <span class='ocrx_word' id='word_1_225' title='bbox 424 1669 551 1715; x_wconf 85' lang='lat' dir='ltr'>Quod</span> <span class='ocrx_word' id='word_1_226' title='bbox 584 1682 667 1724; x_wconf 85' lang='lat' dir='ltr'>ego</span> <span class='ocrx_word' id='word_1_227' title='bbox 698 1682 774 1709; x_wconf 82' lang='lat' dir='ltr'>cui</span> <span class='ocrx_word' id='word_1_228' title='bbox 805 1668 951 1720; x_wconf 85' lang='lat' dir='ltr'>nolim,</span> <span class='ocrx_word' id='word_1_229' title='bbox 989 1668 1097 1708; x_wconf 85' lang='lat' dir='ltr'>nihil</span> <span class='ocrx_word' id='word_1_230' title='bbox 1128 1668 1266 1709; x_wconf 88' lang='lat' dir='ltr'>video.</span> <span class='ocrx_word' id='word_1_231' title='bbox 1329 1669 1429 1710; x_wconf 92' lang='lat' dir='ltr'>Non</span> <span class='ocrx_word' id='word_1_232' title='bbox 1461 1672 1574 1712; x_wconf 88' lang='lat' dir='ltr'>enim</span> 
     </span>
     <span class='ocr_line' id='line_1_28' title="bbox 141 1723 1575 1782; baseline 0.003 -18"><span class='ocrx_word' id='word_1_233' title='bbox 141 1732 207 1765; x_wconf 93' lang='lat' dir='ltr'>est</span> <span class='ocrx_word' id='word_1_234' title='bbox 229 1725 357 1775; x_wconf 88' lang='lat' dir='ltr'>idem,</span> <span class='ocrx_word' id='word_1_235' title='bbox 379 1723 503 1776; x_wconf 78' lang='lat' dir='ltr'>feire,</span> <span class='ocrx_word' id='word_1_236' title='bbox 535 1726 567 1764; x_wconf 87' lang='lat' dir='ltr'>si</span> <span class='ocrx_word' id='word_1_237' title='bbox 599 1725 702 1780; x_wconf 88' lang='lat' dir='ltr'>quid</span> <span class='ocrx_word' id='word_1_238' title='bbox 735 1725 956 1766; x_wconf 83' lang='lat' dir='ltr'>ferendum</span> <span class='ocrx_word' id='word_1_239' title='bbox 991 1734 1069 1775; x_wconf 90' lang='lat' dir='ltr'>est,</span> <span class='ocrx_word' id='word_1_240' title='bbox 1099 1735 1143 1765; x_wconf 83' lang='lat' dir='ltr'>et</span> <span class='ocrx_word' id='word_1_241' title='bbox 1177 1726 1373 1780; x_wconf 75' lang='lat' dir='ltr'>probare,</span> <span class='ocrx_word' id='word_1_242' title='bbox 1405 1728 1438 1767; x_wconf 88' lang='lat' dir='ltr'>si</span> <span class='ocrx_word' id='word_1_243' title='bbox 1470 1728 1575 1782; x_wconf 90' lang='lat' dir='ltr'>quid</span> 
     </span>
     <span class='ocr_line' id='line_1_29' title="bbox 139 1781 1571 1838; baseline 0.003 -16"><span class='ocrx_word' id='word_1_244' title='bbox 139 1781 409 1836; x_wconf 83' lang='lat' dir='ltr'>probandum</span> <span class='ocrx_word' id='word_1_245' title='bbox 443 1796 528 1822; x_wconf 90' lang='lat' dir='ltr'>non</span> <span class='ocrx_word' id='word_1_246' title='bbox 562 1791 640 1822; x_wconf 85' lang='lat' dir='ltr'>est.</span> <span class='ocrx_word' id='word_1_247' title='bbox 703 1781 795 1822; x_wconf 84' lang='lat' dir='ltr'>Etsi</span> <span class='ocrx_word' id='word_1_248' title='bbox 827 1782 931 1837; x_wconf 88' lang='lat' dir='ltr'>quid</span> <span class='ocrx_word' id='word_1_249' title='bbox 963 1796 1048 1822; x_wconf 89' lang='lat' dir='ltr'>non</span> <span class='ocrx_word' id='word_1_250' title='bbox 1084 1782 1288 1837; x_wconf 84' lang='lat' dir='ltr'>probem?</span> <span class='ocrx_word' id='word_1_251' title='bbox 1319 1784 1422 1838; x_wconf 86' lang='lat' dir='ltr'>quid</span> <span class='ocrx_word' id='word_1_252' title='bbox 1457 1786 1571 1826; x_wconf 88' lang='lat' dir='ltr'>enim</span> 
     </span>
     <span class='ocr_line' id='line_1_30' title="bbox 131 1838 1572 1894; baseline 0.002 -15"><span class='ocrx_word' id='word_1_253' title='bbox 131 1838 225 1893; x_wconf 87' lang='lat' dir='ltr'>jam</span> <span class='ocrx_word' id='word_1_254' title='bbox 249 1839 338 1880; x_wconf 91' lang='lat' dir='ltr'>scio</span> <span class='ocrx_word' id='word_1_255' title='bbox 363 1848 517 1894; x_wconf 83' lang='lat' dir='ltr'>praeter</span> <span class='ocrx_word' id='word_1_256' title='bbox 539 1840 662 1879; x_wconf 86' lang='lat' dir='ltr'>initia</span> <span class='ocrx_word' id='word_1_257' title='bbox 683 1853 838 1879; x_wconf 76' lang='lat' dir='ltr'>r·.e1u1n</span> <span class='ocrx_word' id='word_1_258' title='bbox 900 1838 1015 1879; x_wconf 88' lang='lat' dir='ltr'>Nam</span> <span class='ocrx_word' id='word_1_259' title='bbox 1041 1838 1135 1879; x_wconf 87' lang='lat' dir='ltr'>haec</span> <span class='ocrx_word' id='word_1_260' title='bbox 1164 1853 1206 1879; x_wconf 84' lang='lat'>111</span> <span class='ocrx_word' id='word_1_261' title='bbox 1230 1839 1452 1881; x_wconf 88' lang='lat' dir='ltr'>voluntate</span> <span class='ocrx_word' id='word_1_262' title='bbox 1480 1841 1572 1882; x_wconf 88' lang='lat' dir='ltr'>fue-</span> 
     </span>
     <span class='ocr_line' id='line_1_31' title="bbox 137 1895 1571 1962; baseline 0.003 -26"><span class='ocrx_word' id='word_1_263' title='bbox 137 1906 251 1937; x_wconf 88' lang='lat' dir='ltr'>runt.</span> <span class='ocrx_word' id='word_1_264' title='bbox 312 1895 411 1936; x_wconf 89' lang='lat' dir='ltr'>Vidi</span> <span class='ocrx_word' id='word_1_265' title='bbox 434 1896 549 1936; x_wconf 90' lang='lat' dir='ltr'>enim</span> <span class='ocrx_word' id='word_1_266' title='bbox 576 1900 743 1949; x_wconf 80' lang='lat' dir='ltr'>¹5(nam</span> <span class='ocrx_word' id='word_1_267' title='bbox 769 1906 811 1936; x_wconf 91' lang='lat' dir='ltr'>tu</span> <span class='ocrx_word' id='word_1_268' title='bbox 838 1895 1006 1946; x_wconf 80' lang='lat' dir='ltr'>aberas)</span> <span class='ocrx_word' id='word_1_269' title='bbox 1039 1905 1208 1936; x_wconf 90' lang='lat' dir='ltr'>nostros</span> <span class='ocrx_word' id='word_1_270' title='bbox 1230 1897 1391 1938; x_wconf 84' lang='lat' dir='ltr'>amicos</span> <span class='ocrx_word' id='word_1_271' title='bbox 1414 1913 1571 1962; x_wconf 80' lang='lat' dir='ltr'>cupere</span> 
     </span>
     <span class='ocr_line' id='line_1_32' title="bbox 135 1952 1568 2008; baseline 0.002 -15"><span class='ocrx_word' id='word_1_272' title='bbox 135 1952 319 1994; x_wconf 87' lang='lat' dir='ltr'>bellum:</span> <span class='ocrx_word' id='word_1_273' title='bbox 352 1952 467 1994; x_wconf 90' lang='lat' dir='ltr'>hunc</span> <span class='ocrx_word' id='word_1_274' title='bbox 500 1963 644 1994; x_wconf 85' lang='lat' dir='ltr'>autem</span> <span class='ocrx_word' id='word_1_275' title='bbox 680 1967 764 1994; x_wconf 92' lang='lat' dir='ltr'>non</span> <span class='ocrx_word' id='word_1_276' title='bbox 799 1963 885 1993; x_wconf 86' lang='lat' dir='ltr'>tam</span> <span class='ocrx_word' id='word_1_277' title='bbox 917 1967 1089 2008; x_wconf 87' lang='lat' dir='ltr'>cupere,</span> <span class='ocrx_word' id='word_1_278' title='bbox 1121 1967 1249 2007; x_wconf 85' lang='lat' dir='ltr'>quam</span> <span class='ocrx_word' id='word_1_279' title='bbox 1283 1968 1367 1994; x_wconf 85' lang='lat' dir='ltr'>non</span> <span class='ocrx_word' id='word_1_280' title='bbox 1403 1955 1568 1997; x_wconf 86' lang='lat' dir='ltr'>timere.</span> 
     </span>
     <span class='ocr_line' id='line_1_33' title="bbox 137 2008 1567 2066; baseline 0.002 -16"><span class='ocrx_word' id='word_1_281' title='bbox 137 2008 255 2066; x_wconf 84' lang='lat' dir='ltr'>Ergo</span> <span class='ocrx_word' id='word_1_282' title='bbox 277 2009 372 2050; x_wconf 84' lang='lat' dir='ltr'>haec</span> <span class='ocrx_word' id='word_1_283' title='bbox 394 2010 561 2051; x_wconf 89' lang='lat' dir='ltr'>consilii</span> <span class='ocrx_word' id='word_1_284' title='bbox 587 2009 785 2051; x_wconf 87' lang='lat' dir='ltr'>fuerunt:</span> <span class='ocrx_word' id='word_1_285' title='bbox 819 2010 981 2065; x_wconf 78' lang='lat' dir='ltr'>leliqua</span> <span class='ocrx_word' id='word_1_286' title='bbox 1011 2010 1262 2050; x_wconf 76' lang='lat' dir='ltr'>necessaria.</span> <span class='ocrx_word' id='word_1_287' title='bbox 1295 2011 1464 2052; x_wconf 88' lang='lat' dir='ltr'>vincere</span> <span class='ocrx_word' id='word_1_288' title='bbox 1494 2028 1567 2053; x_wconf 86' lang='lat' dir='ltr'>au-</span> 
     </span>
     <span class='ocr_line' id='line_1_34' title="bbox 137 2066 1563 2122; baseline 0.002 -14"><span class='ocrx_word' id='word_1_289' title='bbox 137 2075 223 2108; x_wconf 88' lang='lat' dir='ltr'>tem</span> <span class='ocrx_word' id='word_1_290' title='bbox 245 2076 320 2108; x_wconf 83' lang='lat' dir='ltr'>aut</span> <span class='ocrx_word' id='word_1_291' title='bbox 342 2066 435 2117; x_wconf 89' lang='lat' dir='ltr'>hos,</span> <span class='ocrx_word' id='word_1_292' title='bbox 458 2077 532 2108; x_wconf 86' lang='lat' dir='ltr'>aut</span> <span class='ocrx_word' id='word_1_293' title='bbox 554 2066 661 2118; x_wconf 88' lang='lat' dir='ltr'>illos,</span> <span class='ocrx_word' id='word_1_294' title='bbox 684 2081 856 2107; x_wconf 83' lang='lat' dir='ltr'>necesse</span> <span class='ocrx_word' id='word_1_295' title='bbox 877 2081 981 2107; x_wconf 87' lang='lat' dir='ltr'>esse.</span> <span class='ocrx_word' id='word_1_296' title='bbox 1020 2066 1120 2107; x_wconf 87' lang='lat' dir='ltr'>Scio</span> <span class='ocrx_word' id='word_1_297' title='bbox 1143 2076 1185 2107; x_wconf 91' lang='lat' dir='ltr'>te</span> <span class='ocrx_word' id='word_1_298' title='bbox 1207 2081 1374 2122; x_wconf 86' lang='lat' dir='ltr'>semper</span> <span class='ocrx_word' id='word_1_299' title='bbox 1398 2083 1563 2111; x_wconf 87' lang='lat' dir='ltr'>mecum</span> 
     </span>
     <span class='ocr_line' id='line_1_35' title="bbox 134 2123 1565 2179; baseline 0.002 -15"><span class='ocrx_word' id='word_1_300' title='bbox 134 2123 180 2165; x_wconf 91' lang='lat' dir='ltr'>in</span> <span class='ocrx_word' id='word_1_301' title='bbox 202 2123 318 2165; x_wconf 90' lang='lat' dir='ltr'>luctu</span> <span class='ocrx_word' id='word_1_302' title='bbox 348 2123 492 2175; x_wconf 84' lang='lat' dir='ltr'>fuisse,</span> <span class='ocrx_word' id='word_1_303' title='bbox 523 2139 620 2164; x_wconf 88' lang='lat' dir='ltr'>cum</span> <span class='ocrx_word' id='word_1_304' title='bbox 647 2124 899 2174; x_wconf 82' lang='lat' dir='ltr'>videremus,</span> <span class='ocrx_word' id='word_1_305' title='bbox 928 2138 1056 2178; x_wconf 89' lang='lat' dir='ltr'>quam</span> <span class='ocrx_word' id='word_1_306' title='bbox 1089 2123 1191 2164; x_wconf 89' lang='lat' dir='ltr'>illud</span> <span class='ocrx_word' id='word_1_307' title='bbox 1222 2124 1373 2179; x_wconf 84' lang='lat' dir='ltr'>ingens</span> <span class='ocrx_word' id='word_1_308' title='bbox 1404 2126 1565 2168; x_wconf 86' lang='lat' dir='ltr'>malum</span> 
     </span>
     <span class='ocr_line' id='line_1_36' title="bbox 134 2180 1564 2224; baseline 0.002 -3"><span class='ocrx_word' id='word_1_309' title='bbox 134 2180 306 2222; x_wconf 87' lang='lat' dir='ltr'>alterius</span> <span class='ocrx_word' id='word_1_310' title='bbox 329 2181 464 2221; x_wconf 88' lang='lat' dir='ltr'>utrius</span> <span class='ocrx_word' id='word_1_311' title='bbox 485 2182 701 2221; x_wconf 86' lang='lat' dir='ltr'>exercitus</span> <span class='ocrx_word' id='word_1_312' title='bbox 720 2190 764 2221; x_wconf 86' lang='lat' dir='ltr'>et</span> <span class='ocrx_word' id='word_1_313' title='bbox 781 2180 939 2221; x_wconf 85' lang='lat' dir='ltr'>ducum</span> <span class='ocrx_word' id='word_1_314' title='bbox 964 2181 1164 2221; x_wconf 84' lang='lat' dir='ltr'>interitu:</span> <span class='ocrx_word' id='word_1_315' title='bbox 1190 2189 1280 2221; x_wconf 87' lang='lat' dir='ltr'>tum</span> <span class='ocrx_word' id='word_1_316' title='bbox 1304 2185 1403 2222; x_wconf 78' lang='lat' dir='ltr'>vero</span> <span class='ocrx_word' id='word_1_317' title='bbox 1422 2193 1564 2224; x_wconf 86' lang='lat' dir='ltr'>extre-</span> 
     </span>
     <span class='ocr_line' id='line_1_37' title="bbox 130 2236 1562 2295; baseline 0.002 -16"><span class='ocrx_word' id='word_1_318' title='bbox 130 2252 247 2279; x_wconf 90' lang='lat' dir='ltr'>mum</span> <span class='ocrx_word' id='word_1_319' title='bbox 270 2236 479 2278; x_wconf 84' lang='lat' dir='ltr'>malorum</span> <span class='ocrx_word' id='word_1_320' title='bbox 503 2239 698 2278; x_wconf 88' lang='lat' dir='ltr'>omnium</span> <span class='ocrx_word' id='word_1_321' title='bbox 730 2252 821 2278; x_wconf 87' lang='lat' dir='ltr'>esse</span> <span class='ocrx_word' id='word_1_322' title='bbox 843 2238 981 2279; x_wconf 87' lang='lat' dir='ltr'>civilis</span> <span class='ocrx_word' id='word_1_323' title='bbox 1013 2236 1110 2278; x_wconf 90' lang='lat' dir='ltr'>belli</span> <span class='ocrx_word' id='word_1_324' title='bbox 1136 2237 1562 2295; x_wconf 74' lang='lat' dir='ltr'>vict01ia1n2quarn</span> 
     </span>
     <span class='ocr_line' id='line_1_38' title="bbox 127 2294 1545 2358; baseline 0.002 -23"><span class='ocrx_word' id='word_1_325' title='bbox 127 2295 302 2350; x_wconf 87' lang='lat' dir='ltr'>quidem</span> <span class='ocrx_word' id='word_1_326' title='bbox 324 2308 406 2350; x_wconf 86' lang='lat' dir='ltr'>ego</span> <span class='ocrx_word' id='word_1_327' title='bbox 428 2295 558 2334; x_wconf 86' lang='lat' dir='ltr'>etiam</span> <span class='ocrx_word' id='word_1_328' title='bbox 582 2295 750 2335; x_wconf 90' lang='lat' dir='ltr'>illorum</span> <span class='ocrx_word' id='word_1_329' title='bbox 783 2295 1003 2346; x_wconf 82' lang='lat' dir='ltr'>timebam,</span> <span class='ocrx_word' id='word_1_330' title='bbox 1029 2295 1066 2325; x_wconf 78' lang='lat'>¹6</span> <span class='ocrx_word' id='word_1_331' title='bbox 1079 2294 1131 2335; x_wconf 88' lang='lat' dir='ltr'>ad</span> <span class='ocrx_word' id='word_1_332' title='bbox 1162 2309 1278 2358; x_wconf 74' lang='lat' dir='ltr'>quos</span> <span class='ocrx_word' id='word_1_333' title='bbox 1295 2310 1545 2338; x_wconf 87' lang='lat' dir='ltr'>veneramus</span> 
     </span>
     <span class='ocr_line' id='line_1_39' title="bbox 131 2351 1559 2407; baseline 0.002 -14"><span class='ocrx_word' id='word_1_334' title='bbox 131 2351 374 2393; x_wconf 80' lang='lat' dir='ltr'>crudeliter</span> <span class='ocrx_word' id='word_1_335' title='bbox 401 2352 516 2391; x_wconf 87' lang='lat' dir='ltr'>enim</span> <span class='ocrx_word' id='word_1_336' title='bbox 550 2352 699 2392; x_wconf 87' lang='lat' dir='ltr'>otiosis</span> <span class='ocrx_word' id='word_1_337' title='bbox 728 2351 1022 2392; x_wconf 82' lang='lat' dir='ltr'>minabantur:</span> <span class='ocrx_word' id='word_1_338' title='bbox 1055 2360 1230 2407; x_wconf 87' lang='lat' dir='ltr'>eratque</span> <span class='ocrx_word' id='word_1_339' title='bbox 1253 2352 1304 2392; x_wconf 86' lang='lat' dir='ltr'>iis</span> <span class='ocrx_word' id='word_1_340' title='bbox 1326 2361 1369 2393; x_wconf 86' lang='lat' dir='ltr'>et</span> <span class='ocrx_word' id='word_1_341' title='bbox 1393 2362 1465 2395; x_wconf 82' lang='lat' dir='ltr'>tua</span> <span class='ocrx_word' id='word_1_342' title='bbox 1494 2369 1559 2397; x_wconf 87' lang='lat' dir='ltr'>ln-</span> 
     </span>
     <span class='ocr_line' id='line_1_40' title="bbox 133 2407 1558 2460; baseline 0.001 -10"><span class='ocrx_word' id='word_1_343' title='bbox 133 2409 222 2450; x_wconf 87' lang='lat' dir='ltr'>visa</span> <span class='ocrx_word' id='word_1_344' title='bbox 243 2407 455 2459; x_wconf 84' lang='lat' dir='ltr'>voluntas,</span> <span class='ocrx_word' id='word_1_345' title='bbox 485 2419 529 2448; x_wconf 92' lang='lat' dir='ltr'>et</span> <span class='ocrx_word' id='word_1_346' title='bbox 558 2423 653 2448; x_wconf 87' lang='lat' dir='ltr'>mea</span> <span class='ocrx_word' id='word_1_347' title='bbox 680 2408 833 2449; x_wconf 89' lang='lat' dir='ltr'>oratio.</span> <span class='ocrx_word' id='word_1_348' title='bbox 897 2408 1025 2450; x_wconf 91' lang='lat' dir='ltr'>Nunc</span> <span class='ocrx_word' id='word_1_349' title='bbox 1048 2423 1162 2460; x_wconf 91' lang='lat' dir='ltr'>vero,</span> <span class='ocrx_word' id='word_1_350' title='bbox 1196 2423 1230 2449; x_wconf 82' lang='lat' dir='ltr'>si</span> <span class='ocrx_word' id='word_1_351' title='bbox 1259 2420 1401 2450; x_wconf 88' lang='lat' dir='ltr'>essent</span> <span class='ocrx_word' id='word_1_352' title='bbox 1424 2413 1558 2452; x_wconf 84' lang='lat' dir='ltr'>nostri</span> 
     </span>
     <span class='ocr_line' id='line_1_41' title="bbox 126 2464 1558 2522; baseline 0.001 -15"><span class='ocrx_word' id='word_1_353' title='bbox 126 2466 271 2522; x_wconf 83' lang='lat' dir='ltr'>potiti,</span> <span class='ocrx_word' id='word_1_354' title='bbox 308 2465 429 2507; x_wconf 86' lang='lat' dir='ltr'>valde</span> <span class='ocrx_word' id='word_1_355' title='bbox 471 2466 804 2521; x_wconf 84' lang='lat' dir='ltr'>intemperantes</span> <span class='ocrx_word' id='word_1_356' title='bbox 846 2464 1042 2507; x_wconf 86' lang='lat' dir='ltr'>fuissent.</span> <span class='ocrx_word' id='word_1_357' title='bbox 1103 2464 1236 2506; x_wconf 90' lang='lat' dir='ltr'>Erant</span> <span class='ocrx_word' id='word_1_358' title='bbox 1278 2467 1395 2508; x_wconf 88' lang='lat' dir='ltr'>enim</span> <span class='ocrx_word' id='word_1_359' title='bbox 1430 2468 1558 2510; x_wconf 87' lang='lat' dir='ltr'>nobis</span> 
     </span>
    </p>
   </div>
   <div class='ocr_carea' id='block_1_8' title="bbox 122 2605 1555 2688">
    <p class='ocr_par' dir='ltr' id='par_1_8' title="bbox 122 2605 1555 2688">
     <span class='ocr_line' id='line_1_42' title="bbox 166 2605 1215 2646; baseline 0.001 -11"><span class='ocrx_word' id='word_1_360' title='bbox 166 2607 202 2635; x_wconf 86' lang='lat'>13</span> <span class='ocrx_word' id='word_1_361' title='bbox 228 2615 348 2646; x_wconf 83' lang='lat' dir='ltr'>quoquo</span> <span class='ocrx_word' id='word_1_362' title='bbox 369 2616 412 2637; x_wconf 86' lang='lat' dir='ltr'>m.</span> <span class='ocrx_word' id='word_1_363' title='bbox 434 2617 467 2637; x_wconf 80' lang='lat' dir='ltr'>se</span> <span class='ocrx_word' id='word_1_364' title='bbox 487 2616 540 2637; x_wconf 80' lang='lat' dir='ltr'>res</span> <span class='ocrx_word' id='word_1_365' title='bbox 561 2605 705 2645; x_wconf 75' lang='lat' dir='ltr'>haberet]</span> <span class='ocrx_word' id='word_1_366' title='bbox 731 2607 816 2637; x_wconf 84' lang='lat' dir='ltr'>Scri·</span> <span class='ocrx_word' id='word_1_367' title='bbox 858 2606 924 2642; x_wconf 77' lang='lat' dir='ltr'>ubi,</span> <span class='ocrx_word' id='word_1_368' title='bbox 942 2615 1007 2635; x_wconf 91' lang='lat' dir='ltr'>non</span> <span class='ocrx_word' id='word_1_369' title='bbox 1025 2614 1215 2646; x_wconf 86' lang='lat' dir='ltr'>repugnem.</span> 
     </span>
     <span class='ocr_line' id='line_1_43' title="bbox 122 2646 1555 2688; baseline 0.003 -12"><span class='ocrx_word' id='word_1_370' title='bbox 122 2646 264 2677; x_wconf 89' lang='lat' dir='ltr'>bendum</span> <span class='ocrx_word' id='word_1_371' title='bbox 280 2649 384 2679; x_wconf 79' lang='lat' dir='ltr'>habet.</span> <span class='ocrx_word' id='word_1_372' title='bbox 406 2650 500 2679; x_wconf 86' lang='lat' dir='ltr'>etsie</span> <span class='ocrx_word' id='word_1_373' title='bbox 515 2649 564 2679; x_wconf 90' lang='lat' dir='ltr'>ed.</span> <span class='ocrx_word' id='word_1_374' title='bbox 580 2649 677 2680; x_wconf 87' lang='lat' dir='ltr'>Rom.</span> <span class='ocrx_word' id='word_1_375' title='bbox 905 2651 940 2679; x_wconf 86' lang='lat'>15</span> <span class='ocrx_word' id='word_1_376' title='bbox 962 2657 1041 2679; x_wconf 83' lang='lat' dir='ltr'>nam</span> <span class='ocrx_word' id='word_1_377' title='bbox 1065 2652 1101 2678; x_wconf 81' lang='grc' dir='ltr'>ιιι</span> <span class='ocrx_word' id='word_1_378' title='bbox 1123 2647 1252 2687; x_wconf 82' lang='lat' dir='ltr'>aberas]</span> <span class='ocrx_word' id='word_1_379' title='bbox 1278 2648 1316 2678; x_wconf 88' lang='lat' dir='ltr'>In</span> <span class='ocrx_word' id='word_1_380' title='bbox 1335 2648 1495 2688; x_wconf 86' lang='lat' dir='ltr'>Hispania</span> <span class='ocrx_word' id='word_1_381' title='bbox 1507 2649 1555 2681; x_wconf 82' lang='lat' dir='ltr'>le-</span> 
     </span>
    </p>
   </div>
   <div class='ocr_carea' id='block_1_9' title="bbox 120 2690 1551 2772">
    <p class='ocr_par' dir='ltr' id='par_1_9' title="bbox 120 2690 1551 2772">
     <span class='ocr_line' id='line_1_44' title="bbox 168 2690 959 2730; baseline 0.003 -11"><span class='ocrx_word' id='word_1_382' title='bbox 168 2691 205 2720; x_wconf 87' lang='lat'>14</span> <span class='ocrx_word' id='word_1_383' title='bbox 223 2690 276 2719; x_wconf 81' lang='lat' dir='ltr'>vel</span> <span class='ocrx_word' id='word_1_384' title='bbox 282 2692 391 2729; x_wconf 80' lang='lat' dir='ltr'>potms</span> <span class='ocrx_word' id='word_1_385' title='bbox 405 2691 584 2730; x_wconf 80' lang='lat' dir='ltr'>utrobique]</span> <span class='ocrx_word' id='word_1_386' title='bbox 612 2691 685 2721; x_wconf 90' lang='lat' dir='ltr'>Hoc</span> <span class='ocrx_word' id='word_1_387' title='bbox 700 2694 750 2720; x_wconf 81' lang='lat' dir='ltr'>est</span> <span class='ocrx_word' id='word_1_388' title='bbox 766 2691 811 2720; x_wconf 88' lang='lat' dir='ltr'>vi-</span> <span class='ocrx_word' id='word_1_389' title='bbox 854 2694 959 2729; x_wconf 86' lang='lat' dir='ltr'>gatus.</span> 
     </span>
     <span class='ocr_line' id='line_1_45' title="bbox 120 2730 1551 2772; baseline 0.004 -13"><span class='ocrx_word' id='word_1_390' title='bbox 120 2730 251 2761; x_wconf 83' lang='lat' dir='ltr'>tiosum.</span> <span class='ocrx_word' id='word_1_391' title='bbox 295 2733 441 2763; x_wconf 82' lang='lat' dir='ltr'>Graevius</span> <span class='ocrx_word' id='word_1_392' title='bbox 465 2733 565 2763; x_wconf 84' lang='lat' dir='ltr'>edidit</span> <span class='ocrx_word' id='word_1_393' title='bbox 589 2735 646 2764; x_wconf 82' lang='lat' dir='ltr'>ubi</span> <span class='ocrx_word' id='word_1_394' title='bbox 667 2734 816 2772; x_wconf 73' lang='lat' dir='ltr'>utrique.-</span> <span class='ocrx_word' id='word_1_395' title='bbox 904 2733 941 2763; x_wconf 81' lang='lat'>16</span> <span class='ocrx_word' id='word_1_396' title='bbox 956 2733 1002 2763; x_wconf 81' lang='lat' dir='ltr'>ad</span> <span class='ocrx_word' id='word_1_397' title='bbox 1015 2741 1090 2772; x_wconf 83' lang='lat' dir='ltr'>quos</span> <span class='ocrx_word' id='word_1_398' title='bbox 1104 2731 1311 2771; x_wconf 82' lang='lat' dir='ltr'>veneramus]</span> <span class='ocrx_word' id='word_1_399' title='bbox 1337 2732 1551 2765; x_wconf 86' lang='lat' dir='ltr'>Scribendum</span> 
     </span>
    </p>
   </div>
   <div class='ocr_carea' id='block_1_10' title="bbox 118 2771 1553 2856">
    <p class='ocr_par' dir='ltr' id='par_1_10' title="bbox 118 2771 1553 2856">
     <span class='ocr_line' id='line_1_46' title="bbox 118 2771 1550 2814; baseline 0.003 -12"><span class='ocrx_word' id='word_1_400' title='bbox 118 2771 205 2810; x_wconf 84' lang='lat' dir='ltr'>q&#39;uod</span> <span class='ocrx_word' id='word_1_401' title='bbox 219 2779 348 2804; x_wconf 86' lang='lat' dir='ltr'>secutus</span> <span class='ocrx_word' id='word_1_402' title='bbox 364 2784 448 2805; x_wconf 87' lang='lat' dir='ltr'>sum.</span> <span class='ocrx_word' id='word_1_403' title='bbox 471 2775 505 2804; x_wconf 88' lang='lat' dir='ltr'>in</span> <span class='ocrx_word' id='word_1_404' title='bbox 530 2775 593 2805; x_wconf 84' lang='lat' dir='ltr'>Ms.</span> <span class='ocrx_word' id='word_1_405' title='bbox 617 2785 690 2805; x_wconf 87' lang='lat' dir='ltr'>meo</span> <span class='ocrx_word' id='word_1_406' title='bbox 706 2784 813 2805; x_wconf 85' lang='lat' dir='ltr'>corre-</span> <span class='ocrx_word' id='word_1_407' title='bbox 858 2779 938 2814; x_wconf 83' lang='lat' dir='ltr'>puto</span> <span class='ocrx_word' id='word_1_408' title='bbox 953 2783 1117 2805; x_wconf 68' lang='lat' dir='ltr'>teneram.</span> <span class='ocrx_word' id='word_1_409' title='bbox 1133 2783 1209 2804; x_wconf 89' lang='lat' dir='ltr'>nam</span> <span class='ocrx_word' id='word_1_410' title='bbox 1222 2774 1260 2803; x_wconf 88' lang='lat' dir='ltr'>de</span> <span class='ocrx_word' id='word_1_411' title='bbox 1271 2783 1303 2803; x_wconf 85' lang='lat' dir='ltr'>se</span> <span class='ocrx_word' id='word_1_412' title='bbox 1314 2773 1550 2814; x_wconf 63' lang='lat' dir='ltr'>unoloqustnr,</span> 
     </span>
     <span class='ocr_line' id='line_1_47' title="bbox 118 2815 1553 2856; baseline 0.003 -13"><span class='ocrx_word' id='word_1_413' title='bbox 118 2818 211 2844; x_wconf 80' lang='lat' dir='ltr'>etum</span> <span class='ocrx_word' id='word_1_414' title='bbox 225 2820 275 2845; x_wconf 86' lang='lat' dir='ltr'>est</span> <span class='ocrx_word' id='word_1_415' title='bbox 288 2815 435 2856; x_wconf 67' lang='lat' dir='ltr'>utrique.-</span> <span class='ocrx_word' id='word_1_416' title='bbox 457 2817 502 2846; x_wconf 90' lang='lat' dir='ltr'>sic</span> <span class='ocrx_word' id='word_1_417' title='bbox 525 2816 623 2847; x_wconf 83' lang='lat' dir='ltr'>habet</span> <span class='ocrx_word' id='word_1_418' title='bbox 644 2816 694 2847; x_wconf 85' lang='lat' dir='ltr'>ed.</span> <span class='ocrx_word' id='word_1_419' title='bbox 720 2816 810 2846; x_wconf 90' lang='lat' dir='ltr'>Med.</span> <span class='ocrx_word' id='word_1_420' title='bbox 853 2821 886 2846; x_wconf 89' lang='lat' dir='ltr'>et</span> <span class='ocrx_word' id='word_1_421' title='bbox 913 2817 946 2847; x_wconf 91' lang='lat' dir='ltr'>id</span> <span class='ocrx_word' id='word_1_422' title='bbox 967 2816 1084 2847; x_wconf 85' lang='lat' dir='ltr'>melius</span> <span class='ocrx_word' id='word_1_423' title='bbox 1106 2816 1260 2847; x_wconf 87' lang='lat' dir='ltr'>convenit</span> <span class='ocrx_word' id='word_1_424' title='bbox 1282 2815 1553 2848; x_wconf 84' lang='lat' dir='ltr'>antecedentibus</span> 
     </span>
    </p>
   </div>
   <div class='ocr_carea' id='block_1_11' title="bbox 119 2855 1121 2899">
    <p class='ocr_par' dir='ltr' id='par_1_11' title="bbox 119 2855 1121 2899">
     <span class='ocr_line' id='line_1_48' title="bbox 119 2855 1121 2899; baseline 0.003 -14"><span class='ocrx_word' id='word_1_425' title='bbox 119 2855 204 2895; x_wconf 88' lang='lat' dir='ltr'>quod</span> <span class='ocrx_word' id='word_1_426' title='bbox 219 2856 245 2886; x_wconf 82' lang='lat' dir='ltr'>si</span> <span class='ocrx_word' id='word_1_427' title='bbox 261 2857 331 2897; x_wconf 89' lang='lat' dir='ltr'>quis</span> <span class='ocrx_word' id='word_1_428' title='bbox 347 2858 454 2897; x_wconf 85' lang='lat' dir='ltr'>malit,</span> <span class='ocrx_word' id='word_1_429' title='bbox 476 2859 546 2889; x_wconf 82' lang='lat' dir='ltr'>sine</span> <span class='ocrx_word' id='word_1_430' title='bbox 563 2859 757 2899; x_wconf 82' lang='lat' dir='ltr'>repetitione</span> <span class='ocrx_word' id='word_1_431' title='bbox 773 2858 812 2888; x_wconf 64' lang='grc' dir='ltr'>τῦ</span> <span class='ocrx_word' id='word_1_432' title='bbox 853 2859 1121 2898; x_wconf 77' lang='lat' dir='ltr'>ego—timebam.</span> 
     </span>
    </p>
   </div>
   <div class='ocr_carea' id='block_1_12' title="bbox 771 2907 842 2942">
    <p class='ocr_par' dir='ltr' id='par_1_12' title="bbox 771 2907 842 2942">
     <span class='ocr_line' id='line_1_49' title="bbox 771 2907 842 2942; baseline 0.014 -1"><span class='ocrx_word' id='word_1_433' title='bbox 771 2907 842 2942; x_wconf 71' lang='lat'>1²2</span> 
     </span>
    </p>
   </div>
  </div>
 </body>
</html>
