1903 3218
321 94 400 130 300
630 88 810 127 EPIST.
838 87 1025 126 LIBER
1049 87 1449 135 DUODECIMUS

323 202 516 236 senatum
541 193 685 235 venire
707 208 793 235 non
827 193 1008 249 possint.
1068 192 1162 234 Nec
1185 200 1248 233 est
1274 200 1478 247 praeterea
1497 189 1611 245 quod
1634 189 1759 244 quid·

322 267 448 308 quam
472 260 711 307 exspectes.
744 254 762 279 ⁵
786 249 902 291 Tuus
924 251 1037 290 enim
1059 248 1317 290 necessarius
1334 246 1544 288 affinitate
1564 261 1674 286 nova
1686 247 1759 287 de-

323 309 516 350 lectatur.
582 307 835 363 ltaquejam
858 322 941 348 non
961 317 1027 347 est
1045 306 1258 347 studiosus
1276 305 1487 354 ludorum,
1504 303 1760 358 infinitoque

322 365 464 408 fratris
498 366 558 407 tui
598 366 747 420 plausu
787 364 1059 418 dirumpitur.
1111 364 1130 393 6
1155 362 1275 403 Alter
1310 363 1410 402 item
1452 360 1593 400 affinis
1635 360 1758 401 novis

320 423 640 464 commentariis
670 420 854 462 Caesaris
885 420 1085 460 delinitus
1115 430 1193 459 est.
1254 419 1336 459 Sed
1370 418 1463 458 haec
1495 416 1756 459 tolerabilia:

321 480 423 522 illud
449 494 530 520 non
566 477 802 526 ferendum,
826 476 937 530 quod
972 487 1050 525 est,
1073 477 1145 530 qui
1175 486 1315 515 vestro
1340 490 1451 516 anuo
1476 474 1609 515 filium
1633 488 1756 514 suum

319 536 537 578 consulem
557 534 747 575 futurum
774 543 908 588 putet,
926 533 982 573 ob
1006 546 1186 586 eamque
1207 546 1394 582 causam,
1415 547 1457 573 se
1479 531 1581 572 huic
1604 530 1757 571 latroni

318 593 545 640 deservire,
572 606 656 646 prae
680 605 722 630 se
746 589 868 630 ferat.
930 588 1042 630 Nam
1071 588 1118 629 L.
1144 588 1276 629 Cotta
1299 588 1517 629 familiaris
1541 602 1673 637 meus,
1696 586 1758 627 fa.-

320 649 393 691 tali
427 649 612 703 quadam
642 646 954 702 desperatione,
978 655 1024 686 ut
1060 647 1134 696 ait,
1158 646 1297 686 minus
1333 645 1375 685 iu
1403 656 1595 686 senatum
1627 643 1757 685 venit.

321 707 370 749 L.
405 705 566 754 Caesar,
599 705 788 759 optimus
821 714 865 743 et
897 702 1155 744 fortissimus
1189 701 1310 752 civis,
1343 702 1583 743 valetudine
1621 701 1757 757 impe-

319 764 449 804 ditur.
504 762 594 803 Ser.
619 760 849 816 SulpiciuS,
871 768 913 799 et
935 774 1102 800 summa
1123 759 1394 807 auctoritate,
1415 768 1458 799 et
1480 760 1643 813 optime
1663 772 1758 798 sen-

320 820 444 869 tiens,
483 833 567 859 non
603 819 737 858 adest.
801 815 1023 872 Reliquos,
1046 816 1272 870 Texceptis
1301 815 1552 870 designatis,
1580 816 1756 871 ignosce

319 877 442 925 mihi,
467 876 499 916 si
533 890 617 916 non
654 888 831 915 numero
866 873 1124 914 consulares.
1187 872 1337 914 Habes
1368 882 1564 913 auctores
1587 872 1754 913 consilii

317 932 507 990 publici:
538 932 610 987 qui
633 946 832 973 numerus
854 931 980 971 etiam
1009 931 1131 971 bonis
1156 931 1278 972 rebus
1303 930 1487 985 exiguus
1509 938 1634 978 esset,
1651 928 1754 984 quid

316 1004 464 1033 censes
491 990 694 1045 perditis?
727 989 872 1034 Quare
895 1002 990 1043 spes
1016 998 1081 1028 est
1113 988 1253 1028 omnis
1285 987 1328 1027 in
1358 987 1502 1027 vobis:
1535 986 1609 1041 qui
1633 986 1667 1026 si
1691 985 1754 1026 id-

316 1048 432 1088 circo
462 1047 648 1095 abestis,
669 1056 715 1086 ut
751 1046 842 1086 sitis
881 1046 922 1085 in
950 1056 1064 1095 tuto,
1098 1059 1149 1084 ne
1174 1045 1215 1085 in
1237 1044 1358 1084 vobis
1380 1043 1569 1098 quidem.
1593 1044 1654 1084 sin
1680 1041 1755 1083 ali-

316 1105 418 1159 quid
443 1104 621 1160 dignum
649 1112 789 1144 vestra
810 1102 946 1158 gloria
968 1102 1198 1158 cogitatis3
1228 1101 1354 1142 velim
1379 1100 1504 1141 salvis
1527 1100 1666 1141 nobis.
1689 1099 1753 1141 sin

271 1174 302 1204 b.
317 1162 358 1202 id
384 1162 539 1211 minus,
563 1176 626 1202 res
650 1170 791 1201 tamen
817 1158 989 1215 publica
1009 1173 1082 1214 per
1106 1173 1179 1199 vos
1199 1159 1315 1200 brevi
1337 1157 1613 1213 temporejus
1630 1170 1755 1198 suum

317 1218 590 1273 reciperabit.
635 1216 730 1273 Ego
754 1217 838 1257 tuis
864 1230 1000 1272 neque
1019 1217 1184 1266 desum,
1208 1229 1345 1270 neque
1368 1215 1509 1256 deero.
1534 1214 1604 1268 qui
1632 1213 1754 1254 8sive

315 1276 368 1316 ad
387 1289 456 1316 me
478 1274 678 1325 referent,
701 1275 789 1314 sive
813 1287 913 1322 non,
935 1288 1028 1314 inea
1052 1273 1129 1314 tibi
1153 1281 1292 1313 tamen
1321 1270 1611 1313 benivolentia
1629 1271 1755 1312 fides-

314 1347 399 1388 que
423 1332 712 1388 praestabitur.

275 1409 301 1445 3
833 1403 982 1439 ARGU
987 1402 1140 1438 MENT
1147 1402 1236 1438 UM.

334 1454 504 1503 Ejusdem
524 1458 743 1505 argumenti,
763 1468 807 1491 ac
825 1457 950 1491 itidem
970 1457 1007 1489 in
1025 1455 1225 1489 Antonium
1244 1452 1388 1501 ejusque
1404 1455 1517 1490 socios
1536 1453 1728 1489 invehitur.

647 1522 714 1563 M.
737 1521 788 1563 T.
812 1521 865 1562 C.
898 1521 949 1562 C.
974 1519 1191 1561 CASSIO
1224 1520 1267 1561 S.
1294 1520 1343 1561 P.
1367 1520 1422 1561 D.

311 1580 535 1636 AUGET
570 1599 667 1630 tuus
703 1590 866 1630 amicus
901 1587 1087 1628 furorem
1120 1587 1159 1628 in
1196 1588 1310 1629 dics:
1356 1588 1541 1643 primum
1582 1588 1624 1629 in
1668 1598 1754 1630 sta·

312 1659 547 1703 tua,quam
587 1647 731 1704 posuit
757 1647 799 1687 in
839 1645 1022 1695 Rostris,
1047 1644 1264 1700 inscripsit
1303 1658 1522 1688 PARENTI
1560 1659 1751 1686 οΡτιΜΕ

315 1718 537 1749 ΜΕΒΙΤοε
585 1713 629 1745 ut
663 1718 747 1744 non
785 1702 914 1744 modo
954 1701 1109 1752 sicarii,
1145 1702 1215 1742 sed
1252 1700 1343 1757 jau]
1395 1703 1525 1742 etiam
1576 1703 1752 1758 patrici-

311 1762 378 1803 dae
414 1761 688 1817 judicemini,
737 1760 838 1814 quid
890 1759 1002 1808 (lico,
1047 1758 1332 1812 judicemini?
1375 1758 1624 1814 judicemur
1675 1773 1752 1814 po-

313 1819 412 1860 tius.
491 1818 631 1858 Vestri
686 1818 798 1858 enim
852 1815 1126 1871 pulcherrimi
1177 1815 1280 1857 facti
1329 1815 1398 1857 ille
1445 1816 1629 1857 furiosus
1683 1831 1750 1858 me

312 1876 550 1931 principem
591 1875 696 1915 dicit
732 1873 877 1915 fuisse.
939 1872 1115 1913 Utinam
1151 1873 1323 1928 quidem
1358 1872 1558 1915 fuissem!
1583 1867 1749 1914 bmoie-

311 1943 401 1973 stus
434 1932 558 1973 nobis
596 1946 679 1972 non
714 1940 838 1971 esset.
901 1929 982 1970 Sed
1018 1928 1100 1969 hoc
1124 1941 1309 1982 vestrum
1345 1940 1433 1971 est:
1467 1930 1582 1985 quod
1617 1945 1751 1985 quum

309 1990 534 2045 praeteriit,
554 1989 718 2029 utinam
744 1988 960 2036 haberem,
983 1985 1085 2040 quid
1112 1987 1233 2027 vobis
1256 1987 1398 2027 darem
1425 1987 1590 2028 consilii
1613 1988 1620 2029 ἔ
1667 1986 1749 2029 Sed

310 2062 362 2087 ne
390 2046 495 2087 mihi
536 2046 708 2101 quidem
745 2046 823 2101 ipsi
868 2044 1048 2099 reperio,
1085 2043 1188 2098 quid
1224 2043 1468 2085 faciendum
1499 2045 1565 2084 sit.
1630 2044 1748 2091 Quid

308 2104 421 2144 enim
449 2113 527 2153 est,
551 2103 663 2158 quod
685 2111 836 2144 contra
871 2101 954 2141 vim
992 2100 1082 2140 sine
1118 2100 1156 2140 vi
1191 2101 1278 2142 fieri
1311 2101 1473 2155 possit?
1505 2100 1747 2145 Consilium

307 2175 436 2201 omne
455 2170 596 2201 autem
621 2160 704 2201 hoc
727 2168 790 2200 est
812 2158 995 2208 illorum,
1018 2166 1066 2197 ut
1086 2169 1265 2199 mortem
1286 2157 1470 2199 Caesaris
1492 2172 1750 2214 persequan-

309 2273 450 2303 nuimus.
475 2274 579 2312 magis
595 2278 707 2304 tamen
723 2283 822 2312 prope
837 2272 944 2312 placet
960 2270 1005 2301 le·
1091 2274 1108 2305 7
1132 2273 1271 2312 exceptis
1285 2271 1479 2312 designatis]
1499 2271 1586 2312 Ergo
1599 2271 1743 2312 designa·

308 2316 374 2346 ctio
398 2316 463 2346 Ms.
485 2316 547 2346 Gu.
572 2319 599 2346 l.
623 2316 690 2355 qui,
710 2316 801 2354 qnia,
818 2315 856 2344 (Ie
878 2314 1003 2353 republ.
1048 2313 1074 2343 ti
1104 2314 1194 2345 Coss.
1227 2325 1320 2355 pares
1349 2314 1594 2346 consularibus:
1629 2323 1747 2355 nempe

309 2368 379 2397 quoe
393 2358 468 2388 bene
487 2359 655 2389 senserint.
680 2367 755 2388 mox
773 2367 830 2396 pro
843 2361 920 2388 sunt
937 2367 1004 2387 ma-
1048 2357 1124 2393 quia
1148 2361 1225 2387 ante
1246 2357 1433 2388 consulares
1449 2362 1481 2387 et
1498 2355 1594 2396 primi
1611 2360 1744 2386 senten-

309 2400 354 2430 lui
376 2401 452 2429 sint.
476 2407 573 2439 atque
598 2400 645 2430 ita
671 2401 820 2436 correxi3
844 2399 1004 2436 habetque
1048 2399 1129 2428 tiam
1156 2399 1367 2438 rogabantur.
1411 2398 1578 2438 Intelligit
1594 2398 1744 2430 Hirtium

308 2443 352 2472 sic
365 2442 414 2472 ed.
439 2441 535 2472 Rom.
559 2442 641 2473 Mss.
656 2441 708 2472 hie
731 2450 836 2471 meros
852 2441 1002 2471 indicati·
1047 2444 1082 2470 et
1098 2440 1252 2472 Pansam.

308 2494 364 2514 vos
380 2484 519 2514 habent.
1091 2483 1110 2513 8
1131 2483 1306 2512 sive—sive
1325 2482 1404 2522 non]
1429 2482 1482 2512 Sic
1506 2481 1569 2512 Gu.
1594 2485 1622 2512 1.
1647 2481 1742 2521 idque

349 2529 367 2557 5
396 2526 488 2557 Tum
513 2524 727 2565 necessarius]
766 2524 920 2564 Lepidus,
947 2524 1004 2562 qui
1047 2524 1190 2564 primum
1214 2526 1316 2564 reperi
1334 2526 1368 2555 in
1383 2525 1433 2555 ed.
1453 2524 1540 2555 Med.
1559 2525 1604 2554 sic
1621 2528 1655 2554 et
1670 2523 1744 2554 Ma-

307 2569 409 2599 Cassii
434 2568 542 2599 uxoris
564 2577 707 2598 sororem
731 2567 764 2598 in
789 2567 1001 2596 matrimonio
1045 2567 1168 2597 nntius.
1186 2566 1240 2597 alii
1255 2576 1317 2597 scr.
1333 2571 1366 2597 et
1383 2566 1453 2597 edd.
1468 2569 1496 2598 εἰ
1511 2575 1551 2598 ne
1572 2567 1617 2597 ad
1630 2575 1681 2596 me
1695 2577 1745 2598 re-

305 2609 459 2645 habebat,
483 2607 626 2640 sororem
651 2609 787 2640 eandem
816 2609 864 2639 Μ.
890 2608 998 2638 Bruti.
1031 2607 1162 2648 serent,
1178 2608 1263 2647 quod
1279 2609 1425 2639 Graevius
1441 2614 1572 2639 secutus
1592 2616 1665 2645 est;
1690 2610 1747 2640 in-

306 2652 385 2692 Ejus
399 2653 488 2684 filius
501 2651 641 2685 Antonii
657 2651 760 2683 filiam
783 2651 921 2682 (luxerat
938 2659 999 2680 nu-
1044 2650 1115 2680 ten.
1131 2651 1271 2690 quidem.
1295 2661 1360 2681 uon
1389 2650 1505 2691 placet.
1530 2651 1663 2682 dixisset
1687 2653 1747 2683 etsi

327 2705 373 2725 er.
1044 2693 1092 2722 od
1106 2703 1157 2722 me
1172 2702 1235 2722 nrm
1252 2692 1408 2732 reserent.

347 2737 369 2767 6
398 2736 494 2767 Alter
520 2735 646 2777 affinis]
679 2735 757 2766 Non
788 2737 915 2766 constat
945 2735 999 2774 qui
1086 2739 1106 2768 9
1130 2736 1279 2764 molestus
1306 2736 1393 2766 nobis
1428 2745 1491 2765 non
1519 2735 1612 2775 esset]
1656 2734 1745 2766 Nam

304 2778 417 2815 fuerit,
436 2783 473 2809 ut
497 2788 555 2809 nec
577 2778 675 2814 alter,
694 2779 748 2818 qui
772 2777 879 2808 silium
903 2786 999 2808 suum
1044 2786 1120 2807 eum
1161 2787 1228 2808 una
1258 2777 1522 2808 interficiendum
1567 2786 1743 2809 curassem.

302 2820 473 2852 consulem
490 2821 561 2851 fieri
577 2819 724 2851 volebat.
771 2842 775 2847 .
1045 2829 1074 2848 v.
1093 2818 1153 2861 Ep.
1169 2818 1209 2850 ad
1224 2818 1427 2850 Trebonium
1443 2819 1483 2851 L.
1498 2820 1542 2852 X.
1557 2825 1592 2852 et
1607 2830 1658 2861 ep.
1675 2829 1742 2860 seq.
