1903 3218
321 102 399 136 260
448 87 452 91 '
681 95 862 134 Ek’ls'r.
902 96 1082 133 121ssssss
1119 97 1390 135 DEc1MUs

325 200 477 257 copii5‚
508 215 613 255 quas
645 200 777 241 habet
809 199 1094 241 firmissimas:
1138 211 1225 252 aut,
1263 201 1296 242 si
1340 201 1479 257 ipsum
1514 199 1655 255 aliqua
1686 211 1749 239 res

326 258 520 314 impedit,
552 258 766 298 exercitus
805 257 1024 307 mittatur3
1057 257 1179 313 cujus
1211 259 1342 313 ipsius
1375 271 1577 313 magnum
1610 255 1752 312 agitur

328 315 578 372 periculum.
641 313 863 368 Quidquid
906 313 1134 368 aliquando
1173 313 1363 356 futurum
1403 314 1486 354 fuit
1521 314 1563 354 in
1602 312 1752 354 castris

331 372 591 428 perditorum
616 381 766 411 contra
789 370 982 425 patriam,
1014 370 1094 411 hoc
1117 385 1242 412 omne
1266 372 1357 426 jam
1389 370 1606 411 convenit.
1668 368 1755 409 Pro

332 429 447 470 urbis
471 444 568 470 vero
593 428 725 468 salute
749 441 823 466 cur
847 441 930 466 non
955 427 1154 467 omnibus
1178 426 1468 478 faeustafflbm,
1498 441 1602 483 quas
1624 425 1754 466 habe-

332 501 441 535 mus,
477 487 672 526 utamur?
717 483 883 528 Quodsi
922 497 996 522 vos
1030 483 1126 523 istic
1164 498 1247 524 non
1279 485 1515 534 defueritis,
1550 481 1757 539 profecto,

332 543 445 598 quod
471 542 520 582 ad
547 555 612 582 me
634 539 802 587 attinet,
826 539 1024 578 omnibus
1046 539 1168 580 rebus
1188 541 1356 582 abunde
1373 541 1618 597 reipublicae
1635 538 1759 580 satis-

334 600 505 641 faciam.
565 597 626 638 Te
649 597 836 651 quidem,
860 597 915 635 mi
942 595 1111 646 Cicero,
1135 597 1175 637 in
1198 597 1302 648 dies,
1325 598 1598 647 mehercules,
1621 595 1760 636 habeo

333 656 536 697 cariorem
555 671 564 695 ε
597 653 989 706 sollicitudinesque
1013 667 1124 692 meas
1147 655 1340 707 quotidie
1362 655 1497 709 magis
1520 665 1593 695 tua
1611 653 1762 693 merita

334 721 566 761 exacuunt,
590 725 640 750 ne.
663 710 764 764 quid
787 718 861 749 aut
882 723 934 748 ex
959 723 1116 760 amore,
1139 721 1212 750 aut
1225 725 1278 751 ex
1296 711 1464 765 judicio
1481 721 1554 751 tuo
1573 709 1760 766 perdam.

337 771 456 825 Opto
488 779 534 808 ut
566 768 669 807 milii
696 767 816 806 liceat
842 766 950 819 jam,
980 768 1178 820 praesenti
1205 768 1362 822 pietate
1384 781 1575 808 meorum
1598 766 1763 808 officio·

337 841 429 867 rum
453 835 525 865 tua
549 823 755 864 beneficia
776 823 854 862 tibi
879 822 1307 877 facerejueundiora.
1347 823 1517 865 Octavo
1538 823 1638 864 Idus
1659 822 1763 865 Jun.

339 887 377 913 88
394 882 621 930 Civarone‚
643 895 696 920 ex
721 880 878 920 finibus
902 878 1200 935 Allobrogum.

271 976 325 1013 (34
856 952 1258 991 ARGUMENTUM.

340 1020 386 1055 Se
413 1029 601 1054 memorem
629 1017 875 1066 beneficiorum
902 1017 1094 1064 pollicetur
1106 1034 1118 1054 .·
1146 1031 1228 1054 suas
1256 1021 1378 1066 copias
1395 1022 1543 1054 narrat:
1572 1016 1768 1053 subsidium

393 1071 589 1107 Caesariani
619 1073 682 1104 aut
710 1067 882 1117 Africani
913 1071 1087 1105 exercitus
1115 1073 1259 1118 poscit:
1291 1072 1542 1112 Octavianum,
1570 1073 1610 1104 ut
1635 1080 1791 1116 parum-

391 1123 527 1171 reipnb.
546 1126 740 1163 amantem,
761 1122 890 1168 carpit.

345 1188 626 1232 PLANCUS
657 1187 789 1228 IMP.
815 1187 991 1229 CONS.
1019 1187 1266 1231 DESIGN.
1299 1189 1343 1230 S.
1370 1189 1427 1231 D.
1451 1185 1774 1230 CICERONI.

352 1248 599 1299 FACERE
623 1270 706 1296 non
731 1270 918 1311 possum,
937 1256 1042 1311 quin
1062 1256 1102 1297 in
1121 1256 1308 1312 singulas
1328 1272 1407 1307 res,
1429 1256 1665 1311 meritaque
1685 1265 1773 1306 tua,

347 1315 424 1355 tibi
449 1314 607 1370 gratias
631 1328 771 1368 agam.
834 1312 915 1353 Sed
940 1313 1180 1354 mehercule
1204 1313 1315 1355 facio
1338 1329 1436 1355 cuin
1460 1313 1635 1369 pudore.
1684 1311 1774 1352 Ne-

346 1386 428 1427 que
459 1371 572 1411 enim
604 1379 724 1410 tanta
755 1370 1038 1420 necessitudo,
1067 1381 1271 1425 quantam
1307 1380 1351 1411 tu
1385 1370 1489 1411 mihi
1520 1379 1659 1410 tecum
1684 1382 1774 1408 esse

347 1427 536 1477 voluisti,
559 1427 796 1467 desiderare
822 1425 987 1467 videtur
1007 1427 1240 1481 gratiarum
1264 1428 1476 1468 actionem
1495 1444 1503 1468 :
1536 1439 1672 1481 neque
1694 1439 1776 1480 ego

349 1484 545 1526 lubenter
568 1498 644 1538 pro
668 1483 867 1523 maximis
899 1483 982 1523 tuis
1009 1483 1224 1523 beneficiis
1249 1493 1335 1524 tam
1360 1483 1431 1524 vili
1455 1496 1629 1524 munere
1652 1485 1691 1516 39
1705 1483 1778 1523 de-

353 1541 508 1596 fungor
532 1540 738 1580 orationis
758 1555 766 1580 2
790 1548 833 1579 et
856 1539 966 1580 malo
988 1554 1174 1595 praesens
1190 1540 1475 1591 observantia,
1498 1538 1780 1594 indulgentia,

353 1598 618 1648 assiduitate,
647 1610 878 1637 memorem
911 1611 978 1637 me
1006 1597 1084 1638 tibi
1118 1597 1311 1652 probare.
1373 1595 1537 1644 Quodsi
1563 1595 1667 1636 mihi
1695 1595 1782 1636 vita

355 1655 603 1710 contigerit,
626 1667 773 1694 omnes
796 1661 937 1709 gratas
959 1654 1170 1695 amicitias
1193 1663 1320 1709 atque
1342 1654 1469 1694 etiam
1496 1654 1584 1708 pias
1607 1652 1782 1708 propin-

356 1712 541 1768 q'uitates
571 1710 667 1751 90in
692 1720 766 1751 tua
795 1711 1082 1761 observantia,
1114 1711 1394 1767 indulgentia,
1417 1709 1667 1751 assiduitate
1690 1709 1782 1750 vin-

357 1783 468 1810 cam.
528 1766 663 1808 Amor
695 1767 809 1807 enim
842 1776 953 1818 tuus,
987 1782 1036 1808 ac
1063 1767 1280 1823 judiciuin
1310 1767 1362 1808 de
1392 1781 1473 1818 me,
1504 1775 1646 1807 utrum
1676 1765 1783 1807 mihi

360 1826 454 1882 plus
476 1823 699 1880 dignitatis
722 1824 765 1864 in
787 1835 1056 1879 perpetuum,
1075 1840 1127 1865 an
1153 1824 1383 1879 voluptatis
1401 1823 1594 1879 quotidie
1611 1822 1665 1863 sit
1684 1822 1786 1864 alla-

315 1908 347 1938 b.
362 1892 496 1932 turus,
518 1895 604 1922 non
627 1879 751 1921 facile
773 1881 970 1922 dixerim.
1033 1881 1100 1922 De
1118 1881 1303 1922 militum
1324 1879 1577 1931 commodis,
1602 1878 1684 1920 fuit
1706 1878 1787 1920 tibi

363 1953 501 1990 curae3
532 1952 639 1993 quos
668 1951 751 1993 ego
783 1952 867 1978 non
892 1939 1098 1993 potentiae
1126 1952 1233 1979 meae
1255 1952 1396 1988 causa,
1429 1936 1554 1989 (nihil
1584 1936 1698 1977 enim
1722 1950 1791 1977 me

363 2011 448 2038 non
482 1994 722 2036 salutariter
753 1995 945 2050 cogitare
978 1995 1101 2045 scio,)
1131 1995 1272 2035 ornari
1308 1993 1421 2035 volui
1455 2009 1479 2034 a
1513 2001 1686 2035 senatu:
1715 1993 1788 2033 sed

368 2054 567 2110 primum,
587 2051 702 2107 quod
726 2051 786 2092 ita
808 2052 982 2093 meritos
998 2053 1276 2107 judicabam:
1301 2051 1470 2101 deinde,
1486 2050 1600 2105 quod
1623 2049 1675 2091 ad
1697 2063 1791 2090 om-

366 2125 439 2152 nes
452 2124 575 2151 casus
591 2109 910 2163 conjunctiores
931 2109 1177 2165 reipublicae
1191 2123 1281 2149 esse
1301 2108 1494 2149 volebam
1511 2124 1521 2149 ε
1545 2106 1792 2157 novissime,

368 2178 413 2208 ut
446 2168 500 2208 ab
537 2165 654 2206 omni
688 2167 881 2206 omnium
910 2165 1211 2207 sollicitatione
1240 2179 1410 2206 aversos
1432 2178 1520 2216 eos,
1543 2163 1646 2205 tales
1669 2164 1791 2205 vobis

369 2233 569 2280 praestare
606 2236 788 2277 possem,
826 2223 970 2277 quales
1008 2223 1148 2264 adhuc
1180 2221 1366 2263 fuerunt.
1428 2221 1520 2263 Nos
1550 2220 1691 2263 adhuc
1720 2219 1792 2261 hic

368 2280 515 2322 omnia
536 2280 704 2335 integra
725 2280 1019 2321 sustinuimus.
1067 2279 1197 2327 Quod
1219 2278 1444 2320 consilium
1469 2287 1676 2328 nostrum,
1697 2277 1793 2326 etsi,

368 2346 529 2393 quanta
551 2337 606 2377 sit
627 2335 808 2376 aviditas
831 2337 1070 2388 hominum,
1092 2351 1179 2377 non
1199 2337 1288 2377 sine
1305 2350 1447 2387 causa,
1471 2336 1565 2376 talis
1585 2333 1793 2382 victoriae,

370 2395 474 2443 seio,
497 2403 640 2434 tamen
666 2393 785 2433 vobis
811 2395 980 2448 probari
1002 2408 1142 2450 spero.
1204 2393 1306 2434 Non
1327 2392 1457 2443 enim,
1480 2392 1512 2433 si
1535 2391 1637 2446 quid
1661 2390 1702 2431 in
1727 2390 1792 2430 liis

369 2450 632 2492 exercitibus
657 2449 710 2489 sit
740 2449 965 2502 offensum,
997 2465 1154 2507 magna
1183 2450 1374 2491 subsidia
1403 2448 1644 2504 respublica
1666 2447 1795 2488 habet

415 2566 455 2594 8ss
492 2561 662 2600 Civarone]
705 2562 756 2592 Sic
784 2562 856 2592 edd.
887 2563 964 2594 fere.
997 2564 1060 2595 Ms.
1104 2563 1191 2603 quod
1205 2572 1272 2593 non
1286 2562 1450 2592 consentit
1465 2571 1541 2592 cum
1557 2562 1715 2598 lubenter,
1731 2560 1798 2591 edi-

373 2615 464 2636 meus
499 2603 670 2645 qujarone,
698 2604 785 2642 quod
813 2605 901 2635 favet
927 2606 978 2642 iis,
1007 2607 1060 2644 qui
1103 2606 1224 2635 dicum
1235 2605 1375 2635 Graevio.
1398 2604 1450 2634 Sic
1461 2604 1524 2634 Ms.
1535 2613 1625 2634 meus
1637 2610 1671 2633 ct
1683 2604 1797 2637 ceteri,

377 2647 537 2678 Cularone
562 2646 743 2686 corrigunt.
788 2647 934 2677 Graevius
960 2647 1062 2678 edidit
1104 2652 1137 2678 et
1152 2646 1224 2677 edd.
1243 2656 1290 2687 pr.

378 2691 524 2725 Cic-rone,
554 2698 618 2727 quo
648 2688 781 2718 nomine
817 2697 904 2719 nunc
934 2697 1061 2730 quoque
1144 2692 1186 2722 90
1207 2689 1241 2719 in
1261 2693 1319 2719 tua
1338 2688 1555 2727 observantia]
1580 2693 1640 2718 tua
1654 2692 1705 2718 est
1721 2686 1798 2717 alie—

373 2732 563 2771 praetorium
579 2729 619 2761 ad
643 2730 765 2760 Isaram
781 2731 924 2762 traditur
938 2740 1016 2762 esse.
1032 2740 1062 2764 v.
1108 2740 1200 2761 num.
1245 2730 1457 2761 Scribendum
1480 2733 1513 2761 in
1538 2735 1580 2767 te,
1602 2736 1659 2760 aut
1675 2730 1737 2765 tui,
1761 2732 1800 2758 ut

373 2774 468 2806 (nav.
1105 2773 1178 2803 aliis
1193 2771 1329 2810 placuit.
1352 2772 1413 2804 hoc
1435 2772 1566 2812 quidem
1588 2771 1684 2812 plane
1702 2775 1750 2802 eet
1767 2772 1800 2800 in

415 2820 454 2849 89
491 2813 666 2854 ιίςβιιηςον]
707 2814 759 2845 Sic
793 2824 852 2856 pro
887 2813 1065 2856 defungar,
1108 2816 1170 2846 Gu.
1191 2815 1218 2843 l.
