1903 3218
295 104 374 139 294
641 99 819 137 EPIST.
848 99 1031 138 LIBER
1058 100 1419 139 UNDECIMUS

299 201 403 259 quid
423 205 464 236 7⁰
477 201 616 244 defuit
646 212 802 245 nostrae
833 203 1113 245 familiaritati
1131 207 1149 245 ἓ-
1179 203 1226 245 In
1252 204 1453 245 maximis
1476 205 1602 245 rebus
1623 218 1733 259 quo-

300 275 398 301 nam
433 259 563 300 modo
594 273 660 301 me
689 275 876 315 gererem
911 262 1114 301 adversus
1150 261 1380 311 Caesarem,
1414 275 1511 302 usus
1536 272 1609 301 tuo
1632 275 1735 301 con-

304 317 399 359 silio
423 331 531 357 sum.
578 315 627 357 [n
654 319 823 371 reliquis
845 319 1014 360 officiis.
1039 320 1106 358 cui
1134 329 1176 358 tu
1203 319 1406 367 tribuisti,
1428 327 1613 365 excepto
1637 317 1735 358 Cae-

308 388 413 423 sare,
450 384 606 429 praeter
644 388 724 423 me,
762 385 808 414 ut
845 375 1020 414 domum
1059 376 1302 424 ventitares,
1338 369 1550 429 horasque
1583 374 1738 414 multas

311 445 427 485 saepe
449 431 701 470 suavissimo
725 444 919 470 sermone
941 434 1240 472 consumeres?
1273 442 1379 481 tum,
1409 446 1506 473 cum
1529 431 1675 480 etiam,
1706 430 1739 470 si

309 487 560 536 meministi,
585 497 629 526 ut
653 486 746 526 haec
767 494 1017 540 φιλοσοφέμενω
1041 488 1285 551 scriberem,
1306 492 1342 521 71
1362 502 1404 528 tu
1431 503 1496 529 nie
1511 487 1742 543 impulisti.

315 543 422 586 Post
446 543 629 584 Caesaiis
653 543 852 592 reditum,
875 558 929 597 qt.
922 543 977 584 id
1002 545 1080 585 tibi
1117 544 1266 598 majuli
1290 560 1402 585 curae
1428 546 1522 595 luit,
1544 559 1672 599 quain
1697 552 1743 583 ut

317 615 450 641 essem
475 614 557 654 ego
581 599 638 639 illi
662 613 789 653 quam
817 598 1200 642 familiarissimus?
1221 601 1335 655 quod
1354 601 1569 643 effeceras.
1603 601 1745 648 Quor-

320 671 413 698 sum
450 657 584 711 igitui
617 656 709 696 haec
740 658 878 696 oratio
909 656 1092 712 longior,
1120 672 1246 712 quum
1282 662 1498 711 putaram?
1531 659 1630 713 quia
1653 672 1747 698 sum

322 729 371 754 aui
364 714 571 763 linuatus,
595 723 650 761 te,
673 713 743 766 qui
769 712 863 753 baec
887 727 1010 754 nosse
1033 714 1223 764 deberes,
1243 714 1476 777 quidquam
1500 730 1524 755 a
1546 730 1612 755 nie
1631 729 1749 755 com-

322 771 514 819 missum,
556 745 671 824 quo'd
709 779 819 809 esset
858 769 1043 812 alienum
1084 781 1229 811 nostia
1264 771 1468 820 amicitia,
1506 772 1750 812 credidisse.

323 827 436 870 Nam
463 836 615 881 praetei
640 825 749 875 haec,
776 840 872 881 quae
896 828 1248 877 commemoravi,
1279 842 1375 882 quae
1399 836 1554 868 testata
1575 838 1688 877 sunt,
1709 837 1753 868 et

321 884 517 932 illustria,
552 882 690 923 habeo
724 883 861 922 multo
894 885 1146 934 occultiora,
1178 899 1276 939 quae
1307 898 1378 925 Vix
1406 884 1545 924 verbis
1574 885 1752 939 exsequi

322 953 513 996 possum.
576 938 735 980 Omnia
758 953 825 980 me
849 950 921 980 tua
943 941 1182 982 delectant:
1214 941 1339 981 72sed
1362 942 1548 981 maxime
1567 955 1757 982 mamma

322 1011 422 1038 cum
446 995 581 1037 fides
573 1010 616 1036 in
639 997 845 1045 amicitia,
868 998 1111 1048 consilium,
1134 998 1337 1053 gravitas,
1360 998 1572 1039 constanti
1579 1013 1629 1048 ιι,
1666 1007 1755 1038 tuin

324 1053 459 1109 lepos,
480 1052 743 1103 humanitas,
765 1053 935 1094 litter.ae
999 1055 1275 1110 Quaptopter
1299 1055 1423 1095 redeo
1445 1070 1559 1096 nunc
1580 1030 1631 1095 ad
1654 1068 1758 1110 que-

326 1109 473 1153 rela.m
536 1108 630 1165 Ego
664 1120 705 1150 te
739 1110 993 1173 suffragium
1027 1112 1173 1152 tulisse
1202 1112 1299 1152 vin
1333 1111 1402 1151 illa
1431 1111 1540 1166 lege,
1573 1111 1759 1166 primum

194 1195 227 1226 p.
245 1185 313 1215 181.
326 1181 413 1209 non
438 1166 625 1208 credidi:
658 1166 827 1217 deinde,
858 1182 889 1206 5ι
923 1168 1214 1218 credidissem,
1248 1183 1479 1221 numquam
1511 1168 1552 1209 id
1576 1169 1665 1208 sine
1686 1168 1762 1209 ali-

285 1234 305 1257 a
327 1239 413 1279 qua
429 1223 550 1279 justa
570 1238 699 1264 causa
720 1224 1011 1266 existimarem
1038 1236 1079 1266 te
1103 1225 1267 1266 iecisse.
1324 1225 1526 1281 Dignitas
1547 1235 1622 1266 tua
1643 1223 1762 1276 facit,

329 1292 376 1322 ut
398 1280 779 1329 animadvertatur,
800 1281 1010 1336 quidquid
1031 1282 1188 1324 facias:
1214 1282 1504 1323 malivolentia
1521 1291 1663 1323 autem
1686 1281 1762 1322 lio·

328 1338 511 1385 minum,
535 1347 580 1377 ut
604 1337 808 1378 nonnulla
829 1337 991 1389 durius,
1013 1354 1141 1394 quam
1173 1354 1198 1379 a
1220 1350 1261 1380 te
1283 1338 1399 1380 facta
1420 1340 1520 1389 sint,
1545 1338 1764 1394 proferan-

331 1404 416 1435 tur.
479 1392 541 1435 Ea
571 1404 616 1434 tu
640 1394 673 1433 si
699 1409 783 1434 non
807 1395 957 1435 audis·
949 1396 1092 1451 ,quid
1114 1396 1271 1446 dicam,
1302 1397 1462 1437 nescio.
1493 1395 1707 1450 equidem,
1730 1410 1764 1435 5ι

332 1450 506 1515 quando
540 1450 685 1501 audio,
718 1461 804 1491 tam
837 1429 1038 1503 deferido,
1069 1467 1197 1506 quam
1228 1466 1296 1493 me
1330 1453 1419 1493 scio
1448 1467 1473 1492 a
1503 1464 1543 1493 te
1565 1455 1771 1492 74contra

332 1508 507 1562 iniquos
529 1521 647 1547 meos
670 1507 804 1548 solere
833 1506 1020 1549 delendi.
1085 1507 1293 1549 Defensio
1327 1519 1467 1549 autem
1500 1517 1566 1550 est
1595 1508 1771 1564 duplex.

335 1564 436 1605 Alia
459 1573 572 1614 sunt,
595 1578 692 1618 quae
715 1564 880 1618 liquido
905 1579 1060 1621 negare
1083 1565 1268 1607 solea:m
1301 1574 1347 1605 ut
1379 1565 1431 1605 de
1461 1565 1544 1605 isto
1568 1564 1662 1620 ipso
1685 1563 1774 1606 suf-

337 1620 506 1684 fiagio:
539 1621 635 1670 alia,
657 1634 753 1675 quae
777 1620 1004 1662 defendam
1028 1637 1053 1663 ιι
1075 1633 1115 1663 te
1140 1623 1207 1678 pie
1233 1622 1322 1663 fieri
1346 1631 1388 1663 et
1409 1622 1618 1663 humane:
1652 1632 1699 1663 ut
1720 1622 1774 1662 de

336 1677 561 1719 curatione
601 1677 812 1718 ludorum.
874 1678 957 1719 Sed
998 1689 1052 1729 te,
1086 1679 1303 1719 hominem
1337 1679 1651 1728 doctissimum,
1690 1693 1773 1719 non

339 1734 468 1790 fugit,
493 1734 525 1774 si
562 1733 708 1776 Caesar
742 1748 815 1774 rex
852 1733 996 1784 fuerit,
1027 1736 1141 1790 quod
1175 1736 1278 1775 mihi
1314 1736 1486 1790 quidem
1518 1736 1699 1786 videtur,
1732 1735 1775 1775 in

341 1800 566 1845 utramque
585 1800 748 1846 partem
767 1791 818 1831 de
843 1801 916 1832 tuo
939 1793 1084 1833 officio
1107 1793 1313 1847 disputari
1341 1806 1487 1847 posse:
1515 1792 1615 1832 vel
1606 1807 1647 1832 ιιι
1668 1806 1779 1843 eam,

341 1862 426 1903 qua
457 1862 539 1903 ego
575 1847 634 1888 uti
668 1848 799 1897 soleo,
831 1847 1086 1890 laudandam
1119 1863 1209 1889 esse
1244 1849 1369 1889 fidem
1399 1861 1442 1888 et
1464 1849 1777 1890 humanitatem

342 1913 478 1954 tuam,
501 1904 571 1961 qui
597 1904 782 1944 amicum
806 1905 935 1946 etiam
964 1916 1180 1946 mortuum
1205 1905 1374 1960 diligas,
1401 1906 1496 1945 vel
1488 1921 1530 1946 in
1553 1919 1663 1956 eam,
1693 1920 1780 1960 qua

342 1961 537 2002 nonnulli
564 1970 756 2009 utuntur,
779 1961 1020 2003 libertatem
1048 1963 1212 2018 patr-ia,
1239 1963 1336 2003 vitae
1366 1963 1492 2002 amici
1517 1972 1784 2017 anteponen-

344 2019 458 2059 dam.
505 2017 570 2059 Ex
595 2018 660 2058 his
684 2019 953 2059 sermonibus
977 2020 1140 2060 utinam
1162 2029 1303 2059 essent
1325 2019 1478 2059 delatae
1498 2019 1550 2060 ad
1576 2029 1616 2059 te
1636 2019 1784 2075 dispu-

346 2075 532 2116 tationes
556 2075 683 2115 meae!
711 2073 788 2114 Illa
813 2089 911 2116 vero
935 2076 1036 2126 duo,
1058 2091 1155 2131 quae
1177 2077 1367 2117 maxima
1385 2087 1483 2115 sunt
1501 2076 1671 2116 laudum
1693 2086 1786 2116 tua-

346 2146 458 2182 rum,
490 2132 586 2187 quis
616 2141 691 2172 aut
724 2131 941 2181 libentius,
973 2148 1101 2187 quam
1134 2147 1232 2189 ego,
1255 2143 1581 2184 commemorat,
1603 2142 1676 2173 aut
1708 2147 1788 2174 sae-

347 2189 470 2244 pius:
509 2200 551 2230 te
572 2198 616 2229 et
637 2203 723 2228 non
747 2189 1009 2245 suscipiendi
1037 2189 1135 2231 belli
1159 2190 1298 2241 civilis
1321 2189 1622 2245 gravissimum
1639 2198 1788 2232 aucto-

392 2331 641 2374 70d1ffuitn.s.
657 2335 692 2364 in
708 2344 749 2364 m.
764 2335 881 2366 rebus?
895 2335 1050 2376 Ortonam
1093 2337 1182 2366 aime
1209 2337 1425 2369 necessarium
1456 2340 1518 2372 est,
1556 2333 1794 2375 respondetque

352 2376 410 2415 m.]
438 2375 549 2405 Placet
574 2375 725 2406 Lambini
740 2379 982 2416 interpunctio.
1008 2379 1051 2408 In
1095 2380 1136 2417 τῷ
1159 2379 1269 2408 omnia
1291 2383 1361 2409 tua.
1384 2379 1533 2418 epitheto
1554 2379 1704 2408 maxima
1725 2387 1794 2409 non

351 2427 398 2448 m.
416 2418 510 2448 rebus
524 2427 663 2456 quonam
682 2419 771 2448 modo
787 2419 845 2448 &m
873 2419 909 2450 [n
925 2420 1050 2459 vulgari
1093 2428 1144 2451 est
1170 2420 1272 2456 locus,
1300 2430 1361 2450 nee
1384 2428 1477 2460 opus.
1523 2419 1658 2450 Sensere
1683 2425 1716 2450 et
1740 2422 1795 2460 qni

353 2459 621 2499 interpunctione
642 2461 691 2489 vix
715 2460 906 2490 commodus
928 2471 1052 2493 sensus.
1097 2468 1167 2503 post
1187 2463 1335 2492 maxima
1351 2463 1594 2501 inter-punirem,
1610 2468 1648 2491 ut
1666 2462 1781 2494 Aldus.

353 2501 442 2541 Quid
456 2501 545 2531 enim
560 2508 629 2531 est:
654 2502 735 2542 quid
744 2503 983 2542 familiaritati
1001 2504 1054 2534 ‹Ie-
1141 2507 1180 2538 73
1204 2505 1239 2534 in
1261 2505 1321 2535 illa
1336 2506 1360 2535 l
1350 2504 1418 2543 ‘’ge]
1446 2504 1582 2534 Caesaris
1597 2502 1635 2533 de
1652 2506 1794 2542 aestima-

344 2542 419 2583 suit
435 2544 469 2573 in
484 2543 637 2573 maximis
651 2544 769 2573 rebus?
1098 2546 1260 2576 tionibus:
1298 2548 1350 2576 cui
1379 2547 1551 2585 respondet
1586 2545 1620 2574 in
1657 2547 1797 2594 epistola

399 2588 436 2619 71
466 2589 502 2615 tw
525 2595 575 2622 me
595 2585 769 2626 impulisti]
798 2586 907 2625 Friget
929 2587 982 2618 bic
1005 2593 1054 2618 tu.
1100 2589 1196 2618 Matii
1214 2587 1307 2623 illud,
1321 2588 1407 2627 quod
1424 2588 1473 2626 leg
1463 2597 1492 2618 e
1506 2584 1795 2620 Caesarisdiminu-

357 2630 407 2657 est
416 2629 489 2665 jam
505 2636 604 2666 supra
617 2628 649 2657 in
667 2627 827 2675 principio
844 2629 977 2668 periodi.
1098 2636 1168 2660 tam
1185 2640 1252 2660 rem
1269 2639 1360 2659 suam
1377 2630 1465 2659 dicit

399 2671 440 2702 72
462 2669 518 2699 sed
533 2679 563 2699 m
566 2678 675 2699 name
697 2670 845 2699 maoec'ma
866 2677 941 2701 'cum
951 2671 1054 2711 fides]
1143 2675 1183 2705 74
1198 2676 1313 2702 contra
1328 2666 1451 2711 iniquos
1464 2671 1564 2711 meos]
1596 2671 1674 2711 Non
1689 2670 1798 2712 placet

342 2710 508 2743 sucu-ime
523 2711 613 2741 abest
628 2711 685 2742 ed.
696 2712 802 2741 Graev.
825 2713 894 2743 sine
909 2713 1057 2743 admoni-
1102 2723 1186 2744 meos
1197 2713 1283 2750 addi,
1300 2723 1358 2744 nec
1374 2714 1470 2744 credo
1485 2723 1551 2745 esse
1566 2723 1587 2745 a
1600 2713 1778 2752 Cicerone.-

358 2752 460 2782 rione.
506 2753 577 2792 Ego
593 2754 743 2797 maxima
757 2753 861 2785 deleo.
886 2763 963 2785 nam
987 2764 1058 2785 ma·
1578 2757 1582 2760 ”
1683 2754 1686 2758 ’
1723 2768 1727 2771 ·
1741 2759 1752 2771 -“
1762 2754 1769 2758 '
