1865 3223
331 142 406 175 418
591 136 767 173 ΕΙἸδΤ.
796 134 980 172 LIBER
1012 134 1511 172 SEXTUSDECIMUS

328 241 441 297 quod
465 238 593 280 fucris
617 239 658 278 in
683 238 764 288 via,
783 239 882 279 dum
900 239 940 278 in
967 238 1204 279 Cumanum
1232 237 1362 287 venis,
1383 237 1586 278 accedent
1611 236 1749 278 conti-

331 313 415 339 nuo
444 298 492 338 ad
528 295 709 336 reditum
744 296 830 335 dics
864 295 1065 350 quinquc.
1129 294 1221 350 Ego
1245 295 1285 334 in
1310 294 1536 334 Formiano
1558 308 1594 333 a.
1620 294 1661 334 d.
1686 306 1745 334 111

332 354 484 396 Kalen.
507 366 595 393 esse
615 352 724 392 volo.
761 351 824 391 Ibi
851 361 890 391 te
910 363 954 391 ut
972 353 1138 392 firmum
1160 351 1386 401 offendam,
1407 350 1461 389 mi
1482 349 1746 399 Tir0‚effice.

335 410 553 452 Littcrulae
597 424 718 458 meae,
751 408 838 448 sive
873 417 1041 457 nostrae,
1081 408 1141 447 tui
1178 407 1382 447 desiderio
1420 407 1747 462 oblanguerunt.

332 469 430 510 'I‘lac
454 479 592 507 tamen
618 465 812 520 epistola,
843 478 967 518 quarn
993 463 1172 503 Acastus
1207 465 1362 512 attulit,
1392 463 1536 503 oculos
1561 462 1745 517 paullum

332 523 605 565 sustulerunt.
669 520 897 574 Pompeius
921 531 1010 560 erat
1032 521 1142 575 apud
1166 534 1247 570 me,
1265 534 1360 560 cum
1384 520 1475 560 haec
1494 519 1747 570 scribebam,

333 582 462 623 hilare
485 588 527 619 et
546 579 737 618 libenter.
757 578 793 616 ei
817 577 1005 632 cupienti
1030 577 1173 617 audire
1197 585 1352 625 nostra,
1369 577 1474 626 dixi,
1492 577 1580 616 sine
1603 585 1643 616 te
1657 590 1748 615 om-

332 640 401 679 nia
423 651 517 676 mea
534 645 652 674 muta
674 648 776 673 esse.
836 633 899 673 Tu
937 632 980 672 M
992 634 1074 673 usis
1112 633 1264 672 nostris
1294 647 1393 687 para
1420 642 1466 673 ut
1487 647 1634 687 operas
1658 631 1750 671 red-

332 697 420 736 das.
446 695 482 723 ¹⁵
497 701 641 731 nostra
673 690 723 730 ad
748 690 857 730 diem
883 689 1039 730 dictam
1065 690 1182 729 fient.
1244 689 1382 729 Docui
1422 690 1533 729 enim
1565 700 1618 738 te,
1646 688 1749 729 fides

330 751 443 800 ’ἔτυμον
476 748 589 803 quod
626 747 813 787 haberet.
875 746 959 786 Fac
995 747 1116 802 plane
1150 756 1196 786 ut
1230 745 1380 785 valeas,
1404 746 1441 775 ¹6
1455 759 1531 785 nos
1560 746 1611 786 ad
1635 759 1750 785 sum·

333 820 463 846 mum.
516 804 632 845 Vale.
681 817 799 843 XIIII
826 802 922 842 Kal.

271 880 285 916 1
299 882 314 915 l
840 874 1236 912 ARGUMENTUM.

333 939 456 986 Rogat
483 943 524 974 ut
550 939 767 974 valetudinis
793 939 895 973 unice
923 939 1097 973 rationem
1126 937 1263 973 habeat.
1318 936 1378 972 De
1395 948 1458 972 suo
1483 937 1530 971 od
1548 936 1666 972 ur‘bem
1685 938 1750 973 ad-

382 995 514 1026 ventu:
545 991 748 1026 deturbato
775 994 874 1025 statu
892 991 981 1037 reip.
1015 994 1049 1024 et
1078 990 1120 1024 de
1151 988 1332 1037 triumpho
1361 1001 1402 1024 ac
1422 989 1605 1035 Campana
1621 988 1750 1038 praese-

383 1048 486 1078 ctura
502 1044 694 1091 significat.

363 1108 430 1149 M.
452 1108 502 1149 Τ.
526 1108 600 1149 ET
625 1108 675 1149 C.
698 1107 1010 1148 TERENTIA
1036 1106 1108 1147 ET
1128 1106 1366 1155 TULLIA‚
1399 1107 1454 1153 Q.
1478 1105 1719 1148 FRATER

697 1163 769 1205 ET
794 1165 849 1211 Q.
875 1165 922 1205 F.
944 1164 1164 1205 TIRONI
1199 1165 1242 1204 S.
1268 1164 1315 1204 P.
1342 1164 1397 1204 I).

332 1220 478 1274 ETSI
500 1233 866 1288 opportunitatem
900 1247 1040 1288 operae
1075 1242 1157 1272 tuae
1191 1232 1388 1272 omnibus
1418 1231 1518 1272 locis
1538 1231 1752 1275 desidero:

332 1302 472 1331 tamen
511 1305 593 1330 nou
632 1300 715 1331 tam
742 1304 849 1340 mea,
873 1303 1000 1343 quam
1025 1300 1096 1330 tua
1118 1303 1244 1329 causa
1266 1290 1405 1336 doleo,
1432 1299 1471 1328 te
1494 1303 1578 1329 non
1604 1290 1752 1331 valere.

332 1348 412 1388 Sed
438 1362 568 1401 quum
605 1347 646 1387 in
682 1357 933 1401 quartanam
970 1360 1173 1386 conversa
1199 1347 1257 1385 vis
1280 1356 1343 1385 est
1367 1346 1517 1395 morbi,
1539 1347 1619 1398 (sic
1640 1348 1756 1388 enim

332 1405 481 1444 scribit
505 1403 693 1452 Curius)
726 1418 865 1458 spero,
889 1411 944 1451 te,
966 1402 1191 1457 diligentia
1212 1402 1418 1448 adhibita,
1440 1405 1567 1443 etiam
1591 1402 1753 1443 firmio-

332 1475 418 1501 rcm
444 1461 548 1500 fore.
611 1459 748 1499 Modo
774 1459 854 1509 fac,
880 1459 920 1498 id
946 1464 1059 1512 quod
1084 1459 1359 1498 humanitatis
1384 1470 1465 1498 tuat
1489 1470 1566 1508 est,
1583 1475 1633 1500 ne
1651 1462 1754 1515 quid

334 1517 446 1557 aliud
471 1531 591 1557 cures
616 1517 696 1556 hoc
721 1526 928 1570 tempore,
958 1516 1039 1555 nisi
1063 1525 1109 1555 ut
1130 1529 1254 1568 quam
1289 1516 1630 1556 commodissime
1652 1532 1754 1558 cou—

334 1574 532 1614 valescas.
596 1574 696 1613 Non
731 1574 900 1628 ignoro,
925 1583 1130 1626 quantum
1162 1586 1215 1612 ex
1249 1572 1456 1612 desiderio
1481 1573 1658 1624 labores,
1681 1575 1752 1615 scd

333 1643 457 1671 crunt
487 1631 632 1671 onmia
654 1629 810 1680 facilia,
834 1629 868 1669 si
893 1629 1064 1669 valebis,
1096 1628 1294 1669 festinare
1317 1639 1357 1668 tc
1376 1629 1489 1678 nolo,
1512 1644 1563 1670 ne
1586 1645 1754 1673 nauseae

333 1688 572 1728 molestiam
616 1687 821 1742 suscipias
865 1700 993 1741 aeger,
1035 1695 1078 1726 ct
1117 1685 1350 1741 periculose
1386 1685 1523 1727 hicme
1565 1689 1754 1744 naviges,

334 1744 429 1800 Ego
452 1745 503 1785 ad
528 1745 675 1784 urbem
701 1743 857 1784 accessi
894 1742 1029 1797 pridie
1063 1742 1209 1783 Nonas
1236 1742 1411 1788 Januar.
1444 1744 1614 1784 obviam
1649 1745 1755 1786 mihi

333 1802 394 1842 sic
416 1813 479 1842 est
499 1801 731 1856 proditum,
756 1803 844 1839 ¹7ut
866 1798 972 1839 nihil
1002 1800 1190 1854 potuerit
1214 1799 1302 1839 fieri
1326 1800 1530 1840 ornatius.
1589 1801 1670 1842 Sed
1694 1802 1757 1842 in-

332 1858 416 1899 cidi
442 1859 481 1897 in
514 1858 648 1913 ipsam
673 1858 889 1897 flammam
923 1856 1059 1896 civilis
1095 1856 1333 1906 discordiae,
1360 1856 1422 1896 vel
1459 1858 1600 1912 potius
1635 1858 1756 1900 belli:

333 1917 520 1955 cuicum
557 1928 757 1970 cuperem
790 1911 967 1962 mederi,
1000 1922 1056 1962 ct,
1087 1922 1134 1952 ut
1165 1913 1364 1962 arbitror,
1403 1928 1594 1968 posscm;
1636 1916 1757 1971 cupi-

334 1971 487 2012 ditates
523 1981 735 2012 certorum
779 1969 1001 2010 hominum
1035 1974 1150 2021 (nam
1187 1984 1240 2009 ex
1281 1980 1456 2023 utraque
1489 1981 1606 2025 parte
1647 1981 1760 2022 sunt,

334 2029 406 2083 qui
444 2042 635 2084 pugnare
669 2026 881 2081 cupiant,)
916 2026 1222 2081 impedimento
1246 2026 1349 2066 mihi
1374 2027 1546 2068 fuerunt
1568 2029 1758 2070 omnino.

332 2095 376 2124 et
395 2085 483 2140 ipse
510 2085 670 2134 Caesar,
693 2084 855 2125 amicus
891 2092 1048 2133 noster,
1077 2083 1262 2123 minaces
1295 2083 1347 2123 ad
1370 2093 1560 2124 senatum
1580 2095 1623 2125 et
1645 2100 1760 2127 acer-

333 2141 408 2182 bas
452 2143 612 2182 litteras
645 2142 832 2181 miserat.
860 2142 894 2170 18
909 2149 952 2179 et
984 2150 1072 2180 erat
1104 2140 1243 2180 adhuc
1277 2140 1516 2195 impudens,
1544 2142 1616 2196 qui
1638 2157 1760 2183 exer-

332 2198 466 2239 citum
485 2207 528 2239 et
558 2197 824 2254 provinciam
852 2196 989 2237 invito
1021 2206 1167 2237 senatu
1206 2206 1391 2238 teneret:
1424 2207 1466 2238 et
1490 2197 1620 2239 Curio
1642 2213 1761 2241 meus

335 2254 451 2295 illum
490 2255 712 2296 incitabat.
773 2253 988 2294 Antonius
1021 2253 1193 2309 quidem
1233 2264 1390 2304 noster,
1423 2264 1465 2294 et
1502 2255 1557 2301 Q.
1590 2255 1761 2297 Cassius

288 2297 448 2352 b‘nulla
471 2312 511 2352 vi
535 2312 718 2367 expulsi,
752 2311 805 2351 ad
832 2309 1047 2351 Caesarem
1082 2325 1178 2351 cum
1204 2309 1391 2351 Curione
1424 2311 1604 2366 profecti
1626 2323 1760 2354 erant.

335 2368 624 2423 Posteaquam
662 2376 832 2409 senatus
868 2367 1131 2418 consulibus,
1155 2368 1427 2423 praetoribus,
1461 2368 1643 2410 tribunis
1674 2370 1762 2426 ple-

376 2483 413 2511 15
435 2485 545 2511 nostra
558 2491 591 2511 a.
608 2481 640 2510 d.
655 2479 742 2520 d.f.]
770 2481 916 2511 Pertinet
930 2480 971 2511 ad
985 2479 1024 2510 li·
1066 2489 1093 2509 s-
1121 2484 1155 2510 et
1184 2481 1234 2511 ed.
1265 2480 1398 2511 Mediol.
1425 2480 1506 2512 illud
1533 2481 1647 2512 melius
1670 2487 1762 2523 puto.

329 2523 490 2556 bertatem
508 2522 709 2563 promissam.
1067 2522 1154 2553 Tum
1177 2522 1248 2552 edd.
1271 2530 1351 2553 veit.
1369 2524 1525 2561 potuerit.
1542 2524 1625 2562 quod
1651 2535 1764 2556 verum

376 2566 413 2594 16
436 2575 490 2595 nos
513 2565 558 2594 aael
576 2563 755 2602 summum]
782 2564 834 2593 Sic
857 2564 920 2593 Gu.
947 2565 975 2594 1.
995 2564 1027 2594 2.
1069 2568 1135 2594 est:
1155 2564 1238 2593 male
1248 2565 1347 2603 possit
1362 2564 1549 2596 Gebhardus
1563 2576 1580 2595 e
1595 2565 1684 2596 libris
1694 2568 1763 2605 qui-

329 2606 381 2637 ed.
398 2607 481 2636 Ven.
498 2607 587 2639 1469.
604 2609 691 2640 1471.
708 2606 770 2635 int.
783 2605 939 2635 valemus.
955 2605 1029 2635 aliae
1071 2605 1207 2636 busdam
1230 2616 1291 2636 scr.
1318 2607 1451 2645 recepit,
1476 2611 1591 2637 contra
1620 2608 1764 2639 latinita-

331 2649 499 2684 adsumus,
526 2648 588 2678 Ms.
614 2654 725 2678 noster
754 2656 911 2677 assumus.
943 2646 1030 2685 quod
1073 2653 1152 2677 tem.
1178 2648 1242 2677 Ms.
1258 2648 1319 2678 Gu.
1339 2650 1364 2677 1.
1378 2653 1500 2687 posset:
1515 2649 1600 2688 quod
1613 2651 1764 2690 etipsum

330 2699 461 2720 sensum
474 2690 603 2720 nullum
618 2689 719 2720 habet
729 2694 844 2727 aptum
858 2688 934 2718 huic
947 2688 1031 2718 loco.
1074 2694 1199 2720 rectum
1215 2694 1275 2718 est.
1431 2706 1434 2710 ›

330 2731 494 2770 quomodo
521 2737 636 2762 natum
661 2732 704 2761 sit
726 2730 856 2767 vitium,
874 2730 967 2761 facile
983 2730 1033 2760 in·
1123 2733 1157 2760 18
1180 2735 1211 2760 et
1232 2735 1305 2760 erat
1328 2731 1434 2762 adhuc
1455 2733 1636 2772 impudens]
1661 2734 1768 2764 adhue

329 2773 503 2812 telligitur.
1079 2782 1137 2813 pro
1164 2773 1307 2812 insuper,
1336 2778 1504 2812 praeterea,
1531 2775 1767 2817 accipit-udum,

376 2818 411 2848 17
433 2819 470 2844 ut
487 2825 520 2844 n.
541 2814 683 2855 poscitf.
699 2813 861 2853 ornatius]
886 2813 950 2843 Alii
972 2823 1034 2844 scr.
1080 2814 1142 2845 nisi
1156 2814 1327 2854 legendum
1343 2816 1388 2845 ad
1401 2818 1476 2847 liaec.

331 2860 367 2886 et
387 2856 466 2887 edd.
488 2857 689 2893 honoratius,
712 2861 751 2887 ut
770 2857 834 2887 Ms.
851 2865 942 2886 meus
957 2866 977 2887 ι
990 2865 1034 2886 m.
