1865 3223
452 72 528 111 AD
558 73 600 110 c,
630 68 937 109 ΜΕΜΜιυΜ
963 69 1039 108 ΕΤ
1063 71 1244 112 Amos.
1475 79 1554 114 359

639 172 1042 211 ARGUMENTUM.
1564 184 1619 220 50

130 235 196 274 Μ’.
216 236 362 274 Curium
375 240 610 281 commendat,
628 242 669 274 ut
683 237 727 273 ab
744 238 841 272 omni
858 236 1094 278 incommodo,
1110 237 1323 276 detrimento
1338 244 1372 275 et
1390 240 1555 276 molestia

641 291 822 336 integrum
841 293 1031 325 conservet.

403 356 470 398 M.
493 355 543 398 T.
566 354 618 397 C.
649 353 908 397 8¹AUCTO
942 352 1122 396 PROC.
1155 353 1200 394 S.
1225 353 1282 395 D.

132 408 327 465 SUMSI
356 424 438 466 hoc
459 424 580 475 mibi,
604 433 784 480 pro-tua
816 423 855 463 in
880 436 947 463 me
976 422 1262 472 observantia,
1285 436 1412 477 quam
1436 425 1555 479 peni-

133 489 199 520 tus
223 481 434 538 perspexi,
456 482 658 536 quamdiu
683 480 900 522 Brundisii
934 478 1107 530 fuimus,
1129 489 1176 520 ut
1197 479 1248 520 ad
1273 488 1314 520 te
1335 479 1555 522 familiari-

133 544 195 577 ter
217 547 261 578 et
278 538 397 592 quasi
421 552 497 593 pro
520 538 723 593 meojure
741 538 984 586 scriberem,
999 536 1032 577 si
1052 550 1147 591 quae
1172 550 1234 577 res
1256 545 1380 588 esset,
1398 537 1450 578 de
1471 551 1555 591 qua

132 593 253 635 valde
292 594 543 636 laborarem.
591 594 670 636 Μ’.
705 594 876 645 Curius,
912 594 984 648 qui
1025 592 1164 634 Patris
1196 594 1456 650 negotiatur,
1496 595 1556 635 ita

129 649 234 690 mihi
259 649 478 693 familiaris
496 662 574 704 est,
597 663 644 693 ut
666 651 772 692 nihil
796 650 930 707 possit
950 663 1041 691 esse
1062 649 1350 705 conjunctius.
1410 650 1557 692 Multa

129 706 240 747 illius
262 707 304 747 iu
337 721 405 749 me
428 709 584 760 officia,
607 708 739 750 multa
773 708 815 749 in
839 707 956 748 illum
987 710 1156 748 82mea:
1188 708 1388 762 quodque
1417 709 1556 749 maxi-

127 777 245 804 mum
269 774 348 814 est,
380 779 569 806 summus
599 766 710 807 inter
741 780 816 807 nos
847 779 966 806 amor
995 774 1037 805 et
1061 773 1249 805 mutuus.
1310 765 1421 812 Quae
1456 779 1552 806 cum

130 819 191 860 ita
219 821 319 872 sint,
342 822 375 862 si
407 822 535 864 ullam
567 823 608 864 in
641 822 832 864 amicitia
853 835 948 862 mea
978 835 1095 877 spem
1128 821 1281 863 habes:
1315 823 1349 862 si
1372 836 1435 872 ea,
1456 836 1554 876 quae

129 876 172 917 in
196 891 263 918 me
285 878 429 920 officia
449 889 492 920 et
515 880 657 921 studia
686 878 903 920 Brundisii
933 878 1169 929 contulisti,
1193 879 1254 919 vis
1285 879 1388 919 mihi
1425 880 1554 920 etiam

128 935 316 989 gratiora
338 936 533 988 efficere3
565 951 824 992 quamquam
856 944 954 976 sunt
980 935 1248 992 gratissima:
1280 937 1313 976 si
1338 951 1404 977 me
1426 951 1451 976 a
1473 937 1557 977 tuis

127 992 327 1032 omnibus
359 994 492 1034 amari
523 994 666 1036 vides:
710 995 794 1035 hoc
828 993 932 1034 mihi
963 993 1016 1033 da
1048 1002 1176 1047 atquc
1206 991 1375 1049 largire,
1398 1002 1444 1034 ut
1475 992 1556 1034 Μ’.

127 1046 323 1100 Curium,
353 1059 513 1091 sartum
534 1061 577 1092 et
597 1060 773 1102 tectum,
796 1060 843 1091 ut
873 1050 1008 1100 aiunt,
1030 1050 1084 1091 ab
1111 1049 1228 1090 omni
1245 1051 1365 1105 [que]
1391 1050 1557 1091 incom-

127 1105 272 1157 modo,
321 1106 595 1159 detrimento,
641 1108 837 1149 molestia
883 1110 920 1138 83
938 1107 1185 1161 [sincerum,
1234 1107 1556 1164 integrumque]

128 1175 367 1204 conserves.
429 1163 485 1205 Et
505 1165 597 1221 ipse
626 1165 831 1221 spondeo,
853 1174 896 1205 et
917 1178 1064 1205 omnes
1095 1164 1177 1204 hoc
1200 1163 1278 1204 tibi
1303 1164 1364 1204 tui
1388 1179 1464 1220 pro
1487 1179 1555 1205 me
1567 1176 1683 1214 p.223.

126 1219 349 1275 recipient,
380 1223 421 1252 84
433 1235 487 1262 ex
514 1236 610 1263 mea
641 1222 832 1263 amicitia
852 1231 895 1261 et
915 1235 969 1261 ex
994 1230 1068 1261 tuo
1093 1221 1134 1261 in
1159 1234 1227 1261 me
1248 1220 1394 1261 officio
1416 1221 1596 1262 maxi-³·

124 1289 243 1317 mum
267 1286 307 1318 te
331 1277 534 1329 fructum,
557 1292 853 1333 summamque
877 1277 1139 1333 voluptatem
1163 1291 1252 1318 esse
1274 1287 1516 1334 capturum.

641 1367 711 1404 AR
717 1366 1044 1404 GUMENTUM.
1569 1371 1617 1407 51

510 1431 555 1467 P.
574 1430 792 1466 Messienum
809 1431 1035 1469 commendat
1054 1429 1176 1466 Caesio.

491 1495 559 1538 M.
582 1497 632 1538 T.
657 1497 709 1538 C.
743 1497 792 1538 P.
825 1495 1026 1538 CAESIO
1058 1496 1101 1536 S.
1125 1495 1184 1536 D.

127 1549 187 1604 P.
210 1561 597 1617 MESSIENUM,
618 1565 804 1620 equitem
840 1564 1100 1615 Romanum,
1122 1563 1321 1605 omnibus
1344 1564 1468 1605 rebus
1491 1578 1558 1606 or-

126 1629 290 1671 natum,
322 1634 551 1677 meumque
580 1622 925 1678 perfamiliarem,
957 1622 1036 1662 tibi
1072 1621 1328 1662 commendo
1360 1636 1410 1662 ea
1439 1635 1557 1662 corn-

125 1677 415 1729 mendatione,
444 1693 541 1733 quae
572 1689 714 1735 potest
743 1694 833 1720 esse
862 1678 1204 1734 diligentissima.
1267 1677 1375 1719 Peto
1397 1694 1421 1719 a
1443 1687 1558 1719 teet

125 1748 203 1789 pro
225 1745 382 1785 nostra,
404 1744 447 1775 et
474 1750 550 1791 pro
582 1746 757 1792 paterna
786 1736 992 1785 amicitia,
1015 1743 1063 1775 ut
1083 1749 1179 1775 eum
1213 1735 1254 1774 in
1278 1745 1394 1776 tuam
1427 1735 1556 1776 fidem

123 1791 321 1846 recipias,
354 1791 532 1847 ejusque
567 1807 656 1834 rem
692 1793 937 1848 famamque
976 1803 1133 1833 tueare.
1195 1791 1344 1832 Virum
1378 1793 1554 1844 bonum,

125 1856 282 1903 tuaque
311 1849 503 1890 amicitia
532 1850 712 1905 dignum
746 1850 824 1890 tibi
855 1849 1118 1905 adjunxeris,
1145 1847 1334 1904 mihique
1365 1850 1556 1906 gratissi-

123 1919 239 1946 mum
263 1905 427 1947 feceris.

635 1989 1038 2028 ARGUMENTUM.
1565 1977 1621 2014 52

317 2053 508 2101 Hospitem
523 2065 640 2096 suum,
660 2054 842 2090 Licinium
860 2053 1107 2094 Aristotelem,
1127 2055 1361 2091 commendat.

127 2137 132 2139 ·
531 2120 766 2162 CICERO
788 2123 827 2152 85
841 2119 994 2161 REGI
1019 2120 1061 2161 S.
1090 2119 1143 2161 D.

122 2177 191 2230 A.
218 2186 494 2230 LICINIUS
536 2188 790 2229 Aristoteles
833 2187 1091 2239 Melitensis,
1133 2188 1456 2244 antiquissimus
1490 2198 1556 2230 est

122 2247 280 2302 hospes
311 2259 446 2297 meuS,
467 2255 510 2287 et
544 2255 750 2302 praeterea
770 2245 1028 2300 conjunctus
1057 2259 1215 2302 magno
1235 2261 1312 2287 usu
1334 2245 1555 2287 familiari-

123 2305 239 2347 tatis.
300 2301 413 2345 Haec
434 2317 532 2344 cum
566 2303 626 2344 ita
647 2303 746 2354 sint,
768 2317 854 2343 non
876 2302 1043 2354 dubito,
1065 2303 1169 2358 quin
1202 2303 1282 2344 tibi
1313 2304 1414 2345 satis
1436 2318 1554 2345 com-

125 2427 127 2430 ’
168 2420 205 2449 81
230 2416 410 2457 AUCTO]
429 2427 456 2447 v.
471 2416 564 2448 Clav.
863 2420 965 2447 etum.

121 2479 125 2482 -
168 2462 209 2492 82
231 2470 306 2491 mea
343 2469 486 2499 quoque:
527 2459 714 2490 maximum
751 2458 810 2498 est]
905 2461 946 2490 84
967 2469 1091 2490 exinea
1109 2458 1273 2498 amicitia]
1299 2458 1427 2488 Graevio
1445 2459 1556 2498 placet

124 2502 196 2533 edd.
211 2512 263 2543 pr.
285 2506 324 2532 ut
339 2503 402 2533 Gu.
420 2505 447 2532 1.
470 2511 543 2532 mea
556 2513 565 2530 .·
587 2505 617 2531 et
631 2502 715 2541 quod
743 2511 814 2531 ma·
864 2502 1023 2532 correctio
1046 2501 1090 2532 H.
1107 2501 1265 2542 Stephani
1280 2510 1319 2529 ex
1339 2510 1378 2529 ea
1392 2502 1552 2538 amicitia,

123 2545 250 2576 :timum
266 2549 312 2575 est
325 2557 334 2574 .-
356 2545 430 2575 aliae
451 2544 594 2583 quodque
608 2553 652 2573 m.
671 2554 697 2574 e.
721 2547 758 2574 ut
781 2548 816 2574 et
863 2552 930 2573 non
947 2544 1040 2575 bene.
1063 2553 1135 2583 quae
1151 2544 1238 2574 enim
1260 2543 1318 2573 illa
1338 2543 1483 2573 amicitia
1496 2544 1552 2579 sit,

126 2585 232 2617 Graev.
245 2596 342 2627 quem
364 2591 494 2617 secutus
513 2595 600 2616 sum:
634 2595 710 2616 nam
730 2585 815 2626 quod
863 2585 1005 2626 intelligi
1021 2595 1087 2616 non
1107 2591 1228 2626 potest,
1241 2590 1275 2615 et
1290 2589 1362 2624 post
1375 2594 1442 2615 esse
1457 2585 1551 2616 debe-

126 2628 160 2659 in
171 2627 361 2659 ed.Gruteri
375 2634 437 2667 est,
453 2628 564 2659 durius
574 2627 655 2658 mihi
669 2627 810 2659 videtur.
863 2633 915 2658 ret
928 2633 983 2659 tuo
997 2629 1033 2658 in
1046 2638 1119 2659 eum
1133 2626 1246 2668 efficio.
1269 2636 1340 2656 mea
1358 2627 1554 2658 amicieiaet

169 2672 209 2701 83
231 2671 393 2702 sincerum
426 2670 670 2711 integrumque]
708 2671 811 2701 Mati-
862 2674 918 2700 tuo
943 2670 1045 2712 qffi'cio
1066 2670 1126 2700 sibi
1152 2668 1360 2709 respondent.
1405 2668 1553 2700 Pertinet

128 2721 165 2742 us
187 2711 389 2753 Opinionum
412 2713 460 2751 ΙΙ,
482 2715 513 2745 2.
537 2713 607 2743 haec
631 2713 728 2744 verba
750 2722 810 2752 pro
860 2719 972 2743 autem
989 2723 1040 2750 eo,
1049 2711 1134 2751 quod
1149 2721 1247 2751 snpra
1261 2710 1355 2747 dixit,
1367 2720 1401 2740 se
1413 2710 1555 2744 familia-

120 2754 240 2794 glossis
261 2754 362 2795 ejicit.
383 2756 479 2792 bene,
495 2756 623 2795 opinor.
647 2765 723 2786 nani
751 2753 808 2785 illa
860 2754 952 2791 riter,
965 2760 1124 2792 tanquam
1139 2753 1180 2783 ad
1194 2753 1336 2783 amicum
1351 2753 1500 2784 scribere.

125 2797 166 2827 ab
177 2797 264 2828 omni
279 2797 337 2828 δερ.
358 2797 504 2837 pendent
525 2807 545 2828 a
563 2801 693 2828 sartum
708 2802 739 2828 et
761 2801 806 2828 te·
900 2799 939 2828 85
962 2795 1104 2835 REGI)
1120 2806 1150 2826 v.
1166 2795 1257 2826 Clav.

777 2844 903 2880 Aa4
