1817 3196
278 103 331 137 46
622 101 802 142 EPIST.
837 102 1026 141 LIBER
1054 103 1376 144 SECUNDUS

274 203 326 245 ad
349 203 503 245 bellum
527 204 698 259 quidem
721 205 793 260 qui
817 207 1043 249 convenit?
1068 209 1302 263 praesertim
1326 216 1476 250 eontra
1497 222 1610 259 eum,
1632 206 1700 250 eui

273 275 397 316 spero
432 275 497 301 me
531 263 813 314 satisfecisse;
845 267 883 294 28
897 265 950 303 ab
983 279 1048 313 eo,
1079 266 1147 305 cui
1186 276 1325 306 tamen
1361 266 1553 306 satisfieri
1591 265 1704 307 nullo

272 319 402 359 modo
426 321 592 373 potest?
626 318 794 359 Deinde
816 321 1067 360 senteutiam
1090 336 1224 362 meam
1251 333 1294 361 tu
1320 322 1518 362 facillime
1543 322 1705 378 perspi-

271 389 367 416 cere
399 375 574 430 potuisti
600 375 690 429 jam
725 377 778 416 ab
813 377 881 416 illo
915 387 1118 432 tempore,
1142 393 1239 418 cum
1265 379 1305 418 in
1332 379 1571 420 Cumanum
1599 379 1702 420 mihi

272 432 441 472 obviam
471 432 635 472 venisti.
668 447 750 472 non
788 434 898 472 enim
938 444 977 473 te
1010 434 1142 474 celavi
1181 449 1416 476 sermonem
1451 435 1502 476 T.
1527 435 1703 491 Ampii:

273 489 431 538 vidisti,
453 503 578 542 quam
612 489 880 529 ablmrrerem
915 491 968 530 ab
1001 491 1104 530 urbe
1137 491 1424 545 relinquenda.
1486 491 1596 533 Cum
1629 507 1704 533 au-

271 545 442 594 dissem,
475 559 614 585 noune
647 546 722 585 tibi
756 546 979 595 affirmavi,
1009 548 1178 601 quidvis
1210 563 1276 588 me
1310 549 1450 603 potius
1483 563 1706 604 perpessu-

272 616 380 652 rum,
403 617 526 656 quam
552 616 604 641 ex
634 601 755 642 ltalia
776 603 825 642 ad
854 603 1005 643 bellum
1030 605 1155 644 civile
1185 606 1429 646 exiturum?
1490 606 1606 652 Quid
1638 620 1704 647 er-

271 673 328 713 go
351 659 521 707 accidit,
543 673 617 698 cur
639 660 862 699 consilium
888 663 1122 701 mutarem?

271 726 317 756 ut
341 717 382 756 in
409 716 618 755 sententia
642 720 958 769 permanerem?
1011 717 1169 758 Credas
1194 718 1274 758 lioe
1299 718 1402 758 mihi
1427 718 1566 769 velim,
1590 719 1706 773 quod

271 782 376 828 puto
400 782 441 812 te
463 772 723 822 existimare,
745 775 784 805 99
800 787 865 812 me
888 787 938 813 ex
965 773 1029 813 liis
1057 775 1236 814 miseriis
1270 774 1372 815 nihil
1405 774 1516 816 aliud
1541 789 1705 830 quaere-

270 844 328 880 re,
352 829 431 869 nisi
458 838 503 868 ut
527 829 719 868 homines
742 829 969 883 aliquando
995 831 1248 886 intelligant,
1273 846 1338 872 me
1362 831 1466 871 nihil
1491 832 1702 882 maluisse,

269 900 397 940 quam
422 899 598 940 pacem:
632 900 682 925 ca
711 886 947 940 desperata,
971 887 1073 928 nihil
1112 899 1197 928 tam
1231 889 1405 943 fugisse,
1427 903 1554 944 quain
1586 903 1704 929 arma

268 943 425 983 civilia.
488 941 632 995 Hujus
656 956 722 982 me
744 944 997 983 constanti-<e
1029 954 1131 999 puto
1155 945 1259 995 fore,
1285 956 1329 985 ut
1353 960 1584 1000 numquam
1608 960 1703 1000 poe-

267 999 416 1040 niteat.
470 997 638 1044 Etenim
664 999 852 1048 memini,
877 1000 916 1038 in
942 1000 1022 1039 lioe
1045 1016 1199 1055 genere
1221 1003 1391 1058 gloriari
1417 1004 1588 1043 solitum
1611 1016 1702 1043 esse

267 1056 517 1097 familiarem
545 1067 752 1106 nostrum,
777 1056 833 1101 Q.
866 1055 1163 1108 Hortensium,
1190 1061 1303 1113 quod
1334 1074 1563 1114 numquam
1595 1059 1703 1100 bello

266 1114 380 1154 civili
413 1111 687 1152 interfuisset.
752 1112 851 1153 Hoc
884 1122 1029 1153 nostra
1063 1114 1150 1154 laus
1183 1116 1264 1155 crit
1297 1115 1512 1165 illustrior,
1533 1115 1702 1170 ³0quod

266 1170 325 1211 illi
350 1170 617 1210 tribuebatur
641 1170 850 1224 ignaviae:
883 1170 935 1210 de
969 1171 1092 1210 nobis
1124 1171 1164 1211 id
1196 1172 1433 1212 existimari
1470 1186 1591 1227 posse
1615 1187 1701 1213 non

265 1227 462 1268 arbitror.
525 1226 617 1267 Nee
651 1240 717 1266 me
749 1227 829 1266 ista
866 1235 1038 1278 terrent,
1061 1243 1157 1282 quae
1191 1229 1292 1268 mihi
1317 1243 1340 1268 a
1365 1240 1404 1269 te
1427 1229 1477 1269 ad
1503 1230 1701 1270 timorem

265 1286 302 1315 31
320 1283 562 1324 fidelissime
601 1293 730 1338 atque
762 1284 1052 1323 amantissime
1094 1295 1403 1340 proponuntur.
1467 1286 1595 1326 Nulla
1637 1294 1702 1326 est

220 1345 253 1379 b.
267 1341 379 1381 enim
403 1341 626 1390 acerbitas,
649 1355 745 1394 quae
782 1354 864 1380 non
890 1341 1104 1390 omnibus,
1129 1341 1207 1382 hac
1229 1343 1344 1382 orbis
1370 1353 1572 1382 terrarum
1606 1356 1700 1398 per·

265 1399 524 1448 turbatione,
547 1397 793 1453 impendere
818 1398 1036 1439 videatur:
1070 1413 1195 1452 quam
1220 1400 1392 1453 quidem
1423 1413 1505 1454 ego
1528 1414 1552 1439 a
1574 1414 1700 1455 repu-

264 1455 392 1505 blica,
414 1455 517 1495 ineis
542 1455 717 1509 privatis
740 1464 784 1494 et
804 1454 1051 1494 domesticis
1084 1455 1367 1496 incommodis
1404 1455 1698 1507 libentissime,

262 1512 329 1552 vel
363 1511 454 1552 istis
485 1512 603 1566 ipsis,
625 1525 722 1565 quae
761 1521 804 1550 tu
840 1525 908 1550 me
942 1525 1103 1561 mones,
1128 1521 1172 1551 ut
1196 1526 1384 1562 caveam,
1410 1513 1698 1553 redemissem.

263 1568 372 1610 Filio
397 1582 509 1618 meo,
528 1582 654 1622 quem
680 1567 759 1608 tibi
781 1582 927 1607 carum
949 1582 1039 1608 esse
1061 1569 1243 1623 gaudeo,
1267 1571 1300 1609 si
1335 1570 1415 1609 erit
1447 1569 1529 1609 ulla
1553 1583 1699 1625 respu-

262 1626 386 1676 blica,
409 1626 510 1665 satis
532 1625 721 1679 amplum
745 1625 1049 1680 patrimonium
1074 1626 1307 1679 relinquam
1337 1627 1375 1666 in
1397 1627 1601 1667 memoria
1622 1641 1698 1668 no-

259 1683 388 1724 minis
419 1683 517 1722 mei.
551 1682 614 1721 sin
646 1693 788 1722 autem
815 1681 927 1721 nulla
948 1682 1052 1723 erit:
1087 1683 1190 1722 nihil
1215 1684 1380 1724 accidet
1407 1683 1444 1723 ei
1469 1684 1698 1738 separatim

259 1755 284 1780 a
307 1740 478 1795 reliquis
500 1739 682 1779 civibus.
743 1738 855 1779 Nam
879 1739 992 1792 quod
1019 1753 1156 1794 rogas,
1182 1750 1227 1780 ut
1250 1740 1474 1795 respiciam
1491 1754 1698 1795 generum

258 1811 416 1847 meum,
453 1796 766 1836 adolescentem
808 1795 1036 1849 optimum,
1081 1796 1270 1851 mihique
1311 1797 1606 1838 carissimum:
1639 1812 1694 1838 an

258 1854 444 1903 dubitas,
476 1867 573 1893 cum
609 1853 731 1903 scias,
770 1853 918 1906 quanti
950 1867 1046 1892 cum
1086 1853 1217 1903 illum,
1258 1865 1347 1893 tum
1392 1853 1697 1896 vero'l'ulliam

256 1925 396 1951 meam
427 1909 599 1960 faciam,
623 1910 727 1964 quin
758 1923 808 1949 ea
837 1922 905 1948 me
934 1924 1037 1950 eura
1068 1910 1438 1951 vehementissime
1471 1911 1696 1953 sollicitet?

257 1976 300 2008 et
330 1982 380 2008 eo
419 1967 571 2022 magis,
602 1966 716 2021 quod
756 1966 798 2006 in
830 1967 1131 2007 communibus
1164 1968 1359 2017 miseriis,
1381 1968 1516 2008 32liac
1552 1976 1695 2009 tamen

257 2024 505 2066 oblectabar
527 2023 724 2079 specula3
758 2021 1027 2064 Dolabellam
1051 2038 1208 2075 meum,
1233 2024 1294 2064 vel
1319 2025 1462 2080 potius
1485 2035 1694 2077 nostrum,

298 2162 337 2190 28
361 2160 401 2189 ab
415 2158 463 2198 eo]
487 2158 633 2189 Graevius
654 2158 736 2188 bene
753 2157 886 2197 corrigit
908 2157 954 2187 ad
995 2157 1052 2187 illa
1075 2158 1143 2197 ipsa
1168 2166 1293 2193 caussa,
1307 2166 1391 2196 saepe
1415 2162 1568 2188 notatum
1584 2163 1646 2195 est,
1663 2169 1693 2191 v.

255 2211 349 2231 eum.-
375 2201 589 2231 necessarium
612 2205 661 2230 est
683 2211 721 2230 ex
738 2199 808 2238 lege
824 2201 952 2240 opposi-
995 2211 1022 2228 c.
1039 2199 1078 2229 ad
1096 2200 1222 2229 Livium
1239 2210 1257 2229 a
1274 2200 1442 2230 vrak-mh.
1458 2200 1517 2235 VI,
1533 2203 1584 2231 21.
1598 2201 1693 2238 VIII,

1185 662 1340 702 Nonne
1371 662 1515 702 omnia
1546 662 1704 717 potius,
1759 675 1769 680 “

255 2244 356 2274 tionis
370 2254 378 2272 z
403 2247 516 2273 contra
532 2253 618 2278 eum,
632 2243 677 2272 ad
689 2252 773 2271 eum.

298 2287 338 2318 29
362 2295 410 2315 me
433 2295 472 2314 ex
497 2286 546 2314 his
572 2284 632 2323 m.]
662 2294 712 2314 me.
741 2283 846 2314 addidi
875 2293 949 2314 cum

253 2327 394 2357 Graevio.
439 2327 491 2357 Sic
515 2326 587 2357 edd.
612 2327 700 2357 Med.
724 2326 810 2356 Vict.
835 2326 894 2355 διο.
917 2333 951 2356 et

253 2369 317 2400 Ms.
334 2374 456 2400 noster.

295 2414 336 2442 30
371 2411 456 2451 quod
481 2411 530 2440 illi
559 2410 763 2440 tribuebatur
793 2409 946 2448 ignavioe]

252 2452 292 2483 ln
322 2453 384 2484 hoc
411 2461 507 2483 nemo
533 2451 638 2482 haesit.
667 2452 746 2482 mihi
778 2462 843 2481 non
872 2452 949 2481 satis

251 2495 371 2534 placet.
395 2495 481 2525 unde
498 2494 618 2534 pendet
641 2495 808 2532 ignavae?
830 2494 879 2523 illi
896 2495 949 2523 <le-

254 2538 309 2567 bet
325 2537 427 2576 accipi
451 2546 508 2575 pro
525 2537 559 2565 in
576 2537 639 2565 illo.
657 2536 845 2575 exemplum
861 2536 948 2566 aliud

252 2578 348 2618 hujus
377 2579 491 2610 formae
520 2587 586 2608 non
617 2579 752 2608 memini
782 2588 833 2608 nie
858 2588 947 2617 repe-

252 2630 327 2652 rire.

294 2665 331 2692 31
353 2662 530 2702 fidissime]
561 2661 611 2692 An
626 2661 831 2702 fidelissime,
862 2661 947 2699 quod

250 2713 309 2744 per
323 2704 550 2744 compendium
567 2704 725 2743 scriptum
743 2703 849 2733 osset?
876 2713 945 2732 ver-

251 2745 507 2786 burnfidissime‚
524 2745 574 2777 vel
588 2745 778 2786 etiamfide,
796 2745 943 2784 nuspiam

250 2787 337 2826 apud
363 2798 559 2826 quemquam
587 2788 740 2817 occurrit.
785 2787 946 2825 Setlficlus

251 2828 403 2869 etfidelz's
427 2831 462 2861 in
480 2831 558 2862 Mss.
577 2835 612 2861 ct
633 2828 705 2861 edd.
726 2828 882 2860 confundi
908 2839 948 2859 ex

995 2243 1047 2272 ⁶21.
1065 2241 1235 2276 xxxvii.
1252 2245 1282 2275 7.
1308 2252 1365 2271 nec
1379 2241 1544 2282 fidissime
1557 2248 1692 2282 aptum:

995 2284 1081 2321 quod
1103 2291 1151 2313 est
1175 2294 1249 2314 cum
1274 2293 1393 2322 magua
1415 2284 1533 2314 fiducia
1556 2285 1588 2314 in
1612 2285 1693 2315 alte—

996 2326 1060 2354 rius
1077 2325 1149 2355 fule.
1185 2326 1264 2355 Haec
1279 2327 1461 2355 suffit—erent
1478 2327 1518 2356 ad
1534 2327 1691 2366 recipien-

993 2367 1268 2408 dtimfidelisst'me
1283 2368 1316 2397 in
1330 2374 1533 2397 contextum.
1578 2369 1639 2399 Sed
1660 2369 1693 2399 id

993 2415 1041 2440 est
1057 2410 1156 2439 etiam
1175 2410 1207 2439 in
1224 2411 1273 2440 ed.
1289 2410 1342 2439 JO.
1361 2410 1442 2448 Spir.
1465 2410 1554 2442 1469.

1035 2455 1075 2482 32]
1107 2453 1168 2481 hac
1197 2456 1307 2481 tamen
1334 2455 1394 2490 sprj
1425 2451 1499 2481 Non
1529 2453 1622 2489 bene,
1650 2456 1691 2483 ut

992 2494 1120 2533 opinor,
1148 2494 1294 2523 (ἷτεεκιιις
1323 2494 1452 2531 praefert
1479 2494 1616 2523 alteram
1643 2494 1690 2523 le·

991 2536 1134 2566 ctionem
1157 2539 1300 2566 tautum.
1317 2544 1389 2573 quie
1414 2535 1533 2573 pariter
1548 2536 1580 2565 in
1597 2536 1688 2566 libris

991 2587 1053 2608 scr.
1071 2584 1104 2607 ct
1119 2578 1189 2607 edd.
1207 2585 1243 2606 ut
1267 2577 1322 2606 illa
1346 2578 1516 2616 reperitur.
1562 2578 1688 2609 Contra

991 2629 1066 2649 mox
1091 2621 1238 2649 liherffme
1268 2626 1351 2648 reste
1375 2620 1504 2658 praefert
1527 2618 1620 2649 alteri
1645 2619 1692 2649 le-

991 2662 1092 2691 ctioni
1124 2662 1319 2691 leberalitnte
1346 2667 1417 2699 post
1446 2661 1628 2691 victorium
1655 2666 1690 2691 et

988 2703 1197 2733 Lambiuum.
1256 2703 1447 2733 Liberalitas
1482 2712 1546 2731 non
1577 2703 1685 2743 gignit

990 2745 1175 2774 molestias:
1207 2754 1265 2774 nec
1292 2744 1380 2774 enim
1412 2745 1560 2774 iulum-os
1589 2745 1684 2775 facit:

989 2792 1023 2816 at
1043 2787 1176 2816 libertas
1203 2787 1233 2815 id
1258 2787 1349 2818 facit.
1395 2786 1564 2818 Libertate
1578 2792 1628 2818 est
1648 2787 1682 2817 in

991 2828 1062 2860 edd.
1083 2830 1174 2864 1469.
1195 2830 1288 2863 1471.
