1865 3223
494 102 575 140 AD
601 103 643 141 C.
670 100 978 141 MEMMIUM
1004 98 1079 136 ET
1104 97 1288 135 ALIOS.
1533 96 1609 131 331

191 206 409 261 republica
429 207 611 257 civibus,
631 218 798 246 summo
814 213 984 245 senatus
1004 199 1235 259 populique
1254 197 1439 239 Romani
1455 197 1612 248 studio,

190 272 452 304 conservatae
475 271 588 313 sunt,
610 272 694 302 tuae
713 260 826 310 fidei,
842 260 1042 316 justitiae,
1059 256 1326 309 bonitatique
1341 254 1612 296 commendo.

193 320 235 359 Si
261 335 336 375 pro
366 320 470 360 meis
501 318 688 374 pristinis
722 318 877 373 opibus
913 316 1159 357 facultatem
1186 311 1288 352 mihi
1314 326 1378 351 res
1400 310 1482 350 hoc
1506 319 1614 350 tem-

192 390 293 433 pore
325 377 458 426 daret,
479 386 526 416 ut
547 375 608 415 ita
629 374 857 416 defendere
887 387 1050 430 possem
1074 369 1386 418 Volaterranos,
1410 367 1614 421 quemad-

192 433 365 474 modum
399 431 598 474 consuevi
629 432 737 472 tueri
769 445 912 483 meos3
945 429 1105 470 nullum
1130 426 1336 475 officium,
1358 423 1615 486 nullunrde-

193 490 321 544 nique
353 498 581 538 certamen,
604 488 646 528 in
668 503 753 544 quo
777 488 856 529 illis
886 487 1085 544 prodesse
1107 496 1290 540 possem,
1316 489 1615 537 praetermitte-

194 560 296 587 rem.
355 545 452 596 Sed,
477 547 514 575 ¹0
527 545 698 600 quando
727 545 839 601 apud
864 554 904 586 te
927 543 1202 584 nihilominus
1221 539 1304 579 hoc
1327 549 1518 592 tempore
1540 551 1615 577 va-

195 603 277 644 lere
301 617 367 644 me
392 601 579 652 confido,
612 617 741 657 quam
775 602 975 642 valuerim
1011 612 1176 655 semper
1197 596 1307 652 apud
1331 608 1503 636 omnes:
1535 608 1614 649 pro

193 671 338 701 nostra
363 673 530 700 summa
562 659 889 709 necessitudine,
923 657 1098 713 parique
1135 655 1243 695 inter
1277 667 1354 693 nos
1389 660 1432 692 et
1468 659 1619 691 mutua

196 714 484 757 benivolentia
505 717 580 757 abs
603 726 644 756 te
668 727 782 772 pem,
814 725 859 756 ut
880 717 939 755 ita
960 715 1011 754 (lc
1038 710 1322 753 Volaterranis
1350 721 1550 758 mereare,
1574 715 1621 770 ut

194 773 458 824 existiment,
479 788 576 814 eum
599 773 718 828 quasi
742 773 889 813 divino
912 771 1090 812 consilio
1121 768 1189 808 isti
1216 766 1391 821 negotio
1416 778 1623 820 praepost-

197 838 285 870 tum
310 844 415 880 esse,
436 831 549 886 apud
572 844 699 884 quem
723 844 854 870 unum
875 843 966 879 nos,
989 841 1135 869 eorum
1154 824 1346 881 perpetui
1363 822 1622 872 defensores,

198 886 427 942 plurimum
453 890 485 917 ¹1
501 887 637 928 valere
658 901 892 944 possemus.

711 972 1113 1013 ARGUMENTUM.
1636 952 1669 999 ¹}

302 1039 358 1075 Ne
375 1051 462 1087 ager
481 1039 519 1075 C.
539 1038 658 1075 Curtii
676 1040 874 1082 dividatur,
893 1038 1095 1074 rationibus
1113 1040 1148 1071 et
1165 1034 1387 1082 argumentis
1404 1037 1526 1080 rogat.

226 1077 314 1147 Μ.
336 1105 387 1147 Τ.
409 1106 460 1147 C.
493 1107 550 1153 Q.
574 1106 863 1156 VALERIO,
896 1106 953 1152 Q.
980 1105 1027 1145 F.
1051 1102 1253 1152 ORCAE,
1279 1100 1413 1142 LEG.
1438 1097 1586 1141 PRO-

227 1190 233 1194 -
705 1163 898 1204 PRAET.
931 1165 974 1203 s.
997 1161 1046 1202 P.
1072 1160 1128 1201 D.
1257 1172 1263 1179 ·

206 1216 356 1272 NON
379 1230 556 1272 moleste
587 1230 694 1282 fero,
726 1245 817 1271 eam
847 1228 1222 1278 necessitudinem,
1241 1242 1337 1281 quae
1360 1226 1466 1267 mihi
1490 1233 1634 1266 tecum

205 1295 284 1337 est,
313 1297 459 1328 notam
481 1301 572 1329 esse
593 1302 720 1343 quarn
745 1287 962 1344 plurimis:
1003 1299 1141 1339 neque
1171 1295 1314 1325 tamen
1336 1284 1392 1324 ob
1415 1297 1510 1323 eam
1532 1296 1633 1323 cau-

207 1358 295 1384 sam
325 1344 461 1398 (quod
501 1354 545 1385 tu
582 1345 746 1401 optime
783 1344 1030 1385 existimare
1065 1343 1207 1397 potes)
1241 1350 1282 1381 te
1312 1339 1516 1396 impedio,
1547 1331 1679 1394 quob·

207 1400 347 1440 minus
372 1410 615 1458 susceptum
640 1401 878 1457 negotium,
915 1415 990 1455 pro
1023 1408 1098 1440 tua
1130 1398 1215 1439 fide
1250 1406 1294 1438 et
1321 1397 1561 1453 diligentia,
1580 1410 1635 1437 cx

210 1457 429 1498 voluntate
452 1458 651 1508 Caesaris,
672 1459 746 1513 qui
769 1457 847 1498 tibi
870 1470 955 1497 rem
981 1470 1182 1511 magnam
1201 1454 1507 1508 difficilemque
1519 1467 1639 1494 com·

209 1514 343 1564 misit,
363 1529 512 1570 gerere
533 1516 686 1570 possis.
746 1514 858 1555 Nam
881 1528 980 1554 cum
1013 1513 1136 1554 multi
1165 1527 1189 1552 a
1220 1526 1290 1552 me
1321 1520 1469 1567 petant
1490 1509 1639 1560 multa,

212 1571 327 1626 quod
350 1572 402 1612 de
425 1581 498 1612 tua
515 1585 617 1628 erga
639 1586 705 1612 me
728 1571 948 1612 voluntate
970 1584 1052 1611 non
1069 1569 1281 1618 dubitent,
1298 1582 1383 1609 non
1398 1566 1641 1616 committo,

209 1637 261 1668 ut
281 1628 517 1669 ambitione
540 1643 635 1669 mea
665 1629 920 1670 conturbem
949 1627 1142 1668 officium
1166 1635 1303 1666 tuum.
1337 1625 1388 1666 C.
1412 1624 1565 1665 Curtio
1587 1624 1642 1664 ab

213 1685 388 1726 ineunte
404 1694 532 1726 aetate
551 1684 878 1726 familiarissime
900 1699 992 1725 sum
1016 1697 1130 1724 usus,
1163 1682 1269 1737 Ejus
1285 1692 1328 1723 et
1350 1682 1512 1722 Sullani
1536 1692 1642 1722 tem-

213 1741 330 1797 poris
352 1741 634 1796 injustissima
654 1742 897 1783 calamitate
918 1741 1050 1791 dolui,
1079 1749 1123 1781 et
1151 1754 1249 1780 cum
1282 1740 1348 1789 iis,
1366 1739 1438 1794 qui
1462 1738 1645 1780 similem

216 1798 418 1852 injuriam
440 1809 707 1855 acceperant,
740 1799 906 1840 amissis
935 1798 1136 1839 omnibus
1165 1796 1365 1845 fortunis,
1398 1796 1557 1836 reditus
1584 1805 1647 1836 ta—

216 1869 313 1896 men
337 1855 380 1896 in
404 1856 584 1910 patriam
610 1856 828 1896 voluntate
855 1856 1049 1896 omnium
1071 1854 1249 1895 concedi
1273 1853 1502 1903 videretur,
1524 1852 1647 1907 adju-

217 1920 286 1952 tor
303 1912 610 1953 incolumitatis
633 1913 710 1954 fui.
736 1912 778 1953 Is
800 1913 929 1953 habet
951 1913 993 1953 in
1016 1911 1297 1951 Volaterrano
1322 1911 1649 1965 possessionem,

217 1968 317 2009 cum
353 1969 395 2010 in
427 1983 537 2021 eam,
567 1981 785 2025 tamquam
819 1984 842 2010 e
875 1968 1116 2024 naufragiO,
1150 1967 1348 2022 reliquias
1382 1967 1650 2008 contulisset.

223 2024 324 2066 Hoc
359 2035 501 2067 autem
539 2035 731 2083 ternpore
764 2041 861 2067 eum
899 2026 1046 2067 Caesar
1077 2025 1119 2065 in
1144 2034 1337 2065 senatum
1359 2023 1489 2080 legit:
1521 2037 1651 2079 quem

222 2080 412 2124 ordinem
447 2082 527 2133 ille,
563 2083 646 2124 ista
677 2084 945 2139 possessione
981 2082 1149 2132 amissa,
1182 2081 1339 2121 12tueri
1375 2083 1451 2121 vix
1493 2090 1651 2136 potest.

226 2139 538 2180 Gravissimum
569 2149 712 2181 autem
734 2151 813 2190 est,
836 2155 934 2182 cum
957 2139 1150 2195 superior
1171 2137 1309 2179 factus
1333 2138 1388 2178 sit
1405 2138 1569 2189 ordine,
1588 2138 1655 2179 in-

225 2196 422 2237 feriorem
456 2211 546 2237 esse
585 2197 781 2238 fortuna:
828 2197 1090 2251 minimeque
1124 2195 1342 2245 convenit,
1372 2210 1425 2236 ex
1460 2209 1511 2236 eo
1534 2210 1654 2251 agro,

224 2252 295 2307 qui
321 2252 504 2294 Caesaris
519 2255 643 2309 jussu
665 2255 894 2304 dividatur,
916 2268 1014 2294 eum
1034 2253 1212 2303 moveri,
1234 2252 1306 2307 qui
1326 2251 1510 2293 Caesaris
1527 2254 1655 2295 bene-

227 2309 327 2350 ficio
349 2319 519 2352 senator
539 2311 609 2352 sit.
669 2311 753 2352 Sed
784 2311 890 2352 mihi
917 2311 1058 2351 minus
1087 2309 1194 2350 libet
1221 2309 1357 2350 multa
1377 2310 1430 2351 de
1451 2311 1657 2365 aequitate

225 2367 283 2407 rei
305 2368 504 2418 scribere,
526 2383 580 2409 ne
601 2383 729 2410 causa
752 2368 895 2425 potius
923 2367 1037 2423 apud
1067 2376 1111 2407 te
1146 2365 1328 2407 valuisse
1361 2367 1506 2408 videar
1526 2381 1656 2421 quam

227 2425 380 2480 gratia.
455 2425 751 2472 Quamobrem
792 2435 834 2466 te
878 2425 921 2465 in
971 2423 1179 2480 majorem
1227 2424 1402 2465 modum
1447 2438 1567 2479 rogO,
1613 2433 1659 2464 ut

229 2481 282 2522 C.
305 2481 445 2523 Curtii
464 2497 567 2533 rem,
586 2497 726 2523 meam
748 2491 871 2538 putes
898 2496 1012 2524 esse:
1044 2481 1254 2537 quidquid
1284 2495 1379 2522 mea
1399 2495 1526 2520 causa
1545 2480 1660 2520 face-

229 2552 309 2592 res,
333 2549 380 2580 ut
397 2540 439 2581 id
460 2539 512 2581 C.
537 2540 677 2582 Curtii
709 2554 838 2581 causa
868 2553 966 2581 cum
995 2538 1161 2590 feceris,
1187 2538 1423 2588 existimes,
1452 2537 1568 2591 quod
1591 2537 1660 2578 ille

275 2699 314 2727 10
327 2697 468 2737 quando]
487 2698 549 2728 Pro
561 2698 694 2738 vulgato
704 2708 806 2739 quum
816 2696 917 2727 etiarn
971 2695 1072 2726 etiarn
1088 2695 1157 2725 sine
1173 2694 1263 2724 libris
1279 2693 1325 2723 sic
1340 2694 1564 2723 correxissem.

234 2738 381 2769 Graevius
396 2739 482 2771 dedit
499 2751 516 2771 e
530 2741 631 2772 libris.
1021 2740 1057 2768 122
1079 2738 1164 2767 lueri
1178 2737 1233 2766 via·
1242 2735 1359 2775 potest]
1385 2735 1471 2775 Quia
1483 2745 1548 2766 non
1564 2735 1664 2766 liabe-

279 2784 311 2811 ll
331 2783 439 2811 valere
442 2783 621 2822 possemus]
640 2783 692 2812 Sic
705 2781 786 2812 Mss.
798 2785 832 2812 et
845 2780 918 2811 edd.
974 2780 1023 2810 bit
1040 2788 1172 2810 censum
1188 2777 1403 2808 senatorium.

232 2831 282 2862 pr.
304 2832 363 2864 pro
389 2833 453 2863 quo
476 2823 561 2856 male
584 2824 716 2864 irrepsit
735 2833 919 2864 possumus.
