1865 3223
270 86 363 124 3⁷14,
574 83 750 130 EPIST.
778 83 964 123 LIBER
989 85 1394 130 DUODECIMUS

269 185 440 228 Italiam
462 187 619 240 venire,
645 188 794 230 timere
824 189 1052 232 desiimus:
1084 189 1262 231 classem
1286 189 1523 253 fugientem
1555 204 1696 254 perse-

268 243 357 285 cuti
382 259 526 286 sumus
548 260 683 301 usque
705 245 867 310 Sidam,
896 261 992 301 quae
1022 256 1216 288 extrema
1237 261 1354 302 regio
1375 256 1440 287 est
1463 246 1695 303 provinciae

269 315 392 342 meae.
454 300 521 342 Ibi
556 303 760 358 cognovi,
800 313 961 358 partem
993 304 1166 345 navium
1202 303 1436 345 Dolabellae
1459 302 1698 359 diffugisse,

269 358 451 413 reliquas
498 335 667 414 Syri'aom
710 358 989 415 Cyprumque
1032 360 1218 416 petiisse.
1280 360 1450 407 Quibus
1491 360 1698 415 disjectis,

268 429 367 456 cum
405 415 572 465 scirem,
612 415 663 456 C.
698 415 851 465 Cassii,
884 416 1109 471 singularis
1142 417 1248 458 civis
1279 428 1322 459 et
1352 416 1487 467 ducis,
1520 416 1698 458 classem

267 472 502 513 maximam
523 471 613 512 fore
638 475 676 503 54
690 482 847 527 praesto
866 472 908 512 in
927 472 1064 526 Syria,
1083 473 1134 512 ad
1154 487 1293 514 meum
1314 474 1502 514 officium
1523 474 1698 516 reverti:

267 528 466 584 daboque
488 542 679 591 operam,
714 537 758 569 ut
785 542 923 569 meum
948 529 1153 579 studium,
1176 529 1382 584 diligenti·
1375 545 1441 571 im
1467 530 1601 580 vobis,
1626 545 1699 585 pa-

269 595 353 626 tres
395 585 644 641 conscripti,
689 585 834 640 reique
877 584 1061 640 publicae
1104 597 1327 640 praestem:
1374 587 1700 642 pecuniamque,

266 656 394 697 quam
429 655 660 682 maximam
697 653 860 697 potero,
892 651 935 682 et
965 656 1092 706 quam
1125 641 1342 683 celerrime
1369 658 1463 700 cog
1454 659 1537 695 un
1559 643 1699 685 omni-

267 699 432 754 busque
454 713 550 739 cum
578 698 813 739 rationibus
836 699 887 739 ad
913 713 986 739 vos
1009 699 1194 739 mittam.
1256 700 1298 740 Si
1334 714 1577 755 percurrero
1603 715 1699 756 pro-

269 770 469 807 Vinctam,
501 765 543 796 et
576 770 836 810 cognover0‚
860 757 932 810 qui
958 757 1081 796 nobis
1103 766 1145 796 et
1169 756 1415 811 reipublicae
1442 757 1564 799 fidem
1591 772 1699 813 prae-

221 821 252 852 “ο.
268 812 468 853 stiterunt
492 813 532 852 in
553 813 844 853 conservanda
869 813 1080 875 pec-unia
1070 830 1093 853 a
1117 827 1182 854 me
1201 814 1411 869 deposita,
1434 815 1592 868 quique
1609 829 1699 856 sce·

265 869 350 910 lere
386 869 495 910 ultro
529 868 767 910 deferentes
801 884 1026 925 pecunia-n
1060 869 1291 925 publicani,
1315 870 1396 911 hoc
1430 885 1602 912 munere
1632 886 1699 912 so—

265 926 465 967 cietatem
490 924 727 967 facinorum
752 942 850 967 cum
873 926 1097 967 Dolabella
1118 926 1317 978 inierunt,
1341 927 1494 968 faciam
1519 943 1592 968 vos
1608 942 1698 968 cer-

266 983 408 1023 tiores.
471 982 538 1024 De
571 983 743 1046 quibus,
775 985 807 1024 si
841 984 963 1024 vobis
994 984 1224 1034 videbitur,
1255 985 1304 1034 si,
1333 994 1379 1024 ut
1412 984 1548 1025 meriti
1583 993 1696 1034 sunt,

263 1041 453 1095 graviter
474 1040 800 1092 constitueritis,
830 1055 992 1096 nosque
1017 1051 1154 1082 Vestia
1185 1041 1442 1082 auctoritate
1465 1040 1698 1082 firmaveri-

264 1097 344 1138 tis:
376 1096 545 1138 facilius
572 1107 614 1138 et
648 1097 809 1152 reliqua
829 1112 1004 1153 exigere
1027 1098 1268 1154 vectigalia,
1290 1109 1333 1139 et
1354 1107 1509 1142 exacta
1530 1113 1697 1139 servare

263 1155 513 1217 poterimus.
576 1153 745 1196 Interea
772 1169 857 1209 quo
891 1155 1159 1196 commodius
1185 1154 1411 1211 vectigalia
1444 1155 1567 1204 tueri,
1599 1169 1697 1211 pro-

262 1225 536 1265 Vinclamque
565 1212 619 1251 ab
653 1211 810 1266 injuria
831 1211 1058 1253 defendere
1083 1213 1257 1267 possim,
1281 1212 1526 1268 praesidium
1553 1226 1697 1253 neces-

263 1268 419 1309 sarium
458 1254 830 1331 voluntariumque
871 1269 1133 1324 compar-avi.
1196 1269 1278 1310 His
1316 1269 1469 1310 litteris
1507 1269 1694 1325 scriptis,

261 1325 419 1366 milites
441 1324 611 1366 circiter
634 1339 756 1376 xxx,
786 1340 892 1380 quos
921 1325 1143 1367 Dolabella
1163 1317 1217 1366 ex
1245 1325 1347 1367 Asia
1367 1326 1695 1382 conscripserat,

260 1397 284 1422 e
317 1382 441 1438 Syria
475 1381 689 1436 fugientes
724 1383 767 1423 in
804 1382 1101 1438 Pamphyliam
1142 1393 1361 1424 v.enerunt
1393 1383 1437 1424 hi
1471 1383 1694 1424 nuntiave-

260 1448 374 1489 runt,
405 1437 676 1479 Dolabellam
712 1438 1016 1490 Antiocheam,
1043 1455 1140 1494 quae
1173 1440 1214 1480 in
1247 1439 1373 1495 Syria
1401 1450 1480 1490 est,
1503 1441 1692 1482 venisse:

258 1510 345 1536 non
364 1504 598 1551 receptum,
614 1505 816 1537 conatum
834 1510 925 1538 esse
941 1496 1168 1552 aliquoties
1190 1496 1226 1537 vi
1249 1497 1450 1538 introire:
1474 1496 1691 1552 repulsum

258 1567 426 1608 semper
446 1566 537 1594 esse
558 1565 655 1593 cum
680 1567 838 1617 magno
861 1568 938 1594 suo
960 1553 1233 1594 detrimento.
1259 1553 1402 1607 itaque
1421 1563 1594 1594 centum
1611 1553 1693 1594 cir-

257 1610 364 1651 citer
404 1609 586 1660 amissis,
627 1609 754 1666 aegris
793 1609 967 1661 relictis,
1003 1618 1132 1651 noctu
1171 1610 1416 1651 Antiochea
1453 1609 1695 1667 profugisse

260 1666 516 1708 Laodiceam
534 1680 705 1708 versus,
730 1682 780 1708 ea
798 1677 925 1708 nocte
944 1681 1091 1708 omnes
1114 1666 1202 1708 fere
1222 1666 1438 1708 Asiaticos
1461 1666 1617 1708 milites
1639 1667 1694 1708 ab

256 1738 308 1765 eo
330 1723 599 1766 discessisse:
630 1737 685 1764 ex
715 1724 782 1765 his
815 1724 867 1765 ad
890 1725 1164 1781 octin‹rent0s
1185 1723 1475 1765 Antiocheam
1505 1724 1694 1773 rediisse,

256 1790 300 1822 et
321 1795 365 1821 se
387 1781 437 1821 iis
468 1780 707 1830 tradidisse,
737 1781 810 1836 qui
841 1796 865 1822 a
891 1756 1042 1822 Cassio
1065 1780 1218 1831 relicti,
1241 1782 1336 1822 urbi
1371 1781 1430 1822 illi
1466 1789 1693 1837 praeerant,

256 1847 438 1879 caeteros
461 1852 535 1894 per
558 1836 772 1878 Amanum
797 1853 840 1879 in
865 1837 1062 1879 Ciliciam
1085 1838 1378 1879 descendisse:
1411 1852 1497 1893 quo
1528 1851 1582 1879 ex
1615 1852 1692 1878 nu-

256 1909 375 1935 mero
409 1908 453 1935 se
481 1909 651 1958 quoque
679 1908 770 1935 esse
801 1895 1027 1936 dicebant:
1063 1894 1259 1936 Cassium
1293 1905 1453 1944 autem,
1474 1909 1573 1936 cum
1604 1894 1692 1935 suis

255 1952 456 1992 omnibus
479 1951 631 2007 copim,
654 1953 898 1993 nuntiatum
922 1966 1012 1992 esse
1035 1952 1251 2006 quatridui
1278 1952 1358 1993 iter
1382 1951 1596 1993 Laodicea
1616 1952 1692 1992 ab·

256 2009 400 2074 fuisse,
423 2018 514 2049 tum
537 2023 633 2049 cum
661 2006 887 2050 Dolabella
916 2023 968 2050 eo
999 2009 1207 2050 tenderet.
1268 2009 1563 2055 Quamobrem
1596 2008 1690 2063 opi-

254 2067 384 2107 nione
404 2066 581 2107 celerius
604 2066 777 2107 confido
807 2066 1179 2107 sceleratissimum
1203 2065 1412 2107 latronem
1443 2080 1595 2122 poenas
1617 2065 1691 2105 da-

256 2132 414 2164 turum.
475 2123 644 2170 Quarto
670 2123 818 2165 Nonas
841 2123 1010 2174 Junias,
1036 2122 1203 2178 Pergae.

190 2212 240 2254 16
768 2206 1113 2250 ARGUMENTU
1117 2212 1162 2248 M
1166 2241 1174 2249 .

255 2270 419 2327 Ciceroni
433 2279 537 2324 patri
553 2278 766 2327 gratulatur
784 2279 827 2314 cle
838 2278 939 2327 filio,
961 2289 1065 2326 quem
1083 2278 1231 2325 optimis
1247 2277 1378 2313 studiis
1396 2271 1557 2312 deditum
1575 2274 1689 2311 Athe-

304 2330 360 2364 nis
378 2329 589 2378 offenderat.
652 2329 777 2366 Versus
797 2331 925 2372 mittit,
944 2331 983 2365 in
1002 2331 1112 2365 civem
1132 2329 1332 2376 improbum
1351 2341 1373 2364 a
1390 2327 1427 2363 .ςὲ
1444 2328 1663 2375 conscriptos
1675 2341 1688 2362 .-

306 2385 342 2417 εἰ
369 2382 407 2416 z'n
434 2381 526 2416 libro
553 2383 596 2416 de
626 2382 776 2418 Caesarts
794 2384 944 2418 interitu
961 2383 1018 2417 sui
1032 2383 1128 2430 petit
1147 2382 1326 2416 rationem
1345 2380 1486 2417 habeat.
1539 2378 1689 2427 Scripta

306 2433 469 2469 Antonio
487 2437 521 2468 et
541 2433 743 2469 Dolabella
764 2446 872 2471 coss.

122 2495 241 2531 p.194.
272 2548 275 2549 ⁷
584 2499 943 2543 TREBONIUS
976 2498 1283 2542 CICERONI
1317 2499 1361 2540 S.

209 2547 308 2609 a‘S.
332 2561 387 2609 V.
409 2558 463 2610 B.
487 2567 538 2610 E.
597 2566 791 2609 Athenas
815 2569 907 2609 veni
942 2583 979 2609 a.
1010 2567 1052 2609 d.
1087 2581 1158 2609 xx.
1191 2566 1289 2608 Kal.
1315 2565 1420 2608 Jun.
1452 2563 1689 2629 atque.³b.i’

251 2625 368 2682 quod
389 2625 579 2667 maxime
601 2625 822 2682 optabam,
847 2625 931 2666 vidi
966 2625 1100 2666 filium
1125 2632 1262 2675 tuum,
1289 2623 1481 2664 deditum
1512 2632 1690 2678 optimis

291 2757 332 2787 54
340 2759 460 2795 proesto
469 2756 505 2785 in
520 2754 634 2794 Syria,
646 2754 690 2785 ad
705 2764 747 2785 m.
763 2764 790 2784 o.
809 2752 856 2793 vn]
874 2752 947 2784 edd.
991 2753 1055 2783 Ms.
1070 2763 1156 2790 meo,
1168 2754 1247 2784 item
1263 2753 1327 2783 Gu.
1349 2755 1375 2783 l.
1393 2752 1577 2794 recepitque
1589 2751 1690 2783 etiam

248 2805 298 2837 pr.
314 2796 438 2828 habent
457 2796 605 2837 Syriam,
626 2796 713 2836 quod
726 2796 892 2827 Victorius
907 2796 947 2826 ad
991 2796 1151 2827 Graevius.

248 2839 420 2879 sequentia
431 2839 602 2871 referebat.
617 2839 714 2871 male.
739 2837 839 2879 syna
850 2842 901 2869 est
913 2838 947 2869 in
