1903 3218
438 83 517 121 AD
543 83 632 120 CN.
659 80 948 120 PLANCUM
974 79 1050 117 ET
1075 81 1355 120 CETEROS.
1521 87 1596 122 253

175 187 271 228 cula
294 187 488 243 princeps
510 186 600 227 esse
621 188 754 225 ⁵5non
779 183 1002 224 recusavit.
1063 183 1147 224 Sed
1180 198 1262 239 ego
1294 199 1390 225 eum
1424 200 1509 226 non
1531 201 1599 227 so-

175 244 262 284 lum
287 244 479 285 hortatus
501 257 608 292 sum,
631 255 774 281 verum
797 240 926 280 etiam
948 239 1075 294 co'egi
1103 240 1184 280 isto
1216 241 1452 295 proficisci:
1483 243 1598 296 quod

174 311 218 340 et
254 301 376 341 ⁵6i11a
409 298 661 348 valetudine,
695 297 832 353 magis
864 296 1076 337 conficere
1109 311 1167 347 se,
1191 311 1320 360 quarn
1354 312 1420 338 me
1446 298 1599 352 juvare

177 367 319 412 posset
348 358 388 398 in
422 355 602 398 eastris:
631 363 674 394 et
707 354 822 409 quod
861 353 1135 394 acerbissimo
1169 354 1342 394 interitu
1377 355 1599 396 consulum

176 414 482 470 rempublicam
516 410 734 461 nudatam,
762 410 834 452 tali
871 410 965 451 cive
1002 419 1185 466 praetore
1217 411 1309 450 57in
1343 411 1513 452 urbanis
1536 411 1601 452 of-

176 471 285 513 ficiis
307 471 498 525 indigere
518 468 834 509 existimabam.
882 467 1010 513 Quod
1035 482 1068 507 Sl
1090 467 1163 523 qui
1190 467 1373 508 vestrum
1398 482 1481 508 non
1506 483 1602 523 pro-

176 527 312 578 babit,
334 526 438 568 mihi
471 525 741 581 prudentiam
773 525 814 565 in
847 524 1027 565 consilio
1057 524 1242 565 defuisse
1272 525 1394 575 sciat,
1425 539 1510 565 non
1543 525 1601 565 illi

175 598 278 640 erga
299 583 477 639 patriam
502 582 766 623 fidelitatem.
810 581 997 636 Lepidus
1021 591 1176 632 tamen,
1198 582 1312 635 quod
1335 596 1416 638 ego
1437 581 1602 623 deside-

176 642 336 690 rabam,
368 639 486 691 fecit,
521 650 568 680 ut
598 638 794 703 Apellam
833 639 885 678 ad
928 652 995 678 me
1037 638 1240 687 mitteret,
1273 641 1410 693 ⁵3quo
1453 639 1602 680 obside

175 696 258 737 fide
292 696 403 737 illius
426 706 469 736 et
502 696 718 737 societatis
752 696 795 736 in
830 695 1049 750 republica
1080 670 1417 737 administranda
1449 706 1602 736 uterer.

175 753 373 794 Studium
397 754 502 794 mihi
526 768 649 794 suum
675 753 722 794 L.
747 751 926 802 Gellius,
949 753 1000 792 de
1031 752 1166 793 tribus
1194 752 1395 793 iratribus
1418 753 1603 794 ⁵9Sext0

175 809 373 851 Gaviano
398 811 625 866 probavit:
657 825 742 865 quo
765 823 846 865 ego
869 809 1100 865 interprete
1128 809 1358 850 novissime
1389 809 1441 851 ad
1478 810 1603 865 Lepi-

172 867 273 907 dum
298 882 389 908 sum
414 882 527 908 usus.
587 866 787 908 Amicum
810 881 906 906 eum
930 866 1177 922 reipublicae
1199 880 1409 922 cognosse
1433 866 1602 908 videor:

172 924 438 980 libenterque
472 925 510 965 ei
548 938 638 964 sum
674 924 935 974 testimonio,
970 933 1014 964 et
1045 924 1245 964 omnibus
1278 937 1365 974 ero,
1386 924 1459 979 qui
1496 924 1602 965 bene

173 992 402 1022 merentur.
465 980 549 1022 Fac
578 981 730 1032 valeas,
766 994 916 1044 meque
949 990 1100 1021 mutuo
1132 980 1300 1036 diligas,
1324 981 1600 1036 dignitatem·
1613 997 1643 1027 p.
1662 990 1729 1019 154

172 1052 255 1091 que
286 1053 440 1088 meam,
475 1038 508 1079 si
543 1052 721 1090 mereor,
752 1037 922 1088 tueaiis,
953 1038 1064 1078 sicut
1096 1037 1236 1079 adhuc
1265 1037 1468 1094 singulari
1502 1041 1631 1080 cuma

176 1094 466 1137 benivolentia
487 1096 642 1136 fecisti.

684 1184 1087 1222 ARGUMENTUM.

412 1249 552 1285 Narrat
571 1249 697 1296 quibus
715 1250 830 1283 causis
847 1249 896 1283 ad
913 1247 1090 1296 Lepidum
1105 1248 1369 1297 proficiscatur.

570 1313 850 1355 PLANCUS
884 1314 1205 1356 CICERONI.

168 1370 348 1432 -QUID
385 1387 428 1428 in
465 1386 609 1428 animo
647 1387 886 1439 habuerim,
923 1403 1020 1428 curn
1062 1387 1216 1429 Laevus
1254 1387 1484 1443 Nervaque
1520 1388 1606 1428 dis-

172 1454 391 1486 cesserunt
431 1459 455 1484 a
497 1458 579 1495 me,
617 1454 661 1485 et
697 1459 751 1485 ex
799 1444 965 1495 litteris,
1003 1446 1161 1500 60quas
1206 1445 1266 1485 eis
1312 1445 1426 1495 dedi,
1461 1455 1505 1486 et
1548 1459 1603 1486 ex

172 1501 276 1557 ipsis
312 1515 573 1558 cognoscere
605 1502 799 1557 potuisti,
827 1502 900 1556 qui
934 1503 1134 1543 omnibus
1164 1503 1290 1543 rebus
1330 1502 1605 1557 consiliisque

172 1559 278 1599 meis
302 1558 600 1599 interfuerunt.
659 1557 834 1600 Accidit
859 1559 981 1609 mihi,
1004 1559 1118 1614 quod
1151 1558 1315 1600 homini
1347 1559 1540 1614 pudenti,
1562 1568 1606 1600 et

172 1615 331 1671 cupido
351 1614 641 1656 satisfaciendi
665 1615 913 1672 reipublicae
942 1617 1150 1671 bonisque
1180 1617 1381 1657 omnibus
1412 1617 1606 1657 accidere

171 1672 309 1714 solet:
343 1682 390 1713 ut
419 1672 642 1713 consilium
677 1687 872 1727 sequerer
903 1673 1188 1728 periculosum
1220 1673 1373 1729 magiS‚
1403 1673 1505 1714 dum
1537 1688 1606 1714 me

174 1730 414 1784 probarem,
447 1743 576 1784 quam
614 1739 768 1780 tutum,
802 1732 914 1785 quod
954 1731 1110 1771 habere
1149 1739 1293 1786 posset
1325 1731 1604 1771 obtrectatio-

171 1800 284 1827 nem.
346 1786 499 1840 Itaque
532 1795 629 1841 post
661 1786 893 1828 discessum
927 1787 1182 1843 legatorum,
1205 1801 1303 1828 cum
1331 1787 1445 1827 binis
1467 1788 1606 1828 conti-

171 1843 270 1884 nuis
305 1842 458 1884 litteris
491 1853 535 1883 et
570 1843 755 1907 Lepidus
788 1859 868 1894 me,
904 1854 950 1884 ut
984 1845 1187 1894 venirem,
1223 1853 1409 1900 rogaret,
1441 1854 1485 1884 et
1527 1844 1607 1885 La-

172 1901 349 1941 terensis
387 1899 523 1940 multo
561 1901 691 1941 etiam
727 1902 881 1957 magis,
916 1915 1048 1957 prope
1086 1901 1333 1956 implorans,
1372 1902 1608 1942 obtestare·-

172 1967 264 1998 tur:
297 1972 383 1998 non
404 1957 533 1998 ullam
556 1972 642 1998 rem
666 1957 790 1999 aliam
816 1958 1117 2010 extimescens,
1140 1973 1266 2013 quam
1292 1958 1486 2009 eandem,
1509 1973 1606 2013 quae

170 2014 276 2054 mihi
299 2028 471 2078 quoque
501 2013 607 2056 facit
638 2015 850 2066 timor,ern
877 2017 1122 2056 varietatem
1154 2024 1283 2078 atq'ue
1309 2014 1606 2056 infidelitatem

170 2072 384 2112 exercitus
415 2085 522 2126 eJuS‚
546 2086 630 2112 non
663 2072 944 2114 dubitandum
980 2073 1144 2129 putavi,
1166 2072 1269 2127 quin
1301 2086 1607 2125 succurreiffem

1622 1186 1667 1222 18

216 2187 255 2215 55
277 2194 341 2214 non
362 2184 547 2224 recusabat]
577 2185 766 2225 Suspicatus
789 2185 867 2216 olim

173 2235 246 2256 sum
275 2227 449 2256 recusavit.
493 2227 545 2256 Sic
572 2228 673 2266 reperi
697 2227 812 2258 deinde
835 2229 868 2258 in

174 2268 242 2300 Ms.
259 2278 345 2305 meo,
362 2268 426 2298 Gu.
448 2270 475 2298 1.
489 2274 524 2298 et
538 2268 590 2299 ed.
610 2269 744 2299 Mediol.

217 2311 258 2341 56
278 2311 338 2341 illa
360 2310 561 2349 valetudine]
588 2311 659 2345 Est,
683 2322 722 2342 ea
745 2311 869 2342 valetu-

174 2351 250 2383 dine
264 2362 339 2382 cum
354 2352 529 2383 laboraret.
572 2352 731 2393 Corficere
745 2364 777 2384 se
792 2365 868 2384 con-

170 2394 378 2434 jungendum
401 2405 475 2425 cum
499 2397 532 2424 in
555 2397 690 2433 castris,
685 2408 692 2415 ·
717 2397 777 2427 nisi
793 2406 868 2426 vero

175 2436 350 2475 legendum
380 2442 430 2467 est
460 2437 651 2478 conficeret:
683 2447 749 2468 non
778 2439 867 2469 enim

174 2481 252 2509 satis
265 2478 384 2525 placet
405 2480 558 2520 corficere
579 2490 611 2509 se
627 2485 742 2518 posset.
788 2481 868 2512 Mox

175 2530 235 2560 pro
247 2519 385 2562 juvar&
401 2522 486 2560 quod
507 2532 527 2552 a
548 2522 695 2552 Victorio
717 2528 780 2561 est,
803 2523 867 2554 Ms.

177 2571 282 2600 meus,
305 2563 368 2593 Gu.
387 2566 417 2594 1.
434 2567 464 2594 2.
486 2568 520 2593 et
542 2563 616 2594 edd.
643 2567 733 2598 1471.
778 2565 866 2596 Med.

177 2602 303 2635 habent
329 2607 437 2635 tueri:
468 2606 554 2644 quod
587 2606 685 2636 verbo
716 2607 870 2648 conficere

179 2646 295 2676 melius
309 2648 494 2687 respondet,
510 2654 547 2678 ut
563 2649 689 2688 opinor.
705 2650 740 2680 in
759 2652 875 2680 castris

178 2688 356 2727 opponitur
371 2691 496 2730 «τῦίεἰο,
512 2692 533 2721 i.
549 2701 577 2721 e.
595 2691 629 2721 in
646 2691 772 2723 urbem.

221 2732 257 2763 57
281 2731 316 2760 in
336 2733 472 2762 urbanis
487 2712 618 2772 'qffic-iz‘s]
640 2742 685 2764 sc.
701 2734 813 2774 ipsiuS,
830 2738 868 2764 ut

178 2773 337 2811 praetoris.

219 2815 258 2844 58
281 2824 340 2854 quo
368 2815 470 2846 obside
484 2816 559 2855 fide
586 2818 674 2847 illius
701 2816 774 2858 &c.]
794 2816 866 2856 fide

912 2196 970 2226 pro
982 2186 1088 2226 fidei.-
1111 2185 1198 2223 quod
1221 2195 1287 2216 non
1309 2187 1607 2218 animadvertentes

912 2239 929 2258 e
943 2229 1102 2258 societatis
1117 2228 1220 2258 fecere
1239 2229 1396 2260 societati.
1412 2233 1523 2260 uterer
1537 2230 1608 2269 qui-

911 2269 983 2300 dem
999 2269 1038 2300 ad
1055 2270 1157 2300 obside
1171 2272 1328 2310 pertinet,
1341 2277 1380 2301 ut
1395 2277 1469 2312 post
1483 2278 1532 2302 est
1546 2282 1607 2312 quo

911 2323 969 2351 ego
988 2314 1162 2351 interprete
1187 2322 1261 2342 usus
1281 2322 1365 2343 sum.
1411 2314 1450 2344 ln
1462 2314 1537 2354 fide
1558 2318 1607 2344 et-

911 2355 976 2385 iam
992 2354 1145 2384 ultimam
1161 2354 1290 2385 literam
1309 2355 1481 2386 absorbere
1497 2357 1608 2395 potuit

906 2393 1018 2437 'prima
1033 2397 1066 2426 in
1082 2397 1181 2426 illius.
1198 2406 1274 2427 nam
1299 2398 1330 2427 in
1354 2407 1449 2437 prosa
1473 2407 1538 2427 non
1561 2398 1607 2428 sic

911 2438 1151 2470 contrahebant
1164 2438 1197 2468 in
1212 2437 1273 2469 hoc
1288 2439 1397 2470 verbo.

954 2484 994 2515 59
1017 2480 1093 2511 Sex.
1116 2480 1278 2520 Gaviano]
1304 2481 1357 2511 Sic
1379 2490 1453 2510 cum
1477 2480 1606 2510 Graevio

911 2522 982 2553 dedi
1000 2533 1058 2562 pro
1074 2523 1270 2561 Segaviano.
1305 2523 1344 2552 In
1359 2523 1422 2553 Ms.
1438 2532 1511 2552 meo
1524 2532 1604 2561 quo·

912 2575 973 2604 que
985 2571 1019 2594 et
1033 2565 1066 2595 in
1080 2565 1272 2601 Graevkmis,
1287 2565 1366 2595 item
1379 2564 1441 2594 Gu.
1463 2567 1488 2595 l.
1508 2567 1538 2594 2.
1555 2570 1604 2594 est

911 2607 1122 2637 intervallum
1139 2613 1213 2646 post
1230 2606 1284 2644 Se,
1301 2608 1381 2636 item
1397 2607 1430 2636 in
1444 2606 1492 2636 ed.
1508 2606 1604 2637 Rom.

917 2649 1007 2680 Med.
1022 2659 1055 2680 se
1075 2649 1233 2680 Gavimm.

953 2692 995 2722 60
1016 2701 1098 2731 quas
1109 2692 1154 2720 eis
1170 2689 1255 2728 dedi]
1281 2690 1334 2719 Sic
1352 2689 1414 2720 Ms.
1432 2698 1524 2720 meus
1539 2689 1603 2720 Gu.

916 2736 942 2764 1.
958 2736 989 2764 2.
1006 2740 1040 2763 et
1062 2733 1134 2763 edd.
1153 2738 1232 2762 vett.
1255 2732 1283 2760 ei
1305 2732 1338 2760 in
1362 2731 1460 2763 Grut.
1478 2731 1604 2762 videtur

910 2785 977 2806 esse
993 2775 1032 2806 ab
1048 2784 1156 2806 errore
1168 2782 1351 2814 operarum.
