1817 3196
449 60 530 98 AD
566 57 800 98 APPIUM
836 56 1187 99 PULCHRUM.
1484 64 1535 100 63

106 170 185 215 teS,
206 170 250 206 et
278 162 463 220 perditas
485 161 674 204 maxime
696 175 771 218 per
792 161 1068 217 magistratus
1089 175 1202 211 suos,
1236 175 1321 202 non
1346 163 1467 226 potui
1491 164 1535 207 in

107 219 180 262 illo
202 230 344 262 sumtu
367 234 452 261 non
476 220 712 262 necessario
735 218 958 275 negligens
987 232 1091 259 esse.
1150 217 1234 269 Tu,
1264 232 1364 259 cum
1392 218 1537 260 istius-

107 278 226 319 modi
258 291 471 318 sermones
502 277 556 318 ad
586 287 628 318 te
653 276 782 317 delati
791 252 880 317 OC>de
878 290 946 316 me
968 286 1082 326 sunt,
1114 289 1200 316 non
1229 275 1416 316 debuisti
1447 290 1537 316 ere-

107 334 220 376 dere.
282 334 326 375 Si
349 344 492 375 autem
515 334 598 376 hoc
617 348 771 389 genere
792 332 1029 383 delectaris,
1050 340 1110 383 ut,
1129 347 1226 387 quae
1250 333 1328 373 tibi
1354 333 1395 372 in
1420 346 1537 374 men-

110 400 196 432 tem
228 391 416 442 veniant,
448 390 541 432 aliis
572 392 805 433 attribuas:
838 405 972 445 genus
1004 390 1209 430 sermonis
1241 389 1462 430 32inducis
1493 392 1537 431 in

106 448 342 490 amicitiam
373 448 549 489 minime
578 448 764 489 liber.ale
826 446 922 504 Ego
951 447 984 488 si
1008 447 1049 488 in
1074 447 1296 503 provincia
1316 446 1646 488 det1aherep·38-

105 505 159 546 de
191 516 266 546 tua
296 504 411 546 fama
441 519 643 561 umquam
675 506 947 561 cogitassem,
979 519 1062 545 non
1096 504 1148 545 ad
1179 518 1384 559 generum
1416 500 1568 546 tuuma

108 561 352 612 Lentulum,
394 577 532 617 neque
566 563 617 604 td
652 562 852 604 libertum
888 572 1008 602 tuum
1043 561 1274 613 Brundisii,
1313 575 1451 626 neque
1485 563 1540 604 ad

103 618 359 674 praefectum
382 618 554 661 fabrum
578 619 795 675 Corcyrae,
817 633 943 674 quem
967 619 1008 659 in
1032 618 1175 659 locum
1198 633 1266 658 me
1288 620 1431 660 venire
1455 619 1540 660 vel-

104 676 178 726 les,
202 676 454 718 retulissem.
508 678 652 724 Quare
675 687 824 740 potes,
839 675 1099 717 doctissimis
1121 675 1369 716 hominibus
1390 686 1540 718 aucto-

104 733 239 797 iibus,
267 748 449 789 quorum
474 734 559 775 sint
580 735 632 775 de
663 733 855 775 amicitia
884 733 1071 789 gerenda
1092 732 1415 788 praeclarissime
1437 735 1539 775 scri-

105 790 170 846 pti
192 790 305 841 libri,
327 805 461 846 genus
485 791 567 833 hoc
585 801 723 832 totum
741 791 946 831 orationis
969 790 1134 832 tollere:
1159 790 1448 844 dlsputabant;
1466 805 1538 847 ego

105 847 248 888 contra
280 847 542 890 ‹lisso-sebam
572 848 782 897 diceban&
813 862 883 904 ego
917 847 1130 904 negabam.
1189 847 1259 888 An
1293 847 1398 888 mihi
1422 848 1474 889 de
1497 858 1539 889 te

107 904 216 946 nihil
248 920 339 946 esse
371 906 535 947 dictum
564 920 769 961 umquam
803 885 988 961 putas.po
986 919 1038 946 ne
1069 905 1151 946 hoc
1180 905 1369 960 quidem,
1407 906 1538 960 quod,

103 977 201 1002 cum
235 977 304 1002 me
345 962 600 1004 Laodiceam
629 963 774 1004 venire
805 962 1023 1013 voluisses,
1059 962 1247 1003 'laurum
1280 964 1371 1018 ipse
1403 973 1539 1004 tians-

102 1017 209 1060 isti?
245 1019 360 1074 quod
399 1020 550 1062 iisdem
585 1021 735 1062 diebus
766 1035 884 1060 meus
923 1031 1160 1061 conventus
1191 1030 1282 1061 erat
1316 1020 1539 1075 Apameae,

104 1075 334 1132 Synnadis,
360 1076 586 1118 Philomeli
608 1095 618 1129 ;
651 1088 750 1118 tuus
779 1076 927 1119 Tarsi?
961 1077 1060 1118 Non
1082 1077 1223 1118 dicam
1248 1077 1381 1132 plura,
1403 1092 1471 1128 ne,
1494 1077 1539 1118 in

103 1147 190 1187 quo
226 1143 266 1174 te
298 1133 542 1190 objurgem,
574 1135 616 1175 id
647 1135 788 1190 ipsum
820 1135 964 1175 videar
1000 1134 1174 1174 imitari.
1236 1134 1346 1175 Illud
1381 1134 1540 1186 dicam,

102 1199 153 1231 ut
191 1191 354 1232 sentio:
388 1192 421 1231 si
456 1192 550 1243 ista,
581 1206 678 1247 quae
710 1191 814 1231 alios
846 1191 963 1245 loqui
994 1190 1117 1241 dicis,
1149 1191 1239 1247 ipse
1271 1192 1427 1242 sentis,
1465 1202 1540 1233 tua

103 1261 270 1288 summa
291 1247 418 1303 culpa
438 1258 526 1290 est:
560 1249 623 1288 sin
647 1258 789 1288 autem
813 1247 884 1288 alii
907 1260 1050 1289 tecum
1068 1248 1164 1288 haec
1186 1248 1444 1303 loquuntur3
1466 1258 1541 1290 tua

103 1312 263 1369 tamen,
293 1304 408 1359 quod
430 1305 566 1355 audis,
589 1304 716 1360 culpa
736 1304 942 1345 nonnulla
962 1315 1041 1345 est.
1104 1303 1209 1345 Mea
1237 1305 1346 1346 ratio
1376 1306 1419 1346 in
1448 1314 1541 1347 tota

101 1361 294 1403 amicitia
324 1370 470 1402 nostra
490 1371 691 1403 constans
713 1371 757 1403 et
780 1362 922 1418 gravis
945 1361 1194 1417 repeiietur.
1254 1362 1384 1409 Quod
1408 1362 1442 1404 si
1464 1364 1541 1418 qui

100 1432 171 1459 me
193 1418 443 1459 astutioiem
468 1419 617 1474 fingit:
641 1419 743 1474 quid
768 1429 911 1475 potest
933 1434 1023 1460 esse
1045 1418 1255 1469 callidius,
1273 1434 1416 1474 quam,
1439 1435 1541 1462 cum

102 1483 145 1517 te
166 1476 384 1517 absentem
410 1490 576 1531 semper
599 1476 878 1527 delendelim,
901 1491 999 1517 cum
1024 1477 1261 1531 piaesertim
1277 1477 1439 1517 39m1hi
1461 1493 1536 1519 usu

102 1542 330 1574 venturum
354 1547 440 1573 non
463 1534 704 1584 arbitrar·,ei
732 1543 779 1575 ut
801 1549 883 1589 ego
906 1547 1078 1588 quoque
1099 1535 1252 1574 absens
1280 1548 1304 1574 a
1328 1543 1370 1574 te
1391 1533 1539 1575 defen-

101 1590 265 1631 dendus
297 1604 457 1641 essem;
488 1605 604 1632 nunc
634 1591 966 1642 committerem,
998 1600 1046 1631 ut
1077 1600 1122 1631 tu
1148 1590 1248 1646 jure
1279 1591 1446 1646 optimo
1470 1607 1540 1633 me

101 1649 324 1691 absentem
353 1647 544 1688 deserere
575 1651 747 1703 posses?
779 1648 925 1689 Unum
954 1662 1088 1704 genus
1116 1648 1289 1703 excipio
1315 1649 1538 1701 sermonis,

101 1704 146 1746 in
169 1719 254 1760 quo
277 1718 468 1760 persaepe
489 1705 651 1760 aliquid
668 1705 841 1755 dicitur,
862 1708 904 1735 40
919 1705 1035 1760 quod
1058 1716 1100 1747 te
1123 1715 1270 1769 putem
1294 1705 1406 1746 nolle
1424 1706 1533 1749 dici:

99 1761 132 1802 si
176 1771 250 1803 aut
280 1761 520 1818 legatolum
559 1771 730 1803 tuorum
764 1762 968 1818 cuipiam,
1006 1771 1081 1803 aut
1112 1761 1432 1825 praefectorum,
1464 1773 1539 1804 aut

98 1795 369 1860 tribunorum
393 1819 578 1860 militum
600 1819 711 1860 male
739 1819 920 1861 dicitur:
953 1819 1069 1875 quod
1103 1829 1244 1860 vimen
1275 1834 1418 1875 lpsum
1447 1836 1532 1862 non

99 1876 342 1917 mehercule
364 1877 504 1918 adhuc
525 1876 685 1918 accidit
706 1891 774 1918 me
803 1877 1018 1928 audiente,
1052 1885 1097 1917 ut
1124 1886 1198 1918 aut
1227 1878 1399 1933 gravius
1421 1877 1538 1919 dice-

100 1942 231 1985 retur,
254 1943 327 1974 aut
349 1933 393 1974 in
417 1934 562 1989 pluris,
591 1948 721 1990 quam
743 1948 912 1975 mecum
936 1934 1141 1990 Corcyrae
1171 1933 1350 1975 Clodius
1378 1943 1442 1976 est
1474 1935 1537 1977 lo-

99 1999 250 2042 cutus;
281 2005 380 2031 cum
419 1992 463 2032 in
495 2006 546 2032 eo
581 2006 736 2047 genere
768 1991 958 2032 maxime
988 2001 1250 2046 quereretur,
1282 2000 1324 2032 te
1355 1991 1536 2034 aliorum

98 2047 378 2104 improbitate
400 2049 540 2089 minus
562 2048 732 2090 felicem
752 2047 898 2090 fuisse.
942 2048 1038 2090 Hos
1060 2063 1142 2105 ego
1166 2063 1397 2113 sermones,
1419 2051 1579 2105 quodb.

99 2114 144 2146 et
164 2105 287 2146 multi
319 2114 433 2156 sunt,
466 2118 510 2147 et
539 2115 656 2147 tuam
679 2106 1061 2156 existimationem,
1092 2115 1142 2145 ut
1165 2119 1247 2162 ego
1271 2107 1425 2171 sentio,
1449 2122 1536 2150 non

99 2161 338 2214 offendunt,
371 2163 566 2204 lacessivi
596 2178 847 2219 numquam,
878 2164 950 2204 sed
972 2178 1059 2203 non
1081 2141 1217 2203 valde
1232 2164 1428 2219 repressi.
1488 2165 1536 2206 Si

97 2219 193 2274 quis
222 2228 300 2269 est,
334 2220 406 2275 qui
440 2220 656 2261 neminem
686 2222 800 2261 bona
829 2220 914 2261 fide
945 2220 989 2261 in
1021 2220 1207 2276 gratiam
1243 2230 1367 2277 putet
1397 2222 1536 2264 redire

97 2291 247 2332 posse.
270 2291 355 2317 non
379 2286 569 2318 nostram
587 2278 621 2318 is
642 2277 865 2333 perfidiam
881 2278 1093 2333 coarguit,
1114 2277 1188 2319 sed
1206 2277 1369 2319 indicat
1385 2294 1532 2322 suam:

98 2333 309 2389 simulque
331 2349 418 2375 non
440 2334 492 2375 de
514 2349 582 2375 me
613 2335 646 2376 is
678 2349 815 2391 pejus,
844 2350 974 2390 quam
983 2311 1056 2375 ode
1087 2345 1128 2375 te
1157 2335 1393 2377 existimat.
1455 2337 1533 2379 Sin

97 2400 240 2432 autem
275 2405 403 2446 quem
436 2406 532 2432 mea
561 2392 761 2433 instituta
791 2407 834 2432 1n
866 2392 1090 2448 provincia
1120 2406 1208 2433 non
1239 2393 1469 2445 delectant,
1491 2403 1535 2435 et

96 2448 282 2503 quadam
322 2448 672 2490 dissimilitudine
703 2449 1001 2492 institutorum
1036 2463 1232 2491 meorum
1273 2465 1323 2493 ac
1361 2461 1535 2493 tuorum

134 2596 174 2624 38
195 2594 322 2624 inducis
347 2594 381 2624 in
403 2593 600 2633 amicitiam]
626 2594 730 2632 Facis,
752 2598 792 2625 ut
835 2595 986 2626 Comicos
999 2596 1155 2633 occurrit,
1164 2596 1221 2627 sed
1231 2597 1327 2627 unius
1338 2596 1536 2628 libriaucto-

90 2636 187 2666 amici
201 2641 341 2666 utantur
349 2637 553 2667 sermonibus
563 2637 602 2667 de
615 2647 661 2674 se,
675 2646 792 2678 parum
834 2638 933 2668 ritate
948 2647 1014 2668 non
1029 2642 1101 2669 erat
1115 2639 1349 2678 recipiendum.

91 2677 279 2709 liberalibus
294 2683 328 2708 et
344 2678 485 2717 indignis
500 2679 657 2710 amicitia.
875 2683 918 2711 40
931 2680 1016 2720 quod
1027 2685 1059 2711 te
1071 2684 1187 2720 putem
1202 2682 1285 2713 nolle
1298 2679 1377 2719 davi]
1401 2680 1536 2712 Lambi-

136 2723 176 2754 39
193 2721 272 2750 mz'lu'
287 2730 348 2750 usu
362 2721 552 2760 venturum]
571 2721 624 2751 Sic
639 2721 713 2752 libri
727 2731 790 2752 scr.
835 2732 895 2753 nus
925 2721 1016 2753 addit
1036 2733 1118 2755 non:
1151 2723 1239 2763 quod
1263 2723 1437 2763 sequentia
1455 2732 1535 2756 sane

92 2765 127 2790 et
141 2761 212 2792 edd.
226 2771 322 2793 usum
337 2773 376 2793 ex
391 2772 458 2792 uno
472 2763 555 2793 libro
570 2764 692 2803 recepit
707 2763 793 2794 Geb-
834 2764 1030 2799 desiderant.

92 2801 224 2844 harum,
253 2805 340 2844 quod
365 2805 498 2845 quidem
519 2811 554 2837 et
575 2805 681 2848 ipsum
705 2807 793 2848 apud
