1903 3218
424 101 505 139 AD
531 101 619 140 cN.
639 98 925 141 PLANCUM
951 99 1027 138 ET
1053 99 1335 138 CETEROS.
1518 106 1596 147 237

168 207 285 257 (nam
322 205 366 247 id
387 194 560 261 quidem
588 204 764 260 vulgare
800 203 954 246 vitium
988 204 1072 251 est)
1108 202 1180 244 sed
1215 202 1473 255 immanitas,
1508 220 1596 249 non

164 264 295 305 modo
317 272 364 304 ut
382 277 547 312 vocem,
570 261 659 303 sed
664 274 719 302 ne
743 260 907 302 vultum
930 260 1104 324 quidem
1126 259 1307 300 liberum
1331 261 1467 315 possit
1488 262 1597 305 ferre

163 320 434 376 cujusquam.
494 318 647 383 Itaque
683 317 790 358 mihi
819 317 1030 358 maximae
1054 330 1169 358 curae
1201 325 1282 367 est,
1311 330 1398 358 non
1419 317 1476 358 de
1502 333 1596 362 mea

162 377 336 441 quidem
360 377 463 426 vita,
484 375 554 417 cui
576 374 781 425 satisfeci,
805 374 871 415 vel
892 383 1035 425 aetate,
1062 373 1127 414 vel
1155 372 1296 422 factis,
1320 372 1385 415 vel
1414 374 1470 425 (si
1490 377 1597 430 quid

161 435 290 476 etiam
315 434 397 475 hoc
418 433 469 474 ad
493 446 579 473 rem
604 432 810 487 pertinet)
839 431 1001 488 gloria:
1034 430 1105 472 sed
1130 444 1198 471 me
1220 430 1358 486 patria
1380 430 1596 484 sollicitat,

162 490 458 546 inprimisque,
487 489 546 530 mi
587 488 761 540 Plance,
795 488 1065 545 exspectatio
1094 487 1341 529 consulatus
1380 487 1467 530 tui:
1499 504 1596 544 qum

162 547 225 588 ita
244 547 375 603 longa
395 556 474 597 est,
498 555 545 587 ut
566 546 804 602 optandum
827 546 897 595 sit,
931 554 979 586 ut
1009 545 1235 601 possimus,
1265 544 1316 586 ad
1350 544 1395 586 id
1429 554 1597 611 tempus

163 604 412 660 reipublicae
432 604 631 667 spiritum
654 603 824 645 ducere.
885 603 997 650 Quae
1023 611 1166 658 potest
1186 602 1301 642 enim
1325 616 1420 658 spes
1441 617 1533 644 esse
1553 605 1596 645 in

162 674 212 701 ea
244 660 509 724 republica,
501 674 542 701 in
566 676 652 716 qua
670 660 856 702 hominis
879 663 898 690 2
913 659 1264 715 impotentissimi
1287 669 1417 715 atque
1438 660 1601 702 intem-

165 717 420 772 peratissimi
444 718 572 758 almis
595 731 799 781 oppressa
820 727 919 757 sunt
941 717 1113 757 omnia?
1144 726 1187 756 et
1209 730 1250 756 111
1274 730 1359 770 qua
1382 730 1460 758 nec
1481 732 1601 759 sena-

164 784 248 824 tus,
271 788 349 815 nec
372 774 554 830 populus
581 789 665 815 vim
689 774 820 816 habet
841 774 994 816 ullam.
984 788 996 805 .-
1028 788 1105 814 nec
1129 772 1243 828 leges
1265 773 1362 814 ullae
1385 783 1499 825 sunt,
1522 789 1601 816 nec

156 830 341 886 judicia,
363 845 441 872 nec
465 833 642 873 omnino
665 831 939 872 simulacrum
973 830 1145 886 aliquod
1168 844 1218 871 ac
1241 831 1472 887 vestigium
1495 833 1602 873 civi-

165 888 294 929 tatis?
325 888 409 929 Sed
439 888 612 943 quando
639 898 736 929 acta
757 889 904 929 omnia
925 888 1039 929 mitti
1063 887 1115 928 ad
1139 896 1180 928 te
1202 887 1462 941 arbitrabar3
1495 889 1603 931 nihil

164 955 269 995 erat,
292 945 406 999 quod
447 945 626 1000 singulis
649 946 702 986 de
735 946 861 987 rebus
891 946 1137 986 scriberem.
1198 943 1310 986 Illud
1346 955 1490 987 autem
1511 957 1604 988 erat

163 1003 321 1042 amoris
344 1001 443 1051 mei,
464 1017 592 1057 quem
615 1017 640 1044 a
661 1011 735 1043 tua
756 1003 940 1059 pueritia
962 1012 1208 1056 susceptum
1236 1015 1322 1042 non
1344 1004 1513 1045 servavi
1536 1019 1604 1045 so-

161 1057 265 1109 lum,
286 1060 357 1100 sed
380 1060 480 1100 etiax
483 1074 509 1099 n
533 1061 661 1111 auxi3
692 1074 866 1102 monere
885 1069 927 1100 te
948 1069 1077 1114 atque
1101 1058 1277 1109 hortari,
1294 1068 1342 1100 ut
1365 1059 1407 1100 in
1432 1074 1604 1117 rempu-

101 1162 107 1167 ,
166 1115 322 1157 blicam
354 1117 471 1157 omni
504 1117 773 1173 cogitatione
793 1131 981 1171 curaque
1013 1116 1297 1157 incumberes,
1357 1116 1469 1163 Quae
1492 1118 1527 1159 si
1549 1118 1646 1169 adp.
1664 1131 1734 1160 144

166 1183 288 1213 tuum
313 1183 482 1229 tempus
506 1174 767 1229 perducitur,
801 1173 938 1214 facilis
973 1173 1230 1228 gubernatio
1252 1183 1341 1215 est:
1375 1184 1422 1215 ut
1449 1176 1646 1231 perdu-··

166 1238 288 1270 catur
304 1239 462 1279 autem,
485 1244 655 1285 magnae
678 1244 776 1271 cum
790 1230 1030 1285 diligentiae
1049 1238 1128 1280 est,
1147 1240 1239 1270 tum
1253 1231 1383 1271 etiam
1403 1231 1606 1275 for.tunae

167 1287 252 1327 Sed
275 1298 318 1328 et
340 1295 381 1327 te
402 1287 623 1341 aliquanto
653 1296 768 1337 ante,
800 1296 846 1336 ut
879 1300 1019 1342 sper0,
1046 1285 1320 1337 habebimus,
1352 1296 1409 1337 et,
1433 1299 1609 1344 praeter,-

166 1357 297 1407 quam
329 1343 446 1407 quod
476 1343 725 1399 reipublicae
748 1334 970 1384 consulere
991 1343 1212 1393 debemus,
1237 1345 1255 1374 3
1271 1353 1412 1385 tamen
1438 1355 1522 1387 tuae
1545 1346 1611 1388 di-

165 1400 324 1456 gnitati
348 1401 408 1441 ita
430 1400 639 1451 favemus,
670 1409 717 1441 ut
749 1414 878 1442 omne
908 1410 1103 1440 nostrum
1136 1400 1380 1452 consilium,
1405 1403 1611 1455 studium,

166 1457 376 1509 officium,
410 1470 601 1512 operam,
634 1457 842 1509 laborem,
876 1457 1163 1512 diligentiam,
1196 1456 1250 1498 ad
1281 1458 1611 1514 amplitudinem

167 1523 285 1555 tuam
309 1513 596 1555 conferamus.
658 1513 728 1555 Ita
750 1490 983 1555 facillimeo
988 1523 1032 1555 et
1068 1513 1334 1570 reipublicae,
1366 1530 1464 1579 quae
1502 1518 1610 1560 mihi

166 1570 388 1613 carissima
416 1579 495 1621 est,
525 1581 569 1612 et
598 1571 804 1613 amicitiae
836 1580 1012 1622 nostrae,
1042 1585 1172 1626 quam
1196 1572 1464 1614 sanctissime
1486 1575 1611 1616 nobis
1675 1600 1679 1604 ι

168 1627 394 1669 colendam
426 1638 546 1692 puto,
576 1642 646 1669 me
679 1628 876 1685 intelligo
907 1627 1242 1669 satisfacturum.
1304 1628 1513 1672 Furnium
1533 1646 1614 1673 no-

170 1694 305 1725 strum
328 1686 436 1725 tanti
461 1699 484 1725 a
507 1694 548 1726 te
570 1684 677 1736 fieri,
699 1696 909 1741 quantum
932 1685 1066 1741 ipsius
1091 1685 1334 1727 humanitas
1356 1696 1400 1728 et
1421 1687 1613 1744 dignitas

170 1741 374 1797 postulat,
396 1755 474 1782 nec
497 1742 642 1793 miror,
663 1752 707 1783 et
738 1742 933 1798 gaudeo:
965 1750 1095 1797 teque
1123 1742 1208 1783 hoc
1231 1721 1496 1785 existimare
1502 1746 1615 1798 volo,

167 1798 411 1853 quidquid
402 1813 446 1839 111
469 1812 566 1840 eum
590 1799 749 1854 judicii
779 1799 1000 1854 officiique
1032 1798 1281 1852 contuleris,
1303 1800 1379 1842 id
1364 1812 1432 1842 ita
1451 1816 1520 1844 me
1542 1818 1615 1846 ae-

168 1869 328 1911 cipere‚
350 1865 397 1897 ut
417 1856 461 1896 in
485 1856 697 1912 meipsum
721 1866 764 1896 te
786 1866 934 1912 putem
956 1855 1205 1898 contulisse.

685 1939 994 1976 ARGUMEN'I
997 1938 1091 1977 UM.
1628 1938 1656 1975 2

201 1990 383 2034 Excusat,
404 1992 501 2042 quod
518 1994 556 2028 in
572 1996 738 2028 senatum
756 1993 805 2028 ad
822 1993 1001 2039 agendam
1020 1992 1154 2028 Planci
1171 2004 1319 2029 causam
1336 2005 1408 2031 non
1426 1998 1578 2041 vener-it,

516 2049 554 2081 et
571 2044 692 2092 officia
710 2055 777 2080 sua
794 2046 834 2080 in
851 2044 937 2080 aliis
953 2044 1057 2080 rebus
1071 2044 1279 2092 pollicetur.

589 2110 827 2153 CICERO
859 2110 1112 2153 PLANCO
1144 2111 1189 2153 S.

176 2166 384 2220 MEUM
407 2177 599 2219 studium
628 2178 782 2220 honori
814 2188 888 2219 tuo
923 2192 1001 2234 pro
1023 2178 1340 2221 necessitudine
1361 2191 1509 2244 nostra
1528 2196 1617 2225 non

172 2234 396 2285 defuisset,
419 2234 454 2276 si
477 2244 552 2276 aut
575 2244 669 2277 tuto
689 2236 731 2277 in
751 2245 963 2286 senatum,
987 2245 1061 2276 aut
1082 2235 1263 2277 honeste
1284 2237 1428 2279 venire
1451 2239 1618 2295 potuis·-

174 2306 278 2335 sem.
341 2290 425 2333 Sed
456 2305 535 2332 nec
573 2293 664 2332 sine
696 2291 886 2347 periculo
919 2293 1146 2357 quisquam
1170 2292 1303 2334 libere
1323 2294 1376 2336 de
1397 2297 1619 2352 republica

173 2350 362 2392 sentiens
399 2348 555 2390 versari
584 2359 736 2406 vpotest
775 2350 817 2390 in
853 2363 1022 2390 summa
1059 2350 1320 2407 impunitate
1351 2351 1615 2408 gladiorum:

213 2465 235 2495 2
265 2464 528 2505 impotentissimi
555 2468 654 2504 atque
676 2464 874 2502 intempera-
917 2471 1017 2502 supra
1032 2465 1325 2503 temperatissimus
1337 2465 1528 2497 habuimus.

171 2507 304 2546 tissimi]
332 2506 413 2538 Edd.
431 2516 481 2548 pr.
503 2506 786 2546 impudentissimi.
802 2515 875 2535 cor·
958 2507 978 2535 3
1002 2510 1114 2536 tamen
1129 2510 1195 2536 tue
1208 2508 1239 2537 d.
1243 2507 1256 2546 ]
1281 2507 1359 2537 Non
1369 2507 1477 2547 placet
1487 2512 1621 2539 tamen.-

174 2550 259 2580 rexit
282 2549 449 2580 Victorius
472 2549 640 2588 impotem.
656 2553 694 2578 ut
716 2551 768 2578 est
786 2552 822 2578 et
841 2548 874 2578 in
917 2548 996 2586 quia
1009 2548 1164 2588 praeeedit
1183 2554 1298 2588 proetev
1301 2559 1419 2588 ηιιαηι,
1435 2550 1488 2579 cii
1504 2549 1537 2580 id
1550 2560 1619 2582 non

174 2590 241 2622 Ms.
267 2601 353 2622 meo.
378 2590 460 2622 mihi
481 2590 654 2639 scrupulus
676 2593 727 2620 est
743 2600 762 2620 e
779 2590 875 2620 verbo
919 2589 1001 2620 hene
1017 2590 1202 2639 respondet.
1248 2591 1333 2622 Puto
1345 2591 1520 2631 legendum
1532 2595 1619 2634 tum,

173 2637 345 2682 sequente,
357 2643 422 2673 quo
436 2633 634 2682 exprimitur
642 2633 778 2673 pariter,
790 2632 878 2673 quod
919 2631 971 2662 vel
985 2634 1057 2662 tum
1070 2633 1184 2670 etiam,
1199 2633 1286 2672 quod
1308 2615 1396 2673 poste,
1400 2638 1524 2672 γνῶτον
1535 2631 1623 2675 th'd

174 2680 226 2705 est
238 2675 275 2705 in
281 2675 552 2715 impotentissimi.
593 2675 641 2705 Et
656 2674 736 2705 alibi
748 2684 877 2715 quoque
919 2678 954 2704 et
962 2678 1185 2716 preterquam
1203 2675 1289 2715 quod
1301 2675 1384 2706 solet
1399 2675 1462 2706 diei
1477 2676 1518 2707 ab
1531 2677 1620 2717 opti-

176 2716 381 2766 impudentia
405 2718 624 2758 exprobratur
652 2717 819 2748 Antonio.
843 2722 878 2747 et
920 2717 982 2746 mis
997 2714 1174 2748 latinitatis
1194 2717 1394 2748 auctoribus.
1417 2722 1490 2748 tum
1511 2722 1546 2749 et
1566 2722 1620 2750 ta—

173 2759 656 2800 augeturrntemperantiasxve
665 2759 878 2799 impotentia
921 2767 996 2789 men
1017 2759 1181 2790 interdum
1205 2760 1239 2789 in
1265 2759 1357 2790 libris
1379 2759 1536 2792 confundi
1561 2770 1621 2792 no-

171 2801 201 2829 si
216 2800 369 2839 adjuncta
383 2807 435 2832 est
449 2802 664 2842 impudentia.
710 2801 770 2832 Ed.
788 2801 876 2831 Med
920 2805 994 2831 tum
1011 2808 1073 2831 est.

175 2841 274 2873 habet
297 2844 398 2874 etiam
416 2844 753 2884 intemperantissimi.
772 2843 828 2875 sed
844 2850 876 2873 et
