1903 3218
413 110 492 148 AD
519 109 606 148 CN.
627 109 916 148 PLANCUM
942 109 1018 146 ET
1043 109 1318 150 CETEROS.
1505 119 1581 154 239

155 218 243 254 tate
273 213 520 270 reipublicae
558 214 744 255 virorum
778 211 941 254 talium.
1003 211 1227 264 Incumbe,
1264 228 1339 270 per
1373 215 1475 256 deos
1507 218 1585 258 im-

157 270 371 322 mortales,
410 271 451 312 in
488 284 579 312 eam
614 283 775 320 curam,
808 280 849 310 et
883 269 1208 326 cogitationem,
1229 284 1327 325 quae
1355 271 1434 312 tibi
1472 287 1586 314 sum-

160 339 268 368 mam
293 326 548 383 dignitatem
580 334 622 367 et
656 325 835 383 gloriam
864 325 1028 367 afferat.
1088 326 1211 368 Unus
1235 337 1378 368 autem
1401 336 1480 379 est,
1503 329 1585 371 hoc

158 385 393 436 praesertim
437 394 643 439 tempore,
681 397 754 438 per
796 391 861 424 tot
899 397 1032 424 annos
1069 383 1322 440 ’lrepublica
1360 384 1585 436 devexata,

157 443 175 469 ὅ
201 440 417 496 republica
439 441 543 481 bene
571 440 757 495 gerenda
777 454 923 482 cursus
954 440 1007 482 ad
1040 441 1235 497 gloriam.
1300 440 1409 482 Haec
1441 456 1586 483 amore

153 499 291 552 magis
314 497 518 552 impulsus
541 497 765 538 scribenda
787 497 838 538 ad
864 506 904 538 te
923 499 1083 553 putavi,
1106 512 1234 553 quam
1251 512 1337 553 quo
1359 498 1587 540 arbitrarer

154 563 195 592 te
220 554 391 594 monitis
414 561 455 594 et
477 554 706 609 praeceptis
728 568 867 611 egere.
928 554 1125 597 Sciebam
1143 556 1273 606 enim,
1295 569 1348 596 ex
1369 555 1519 596 iisdem
1545 565 1587 596 te

153 608 246 651 haec
283 610 449 651 haurire
488 610 697 663 fontibus,
740 627 795 653 ex
830 612 986 667 quibus
1015 612 1104 667 ipse
1141 611 1380 653 hauseram.
1441 612 1587 659 Quare

152 667 326 707 modum
366 666 535 708 faciam.
599 667 727 710 Nunc
764 678 928 709 tantum
967 668 1299 725 significandum
1332 670 1506 725 putavi3
1539 680 1587 711 ut

150 724 292 777 potius
323 738 510 765 amorem
547 725 625 766 tibi
658 725 926 767 ostenderem
964 740 1122 774 meum,
1154 741 1282 781 quam
1323 735 1584 768 ostentarem

150 780 436 834 prudentiam.
499 780 682 833 Interea,
712 797 808 838 quae
846 783 898 823 ad
931 782 1188 839 dignitatem
1226 794 1342 824 tuam
1374 785 1586 839 pertinere

149 837 404 888 arbitrabor,
424 839 613 880 studiose
634 838 948 895 diligenterque
967 841 1142 882 curabo.

666 916 1066 956 ARGUMENTUM.
1594 925 1621 961 4

153 967 302 1004 Gratias
316 971 396 1017 agit
417 969 591 1012 Ciceroni,
611 971 708 1017 quod
724 982 762 1006 se
779 972 827 1006 acl
844 972 1035 1006 verissima:
1050 971 1178 1018 gloriae
1203 973 1362 1007 studium
1386 973 1435 1008 sit
1452 972 1583 1008 adhor-

345 1026 455 1061 tatus,
474 1033 580 1070 seque
599 1023 635 1057 in
654 1023 860 1071 reipublicae
873 1027 1055 1071 potestate
1062 1021 1152 1071 jore
1167 1023 1374 1071 pollicetur.

545 1093 827 1136 PLANCUS
861 1094 1181 1136 CICERONI.

151 1147 566 1203 GRATISSIMAE
601 1162 706 1202 mihi
736 1172 821 1202 tuae
843 1161 995 1203 litterae
1021 1162 1209 1213 fuerunt,
1230 1177 1335 1217 quas
1356 1177 1411 1205 ex
1436 1163 1583 1206 Furnii

148 1233 343 1260 sermone
376 1229 417 1259 te
449 1218 668 1273 scripsisse
690 1222 710 1252 9
727 1218 1025 1259 animadverti.
1087 1218 1182 1274 Ego
1205 1229 1347 1260 autem
1374 1223 1581 1276 praeteriti

147 1277 353 1332 temporis
375 1275 696 1316 excusationem
718 1274 866 1325 affero,
882 1275 997 1330 quod
1014 1284 1054 1315 te
1073 1275 1315 1330 profectum
1337 1277 1551 1319 audieram
1569 1296 1578 1320 ε

146 1348 226 1375 nec
247 1332 383 1373 multo
406 1341 505 1372 ante
527 1331 684 1371 redisse
706 1331 828 1381 scivi,
849 1346 976 1387 quam
1001 1346 1054 1372 ex
1078 1331 1261 1388 epistola
1282 1342 1356 1374 tua
1376 1336 1581 1391 cognovi.

147 1389 323 1431 Nullum
347 1388 461 1430 enim
485 1388 525 1428 in
547 1401 589 1428 te
608 1387 816 1437 officium,
839 1403 891 1429 ne
921 1389 1149 1430 minimum
1167 1389 1356 1444 quidem,
1379 1391 1470 1432 sine
1491 1407 1581 1433 ma-

147 1447 266 1488 xima
300 1446 428 1502 culpa
460 1445 607 1486 videor
634 1459 758 1500 posse
795 1446 1025 1500 praeterire.
1058 1445 1101 1486 in
1133 1461 1218 1501 quo
1250 1448 1409 1489 tuendo
1439 1448 1580 1491 habeo

146 1518 295 1544 causas
314 1503 532 1559 plurimas,
558 1501 627 1542 vel
649 1511 838 1557 paternae
861 1502 1203 1554 necessitudinis,
1221 1503 1284 1544 vel
1309 1519 1414 1546 meae
1434 1520 1460 1547 a
1477 1520 1580 1561 pue-

147 1561 246 1602 ritia
266 1559 568 1609 observantiae,
600 1559 665 1599 vel
700 1559 761 1600 tui
790 1573 893 1615 erga
925 1573 992 1600 me
1029 1560 1167 1600 mutui
1190 1561 1361 1602 amoris.
1423 1562 1584 1616 Quare,

149 1618 206 1658 mi
227 1617 398 1667 Cicero,
419 1615 535 1671 quod
556 1629 652 1657 mea
678 1626 836 1671 tuaque
868 1616 1031 1672 patitur
1053 1629 1171 1668 aetas,
1194 1619 1401 1673 persuade
1423 1619 1518 1672 tibi,
1541 1629 1584 1662 te

147 1688 279 1715 unum
298 1688 404 1724 esse,
430 1673 472 1713 in
495 1686 581 1727 quo
597 1686 679 1728 ego
699 1673 878 1714 colendo
904 1676 940 1703 ¹0
953 1674 1132 1729 patriam
1159 1674 1263 1715 mihi
1283 1676 1580 1719 constituerim

120 1732 434 1775 sanctitatem.
496 1729 656 1770 Omnia
696 1731 829 1784 igitur
863 1739 937 1771 tua
968 1730 1148 1772 consilia
1185 1731 1291 1772 mihi
1325 1746 1412 1773 non
1441 1734 1582 1791 magis

145 1788 385 1844 prudentiae
418 1787 557 1844 plena,
578 1801 676 1842 quae
708 1801 874 1828 summa
904 1798 982 1838 est,
1005 1788 1218 1839 videntur,
1241 1803 1370 1844 quam
1399 1789 1582 1833 fidelita-

144 1846 214 1896 tis,
232 1859 361 1900 quam
381 1859 464 1901 ego
485 1858 540 1885 ex
562 1857 659 1885 mea
678 1844 943 1885 conscientia
959 1844 1128 1886 metior.
1189 1845 1335 1892 Quare
1357 1846 1388 1886 si
1413 1856 1487 1889 aut
1504 1847 1581 1889 ali·
1594 1863 1624 1894 b.

146 1912 211 1943 ter
233 1903 451 1952 sentirem,
472 1911 587 1942 certe
615 1901 854 1942 admonitio
877 1912 951 1943 tua
978 1916 1046 1942 me
1068 1901 1312 1957 reprimere,
1334 1913 1422 1956 aut,
1445 1905 1480 1945 si
1501 1905 1582 1946 du-

146 1959 344 2010 bitarem,
367 1958 557 2000 hortatio
580 1956 796 2013 impellere
831 1969 988 2015 posset,
1022 1969 1069 2000 ut
1096 1959 1139 2000 id
1162 1974 1372 2014 sequerer,
1393 1961 1510 2016 quod
1533 1971 1578 2004 tu

143 2017 357 2073 optimum
393 2027 577 2072 putares.
638 2014 768 2056 Nunc
803 2030 901 2058 vero
929 2016 1033 2071 quid
1055 2025 1134 2065 est,
1155 2017 1272 2071 quod
1295 2031 1362 2057 me
1383 2017 1427 2058 in
1449 2018 1577 2061 aliam

145 2083 310 2128 partem
330 2073 496 2115 trahere
517 2072 681 2128 possit?
713 2072 1013 2128 Quaecumque
1041 2073 1084 2112 in
1121 2087 1188 2113 me
1222 2074 1336 2115 bona
1368 2084 1481 2126 sunt,
1503 2087 1579 2118 aut

144 2130 331 2172 fortunae
355 2129 566 2172 beneficio
589 2129 766 2180 tributa,
802 2139 876 2171 aut
910 2144 1007 2171 meo
1038 2130 1184 2171 labore
1221 2140 1356 2186 parta,
1386 2132 1465 2173 etsi
1488 2149 1513 2174 a
1535 2143 1579 2175 te

143 2198 319 2244 propter
339 2201 528 2229 amorem
552 2186 691 2228 carius
718 2196 817 2228 sunt
846 2188 1083 2229 aestimata:
1117 2195 1260 2228 tamen
1285 2187 1349 2230 vel
1371 2189 1578 2233 inimicis-

184 2304 202 2335 7
222 2310 293 2341 rep.
309 2299 481 2339 devexam]
505 2299 559 2330 Sic
573 2299 700 2329 Victor.
717 2306 751 2330 et
761 2306 838 2340 post

141 2342 303 2374 Gruterus
328 2352 506 2381 eorumque
532 2341 725 2372 imitatores.
755 2342 837 2373 Edd.

140 2395 191 2426 pr.
217 2384 341 2416 habent
370 2383 505 2425 dejecta.
531 2383 613 2414 illud
640 2383 710 2414 sine
738 2384 838 2415 dubio

141 2427 260 2459 melius
273 2431 334 2458 est.
365 2427 427 2457 Sed
441 2427 593 2458 usitatius
608 2431 658 2456 est
670 2426 837 2465 divexata,

114 2508 117 2511 η
141 2474 179 2500 ut
193 2476 228 2501 et
240 2468 394 2500 nonnulli
408 2469 549 2500 edidere.

181 2514 201 2543 8
223 2513 304 2551 reip.
330 2512 406 2543 bene
423 2521 497 2549 ger.
520 2522 635 2543 cursus
648 2522 680 2543 α.
701 2511 754 2551 g.]
781 2512 837 2542 Se-

141 2553 285 2585 cundum
314 2553 400 2585 hanc
428 2554 606 2586 lectionem
633 2563 747 2585 sensus
774 2560 837 2592 est,

139 2603 240 2626 unam
254 2601 386 2627 tantum
403 2596 564 2627 rationem
581 2596 664 2635 reip.
679 2597 762 2627 bene
782 2605 837 2636 ge-

139 2636 248 2668 rendae
261 2647 341 2675 esse,
355 2648 428 2678 quae
442 2638 581 2678 gloriam
594 2638 709 2670 afferre
721 2638 837 2679 possit,

141 2687 258 2720 nempe
272 2680 424 2712 libertate
435 2681 638 2712 defendenda
650 2691 688 2712 ac
704 2681 838 2711 restitu—

140 2720 234 2752 enda.
277 2721 340 2752 Sed
360 2723 387 2752 si
405 2724 440 2753 in
462 2732 580 2762 genere
596 2722 700 2755 voluit
713 2722 833 2760 dicere,

138 2763 227 2801 quod
241 2770 328 2794 certe
342 2765 459 2801 voluit,
475 2775 532 2805 per
553 2765 658 2796 solam
680 2765 762 2805 reip.
777 2765 835 2797 bo·

143 2813 218 2835 nam
245 2806 561 2837 administrationem
598 2806 738 2846 gloriam
766 2807 834 2847 peti

142 2855 252 2886 posse:
277 2846 448 2887 legendum
472 2853 534 2885 est,
549 2850 672 2889 republ.
690 2850 764 2879 bene
776 2858 834 2888 ge-

878 2300 995 2337 renda,
1019 2305 1052 2331 et
1074 2301 1120 2331 sic
1141 2300 1218 2331 alibi
1249 2302 1364 2332 Cicero
1385 2301 1476 2334 dicit.
1519 2303 1578 2334 vi-

879 2342 975 2373 detur
1001 2343 1047 2372 sic
1069 2342 1146 2373 dare
1168 2343 1306 2374 voluisse
1330 2343 1383 2375 ed.
1401 2345 1489 2376 Med.
1504 2355 1579 2385 quae

879 2384 980 2416 habet
993 2394 1062 2424 rep.
1075 2385 1312 2424 benegerendae.
1355 2386 1427 2426 Ego
1443 2397 1518 2418 vero
1532 2388 1578 2419 sic

880 2427 974 2458 edere
990 2436 1057 2457 non
1072 2426 1228 2458 dubitavi.

923 2473 942 2503 9
965 2469 1200 2510 animadverti]
1225 2470 1278 2501 Sic
1291 2470 1356 2500 Ms.
1373 2473 1495 2507 noster,
1511 2470 1577 2502 Gn.

884 2513 912 2541 1.
929 2514 960 2542 2.
975 2517 1009 2542 et
1020 2511 1092 2542 edd.
1107 2516 1242 2543 veteres.
1265 2513 1318 2542 Sic
1333 2521 1461 2551 semper
1475 2513 1578 2543 etiam

880 2553 971 2584 libris
986 2553 1131 2584 nondum
1154 2554 1308 2595 inspectis
1322 2553 1497 2593 legendum
1516 2564 1577 2594 pu-

878 2595 961 2632 tavi,
981 2594 1150 2627 latinitate
1171 2595 1371 2637 postulante.
1414 2595 1576 2627 Animad-

879 2642 968 2668 verto
993 2638 1126 2678 irrepsit
1153 2648 1262 2668 errore
1290 2639 1326 2668 in
1352 2636 1404 2667 ed.
1428 2637 1576 2676 Gruteri,

881 2690 940 2711 nec
962 2680 1128 2711 Gronovio
1151 2689 1211 2710 nec
1233 2679 1361 2710 Graevio
1375 2680 1579 2711 animadver-

876 2731 963 2758 sum,
980 2722 1014 2752 in
1029 2724 1121 2761 cujus
1135 2730 1203 2752 var.
1221 2721 1296 2751 lect,
1313 2720 1397 2752 nihil
1412 2726 1578 2754 notatum.

922 2766 960 2794 10
977 2765 1127 2803 patria-m
1151 2762 1375 2804 sathitdtem]
1408 2771 1440 2794 v.
1470 2764 1579 2797 Clavis

878 2806 912 2838 in
928 2805 1082 2836 Patrius.
