1860 3228
254 100 327 135 194
620 93 800 132 EPIST.
826 92 1013 132 LIBER
1038 92 1308 139 OCTAVUS

249 198 357 240 mihi
379 213 466 240 non
487 198 673 240 dedisset
695 211 780 247 eaS,
802 211 899 252 quae
921 197 973 238 ad
997 196 1118 239 ludos
1148 197 1186 238 ei
1209 196 1400 238 advectae
1421 202 1542 236 erant
1563 192 1680 235 Afri-

250 269 387 307 canae,
421 256 564 312 potuit
595 253 872 311 supersederi.
934 253 1077 304 Nunc,
1111 254 1334 308 98quando
1374 253 1474 294 dare
1512 265 1681 292 necesse

251 322 331 363 est,
354 313 478 354 velim
513 313 588 354 tibi
622 325 736 353 curae
768 311 836 360 sit,
858 309 972 364 quod
1005 326 1029 350 a
1051 320 1092 351 te
1115 325 1280 366 semper
1311 309 1429 365 petii,
1453 316 1500 349 ut
1522 307 1682 362 aliquid

255 369 382 410 istinc
405 370 635 411 bestiarum
660 368 906 407 habeamus.
958 366 1271 422 Sittianamque
1293 365 1580 422 syngrapham
1602 363 1682 415 tibi

123 435 244 473 p.119.
257 427 526 467 commendo.
592 425 809 466 Libertum
848 422 1071 463 Philonem
1103 424 1213 464 istuc
1242 424 1353 474 misi,
1375 432 1418 462 et
1441 421 1684 476 Diogenem

213 482 477 533 2·G1·aecum‚
498 483 653 537 quibus
685 479 885 520 mandata
914 488 958 519 et
985 479 1146 520 litteras
1174 480 1227 521 ad
1251 490 1291 521 te
1312 480 1424 521 dedi.
1445 493 1517 519 eos
1540 477 1619 518 tibi
1642 486 1686 517 et

256 553 361 591 rem,
382 541 434 581 de
455 555 540 594 qua
562 537 672 588 misi,
695 536 820 576 velim
842 549 957 576 curae
978 535 1152 576 habeas.
1175 551 1286 586 nam,
1307 551 1434 592 quam
1459 535 1683 576 vehemen-

257 605 322 638 ter
342 597 393 638 ad
418 610 485 637 me
516 595 740 651 pertineat,
761 592 857 632 99in
892 592 958 642 iis,
980 606 1084 647 quas
1113 592 1193 632 tibi
1229 592 1286 633 illi
1322 593 1513 643 reddent,
1534 590 1685 632 litteris

257 653 477 709 descripsi.

219 707 247 748 9
775 705 1177 743 ARGUMENTUM.

262 772 452 808 Gloriatur
479 771 618 807 aedilem
645 781 681 804 se
708 770 963 814 designatum:
1009 766 1163 802 Hirrum
1188 767 1395 814 repulsum.-
1425 769 1468 803 de
1495 780 1568 816 rep.
1596 766 1691 803 nihil

309 830 429 860 actum
448 839 460 859 .·
494 822 674 857 Feridium
693 820 917 856 commendat
928 833 940 859 ,·
965 819 1007 854 cle
1026 819 1192 866 Pompeii
1209 823 1244 854 et
1263 817 1444 866 Scipionis
1462 821 1498 855 in
1519 820 1691 855 Caesarem

316 878 436 911 animo
466 875 583 912 addit,
605 877 639 907 et
668 873 710 907 de
741 870 884 907 Calidio
916 872 952 906 in
981 869 1185 919 defensione
1222 871 1367 910 diserto,
1398 873 1435 906 in
1466 873 1691 908 accusatione

306 927 467 977 frigidm

642 987 885 1032 COELIUS
919 987 1240 1039 CICERONI,
1272 990 1317 1030 S.

261 1053 366 1113 SIC
401 1073 462 1112 tu,
484 1060 641 1115 inquis,
675 1058 854 1099 Hirrum
890 1058 1111 1099 tractasti?
1174 1056 1327 1108 Immo,
1351 1057 1383 1097 si
1419 1057 1541 1107 scias,
1563 1071 1693 1112 quarn

261 1120 400 1169 facile,
423 1119 549 1173 quain
574 1130 626 1156 ne
648 1114 939 1156 contentionis
962 1114 1132 1168 quidem
1157 1115 1345 1154 minimae
1371 1114 1512 1165 fuerit,
1538 1114 1694 1169 pudeat

262 1188 317 1228 te,
341 1190 490 1217 ausum
525 1173 642 1214 illum
680 1186 879 1226 umquam
914 1185 1003 1211 esse
1038 1171 1233 1212 incedere
1262 1174 1318 1201 ¹0⁰
1332 1180 1548 1225 tamquam
1573 1180 1694 1211 tuum

261 1232 603 1290 competitorem.
668 1229 773 1269 Post
802 1228 1008 1281 repulsam
1037 1243 1133 1268 vero
1158 1228 1264 1268 risus
1288 1228 1418 1269 facit:
1451 1228 1586 1268 civem
1622 1228 1698 1268 bo-

262 1305 364 1331 num
400 1288 523 1337 ludit,
558 1296 601 1327 et
635 1295 786 1326 contra
825 1283 1037 1324 Caesarem
1076 1285 1336 1325 lsententias
1374 1285 1504 1326 dicit:
1543 1298 1696 1340 exspe-

263 1349 495 1388 ctationem
539 1344 741 1399 corripit:
787 1341 1019 1381 Curionem
1063 1356 1232 1396 prorsus
1264 1347 1381 1382 ΞΗΟΠ
1424 1342 1698 1382 mediocriter

263 1405 482 1459 objurgat,
505 1400 584 1441 hac
608 1400 773 1455 repulsa
796 1413 838 1438 se
871 1398 1068 1438 mutavit.
1133 1398 1344 1439 Praeterca
1365 1399 1436 1453 qui
1463 1411 1696 1453 numquam

266 1462 306 1500 in
344 1461 438 1500 foro
471 1457 729 1513 apparuerit,
765 1469 847 1495 non
889 1454 1070 1494 multum
1112 1455 1152 1494 in
1187 1455 1364 1509 judiciis
1400 1465 1587 1496 versatus
1626 1455 1696 1505 sit,

263 1517 355 1570 agit
377 1529 524 1556 causas
561 1513 776 1553 liberales:
807 1512 911 1551 ³sed
947 1524 1040 1551 raro
1074 1522 1169 1566 post
1205 1511 1437 1552 meridiem.
1501 1511 1568 1552 De
1602 1525 1700 1567 pro·

264 1567 432 1621 vinciis,
455 1570 567 1625 quod
605 1569 683 1609 tibi
715 1572 982 1622 scripseram,
1008 1566 1154 1608 [dibus
1188 1568 1342 1608 Sextii.
1366 1577 1506 1608 actum
1546 1568 1611 1618 iri,
1635 1568 1699 1609 in-

268 1626 691 1685 tei'pellatjudicium
716 1624 928 1675 Marcelli,
951 1624 1135 1664 consulis
1159 1624 1386 1680 designati.
1441 1624 1489 1665 I'n
1518 1624 1699 1666 Kalend.

266 1691 287 1718 4
312 1687 469 1740 rejecta
491 1698 549 1733 re,
568 1697 620 1723 ne
643 1682 927 1737 frequentiam
947 1681 1118 1735 quidem
1141 1682 1309 1722 efficere
1332 1691 1577 1736 potuerunt.
1608 1680 1700 1723 Has

268 1743 430 1784 litteras
453 1756 490 1781 a.
514 1741 555 1781 d.
578 1753 642 1780 1v.
667 1739 782 1779 Non.
807 1738 1047 1793 Septembr.
1071 1739 1182 1788 dedi,
1205 1753 1301 1780 eum
1324 1739 1374 1779 ad
1398 1752 1490 1779 eam
1513 1739 1627 1779 diem
1649 1752 1702 1779 ne

269 1800 550 1856 profligatum
572 1797 744 1852 quidem
768 1795 1001 1850 quidquam
1035 1805 1138 1835 erat.
1201 1795 1260 1836 Ut
1283 1795 1422 1846 video,
1447 1810 1576 1837 causa
1606 1795 1701 1837 haec

269 1858 438 1913 integra
468 1855 510 1894 in
543 1853 789 1909 proximum
812 1865 969 1892 annum
997 1851 1270 1892 transferetur
1289 1867 1386 1901 zet,
1409 1862 1616 1907 quantum
1638 1852 1703 1893 di-

271 1915 387 1965 vino,
426 1909 754 1965 5relinquendus
798 1908 876 1948 tibi
926 1909 1021 1959 erit,
1063 1910 1134 1963 qui
1187 1910 1452 1964 provinciam
1494 1910 1702 1950 obtineat.

272 1971 387 2012 Nam
421 1983 504 2009 non
539 1966 768 2023 expeditur
802 1966 1027 2015 successio,
1057 1979 1189 2019 quum
1223 1965 1392 2016 Galliae,
1413 1981 1510 2021 quae
1543 1966 1705 2008 habent

272 2028 610 2074 intercessorem,
632 2024 675 2063 in
710 2022 888 2063 eandem
925 2022 1233 2073 conditionem,
1255 2037 1383 2078 quam
1419 2032 1571 2065 ceterae
1607 2038 1704 2080 pro-

276 2084 443 2134 vinciee,
478 2088 700 2123 vocantur.
764 2078 863 2120 Hoc
903 2079 1006 2119 mihi
1047 2093 1132 2120 non
1166 2090 1231 2120 est
1270 2079 1465 2121 dubium.
1497 2095 1584 2136 quo
1624 2080 1704 2121 tibi

314 2237 354 2269 98
378 2233 506 2274 quando
521 2231 600 2261 dare
616 2240 736 2260 necesse
751 2229 809 2269 cst]
829 2230 891 2260 int.
910 2230 970 2259 mi-
1015 2229 1093 2268 rigi:
1118 2230 1196 2260 adeo
1212 2230 1261 2261 vel
1283 2231 1332 2260 ita
1354 2233 1416 2262 hac
1436 2233 1569 2272 repulsa
1589 2241 1621 2262 se
1635 2240 1705 2263 mu-

273 2275 322 2312 hi,
334 2281 371 2306 ut
387 2275 485 2311 aedili,
499 2283 630 2303 munus.
645 2272 772 2312 quando
785 2278 833 2303 est
847 2282 885 2302 ex
898 2271 970 2302 edd.
1015 2272 1107 2302 tavit.

274 2328 322 2359 pr.
338 2319 401 2349 Ms.
418 2316 511 2346 Gorl.
529 2326 561 2346 ει
578 2316 641 2344 Gu.
1057 2316 1076 2344 3
1098 2315 1153 2344 sed
1166 2324 1244 2345 raro
1254 2319 1325 2354 post
1346 2314 1529 2354 meridiem]
1555 2316 1623 2347 Cur
1644 2314 1704 2346 hoc

315 2365 357 2395 99
377 2361 411 2390 in
428 2359 467 2388 iis
483 2359 601 2387 litteris
622 2356 786 2395 descripsi]
813 2356 896 2386 Mire
920 2356 971 2386 de·
1015 2355 1188 2387 additum?
1213 2366 1267 2393 an,
1285 2357 1361 2396 quia
1382 2357 1515 2388 meridie
1538 2361 1572 2387 et
1594 2356 1632 2388 de
1654 2356 1705 2388 die

274 2403 386 2442 scripsi
402 2402 435 2432 in
450 2400 509 2429 tali
526 2410 569 2430 re.
617 2398 707 2428 corr.
725 2399 770 2427 ad
783 2402 813 2428 te
825 2400 948 2438 sev-ipsi.
1013 2398 1208 2438 epulabatur
1223 2399 1348 2430 assidue
1362 2399 1373 2429 ?

322 2446 379 2474 100
401 2448 572 2481 tamquam
599 2444 625 2470 t.
652 2439 770 2479 comp]
801 2439 838 2470 In
869 2450 971 2480 augu-
1055 2443 1076 2470 4
1098 2439 1219 2480 rejecta
1245 2450 1293 2477 re,
1317 2451 1356 2470 ne
1367 2439 1424 2479 fr.
1450 2438 1523 2478 δια]
1550 2439 1603 2470 Sic.
1625 2440 1705 2472 benc

276 2490 349 2517 ratu
365 2495 409 2516 sc.
426 2495 454 2513 v.
471 2494 521 2523 ep.
538 2486 569 2513 4.
1015 2481 1160 2512 Graevius
1178 2492 1236 2522 pro
1249 2482 1336 2521 vulg.
1353 2481 1521 2522 rejectum.
1537 2481 1592 2512 sed
1605 2484 1705 2514 etiam

322 2531 333 2558 1
357 2527 533 2558 sententias
555 2524 647 2563 dicit]
672 2525 725 2554 An
749 2523 824 2562 quia
852 2533 971 2563 praece-
1021 2524 1168 2554 Consules
1179 2524 1375 2560 addendum,
1387 2534 1452 2554 non
1468 2522 1592 2554 dubito.
1609 2523 1706 2555 Forte

273 2567 324 2600 dit
352 2570 448 2606 ladit,
478 2567 528 2598 his
558 2566 660 2597 verbis
690 2565 808 2596 alludit
843 2565 882 2595 ad
911 2566 973 2596 Te-

276 2612 374 2642 rentii
397 2609 514 2642 verba:
539 2609 714 2639 sententia>-
737 2607 879 2647 quuitur
901 2617 974 2638 car-

278 2653 399 2692 nffex?

317 2699 337 2727 2
359 2705 421 2725 non
436 2694 519 2724 med.
535 2691 702 2733 objurgat]
731 2690 888 2721 Libenter
909 2692 970 2722 hoc

276 2737 405 2777 praetuli
423 2735 518 2767 alteri
532 2734 665 2766 lectioni
681 2732 886 2774 objurgatus,
898 2743 971 2772 quae

274 2778 382 2809 aliena
396 2783 456 2809 est.
500 2778 532 2808 Si
550 2777 672 2815 reliqua
687 2785 755 2806 non
772 2785 829 2815 pro
850 2785 971 2815 appen-

275 2820 344 2851 dice
360 2820 497 2852 insititia
513 2819 741 2861 repudiantur,
760 2818 885 2858 possint
900 2827 971 2849 cor-

1015 2565 1114 2595 latuit
1137 2566 1169 2596 id
1187 2565 1269 2597 Coss.
1284 2566 1318 2596 in
1332 2567 1429 2596 verbo
1451 2569 1508 2601 est,
1523 2566 1608 2604 quod
1631 2567 1707 2598 libri

1016 2607 1124 2647 plures
1153 2607 1287 2644 habent,
1314 2612 1353 2638 ut
1381 2608 1469 2638 Gorl.
1498 2605 1621 2647 rejecta
1648 2613 1706 2640 est.

1017 2659 1093 2679 nam
1122 2649 1304 2680 Consulum
1332 2650 1461 2689 quidem
1490 2650 1627 2681 verbum
1652 2650 1705 2682 hic

1014 2691 1229 2732 necessarium
1244 2697 1304 2723 est.

1057 2735 1074 2763 5
1102 2735 1162 2764 rel.
1193 2733 1264 2773 tibi]
1303 2734 1504 2766 Auctoritati
1538 2738 1621 2772 tuae,
1649 2742 1708 2776 per

1014 2785 1111 2815 quam
1127 2785 1175 2807 res
1190 2775 1395 2808 decernatur.
