1903 3218
397 87 476 127 AD
500 87 557 125 M.
584 84 926 125 VARRONEM
952 85 1027 124 ET
1051 86 1331 128 CETEROS.
1507 94 1586 135 21¹7

157 191 411 243 delectabat,
441 196 589 248 erepta
616 189 723 231 mihi
754 189 893 230 omnis
930 196 1008 230 est.
1070 188 1338 232 Fir-mitatem
1370 199 1513 234 tamen
1545 203 1589 236 et

159 250 460 300 constantiam,
482 250 516 289 si
548 247 675 289 modo
706 245 790 287 fuit
820 245 1049 301 aliquando
1081 247 1125 287 in
1152 248 1292 298 nobis,
1316 250 1494 290 eandem
1516 265 1589 291 co-

159 319 353 363 gnosces,
372 320 499 362 quam
520 303 741 359 reliquisti.
775 302 904 350 Quod
924 303 1090 354 scribis,
1115 303 1268 359 proelia
1290 314 1332 346 te
1351 320 1445 346 inea
1463 321 1590 347 causa

163 365 392 406 sustinere:
424 366 464 394 43
479 376 564 404 non
587 370 675 402 tam
697 360 736 401 id
762 359 924 411 laboro,
947 369 1009 410 ut,
1032 361 1066 401 si
1089 360 1160 415 qui
1193 360 1300 402 mihi
1331 363 1590 414 obtrectent,

161 436 186 462 a
209 431 248 462 te
269 420 536 473 refutentur3
567 431 695 473 quam
727 417 909 473 intelligi
940 418 1085 472 cupio,
1107 417 1221 473 quod
1249 427 1364 460 certe
1387 420 1590 476 intelligi-

163 487 246 530 tur,
273 493 341 518 me
371 494 396 519 a
425 486 466 517 te
496 475 643 516 amari.
667 475 781 529 quod
813 485 860 515 ut
890 474 1037 526 facias,
1069 484 1111 515 te
1141 475 1271 515 etiam
1301 486 1430 531 atque
1460 477 1590 517 etiam

160 550 292 591 rogo:
325 535 606 589 ignoscasque
629 532 828 573 brevitati
851 531 1087 573 litterarum
1110 546 1315 574 mearum.
1338 548 1435 574 nam
1457 543 1501 573 et
1521 548 1589 574 ce-
1601 550 1633 579 p.
1654 542 1723 572 132.

160 592 302 633 leriter
334 606 418 632 una
450 589 616 630 futuros
650 604 726 630 nos
759 588 956 640 arbitror,
978 598 1022 630 et
1048 589 1239 630 nondum
1261 590 1363 630 satis
1383 593 1424 621 44
1436 590 1591 632 confir·
1603 592 1632 612 a.

162 658 302 691 matus
324 662 415 688 sum
438 647 489 688 ad
513 646 800 688 scribendum.

673 734 1077 772 ARGUMENTUM.
1612 744 1663 779 12

162 800 366 837 Dolabellae
382 799 594 848 gratulatur
612 800 655 835 de
685 799 859 835 Baiarum
876 797 1105 840 salubritate,
1127 801 1161 833 et
1181 798 1379 834 orationem
1396 811 1463 847 pro
1483 799 1598 837 Deio-

764 855 844 886 taro
862 851 990 886 mittit.

547 915 782 958 CICERO
816 915 1220 959 DOLABELLAE.

166 973 520 1027 GRATULOR
543 984 661 1026 Baiis
692 985 874 1037 nostris;
906 984 1132 1040 siquidem,
1155 993 1201 1025 ut
1223 985 1388 1036 scribis,
1412 984 1598 1028 salubres

162 1053 338 1099 repente
369 1042 495 1084 factae
528 1051 650 1084 sunt:
683 1043 764 1083 nisi
796 1041 908 1083 forte
939 1052 980 1082 te
1010 1050 1170 1093 amant,
1191 1051 1234 1082 et
1266 1042 1345 1084 tibi
1381 1054 1601 1085 assentan-

165 1111 248 1151 tur‚
269 1111 313 1141 et
336 1100 514 1150 tamdiu,
536 1099 637 1140 dum
669 1108 714 1140 tu
748 1099 862 1151 ades,
886 1108 984 1140 sunt
1015 1099 1163 1140 oblitae
1200 1098 1280 1142 sui.
1342 1100 1472 1147 Quod
1505 1101 1600 1156 qui-

166 1157 262 1198 dem
297 1157 329 1198 si
365 1157 425 1198 ita
460 1165 537 1207 est,
562 1156 738 1198 minime
769 1156 915 1207 miror,
937 1155 1090 1197 caelum
1123 1156 1252 1197 etiam
1286 1166 1329 1198 et
1359 1167 1490 1198 terras
1514 1158 1599 1198 vim

167 1229 301 1265 suam,
324 1214 357 1255 si
391 1214 470 1255 tibi
505 1214 566 1254 ita
594 1213 838 1264 conveniat,
869 1213 1101 1253 dimittere.
1162 1212 1489 1256 Oratiunculam
1524 1229 1600 1270 pro

170 1270 392 1322 Deiotaro,
425 1285 553 1325 quam
592 1270 851 1325 requirebaS‚
888 1270 1101 1310 habebam
1139 1284 1324 1321 mecum,
1360 1271 1476 1325 quod
1513 1286 1601 1313 non

166 1337 378 1384 putaram.
440 1326 592 1382 Itaque
626 1341 720 1367 eam
754 1326 833 1367 tibi
867 1326 979 1368 misi.
1001 1341 1127 1381 quam
1155 1326 1278 1368 velim
1313 1327 1374 1368 sic
1399 1327 1531 1383 legaS,
1553 1338 1602 1370 ut

166 1399 337 1426 causam
378 1395 548 1424 tenuem
586 1393 630 1425 et
667 1383 856 1440 inopem,
891 1397 968 1425 nec
1007 1384 1241 1439 scriptione
1277 1398 1435 1440 magno
1471 1399 1600 1440 opere

165 1442 358 1498 dignam.
420 1440 501 1482 Sed
536 1455 619 1496 ego
657 1440 819 1497 hospiti
859 1441 991 1482 veteri
1033 1451 1077 1481 et
1117 1441 1258 1482 amico
1299 1443 1602 1484 munusculum

166 1499 337 1540 mittere
361 1498 472 1539 volui
504 1497 733 1549 levidense,
761 1512 903 1539 crasso
935 1497 1022 1548 filo,
1043 1500 1083 1529 45
1097 1498 1340 1553 cujusmodi
1372 1499 1504 1554 ipsius
1536 1514 1604 1540 so-

168 1555 257 1597 lent
289 1569 379 1596 esse
411 1569 602 1601 munera.
663 1554 727 1595 Tu
751 1554 878 1595 velim
911 1554 1055 1595 animo
1089 1555 1270 1611 sapienti
1301 1555 1489 1611 fortique
1523 1557 1607 1609 sis3

169 1623 218 1653 ut
240 1622 312 1654 tua
335 1611 571 1653 moderatio
594 1620 637 1653 et
659 1612 847 1668 gravitas
869 1611 1049 1653 aliorum
1072 1612 1254 1653 infamet
1275 1612 1492 1668 injuriam.

683 1700 1088 1739 ARGUMENTUM.
1626 1699 1673 1744 13

168 1762 291 1812 Rogat
308 1768 349 1800 ut
368 1763 542 1800 Suberino
569 1768 604 1799 et
624 1760 760 1800 Planio
787 1765 943 1800 reditum
972 1766 1010 1800 in
1036 1764 1200 1812 patriam
1217 1777 1240 1800 a
1263 1764 1402 1801 Coesare
1428 1767 1609 1815 impetret,

219 1827 346 1865 eosque
365 1818 420 1852 ita
437 1820 592 1856 excusat,
613 1820 655 1852 ut
672 1818 852 1859 ostendat,
874 1828 957 1853 casu
984 1817 1141 1864 quodam
1169 1821 1204 1852 et
1231 1819 1442 1854 necessitate
1468 1823 1610 1855 coactos

222 1869 389 1917 Pompeii
402 1873 528 1917 partes
546 1869 584 1904 in
602 1868 787 1916 Hispania
805 1874 942 1905 secutos
960 1880 1043 1905 esse.

524 1932 760 1978 CICERO
794 1934 1184 1978 DOLABELLAE
1217 1935 1261 1977 S.

171 1991 360 2045 CAIUS
405 2002 640 2045 Suberinus
684 2003 885 2056 Calenus,
928 2014 971 2045 et
1014 2018 1133 2044 meus
1184 2012 1248 2044 est
1291 2002 1528 2056 familiaris,
1569 2014 1612 2046 et

173 2060 322 2116 Leptae
358 2060 493 2101 nostri
526 2060 850 2102 familiarissimi
883 2060 1237 2118 pernecessarius.
1261 2060 1295 2101 is
1328 2076 1426 2102 cum
1449 2062 1614 2104 vitandi

172 2118 272 2159 belli
301 2132 430 2159 causa
462 2117 682 2174 profectus
704 2128 816 2160 esset
845 2119 888 2159 in
925 2117 1182 2174 Hispaniam
1206 2132 1305 2158 cum
1331 2118 1399 2159 M.
1422 2118 1615 2177 Varrone

175 2184 274 2216 ante
313 2174 487 2226 bellum,
520 2184 568 2216 ut
601 2176 645 2216 in
681 2189 731 2217 ea
768 2176 992 2232 provincia
1023 2184 1148 2226 esset,
1180 2175 1223 2215 in
1255 2190 1341 2230 qua
1377 2190 1503 2217 nemo
1538 2192 1615 2218 no-

175 2231 327 2282 strum,
355 2243 452 2287 post
485 2230 713 2273 Afranium
751 2242 1012 2288 superatum,
1051 2231 1206 2273 bellum
1243 2233 1375 2274 ullum
1412 2233 1504 2274 fore
1536 2249 1615 2290 pu-

176 2297 312 2330 tarat:
337 2287 491 2330 incidit
513 2289 557 2329 in
580 2304 630 2329 ea
654 2290 747 2345 ipsa
768 2289 893 2341 mala,
916 2305 1012 2345 quae
1034 2304 1201 2330 summo
1224 2290 1366 2331 studio
1389 2291 1613 2332 vitaverat.

175 2345 417 2403 Oppressus
440 2354 504 2386 est
525 2347 641 2387 enim
666 2346 774 2388 bello
798 2348 1022 2403 repentino
1045 2364 1053 2389 :
1085 2347 1201 2402 quod
1234 2347 1390 2388 bellum
1422 2363 1614 2389 commo-

172 2410 266 2444 tum
289 2418 313 2443 a
339 2402 538 2459 Scapula,
562 2404 622 2444 ita
657 2413 807 2459 postea
840 2404 1142 2445 confirmatum
1174 2414 1238 2445 est
1260 2420 1284 2446 a
1319 2405 1545 2461 Pompeio,
1569 2415 1615 2446 ut

173 2460 289 2502 nulla
311 2460 477 2501 ratione
500 2475 544 2502 se
565 2461 620 2501 ab
642 2462 713 2502 illa
734 2462 905 2502 miseria
925 2463 1089 2518 eripere
1111 2471 1270 2518 posset.
1303 2461 1465 2503 Eadem
1487 2476 1616 2503 causa

214 2585 257 2614 43
278 2593 342 2614 non
361 2588 432 2615 tam
456 2585 493 2615 id
513 2585 634 2623 laboro,
656 2585 708 2626 ut]
730 2586 804 2617 Scio
826 2587 873 2617 sic
918 2596 991 2617 meo
1014 2590 1066 2617 est
1085 2597 1105 2617 a
1125 2595 1172 2617 m.
1187 2595 1251 2616 sec.
1265 2586 1389 2617 habent
1410 2585 1521 2616 Gu.·l.
1537 2584 1611 2615 edd.

176 2629 212 2656 et
225 2625 301 2656 alibi
316 2626 349 2656 in
376 2627 436 2657 hac
460 2627 568 2658 forma
588 2628 624 2658 id
638 2628 688 2658 vel
703 2630 760 2658 hoc
774 2628 847 2659 addi
864 2640 871 2659 ε
917 2629 1006 2660 Med.
1020 2629 1117 2660 Rom.
1131 2629 1215 2659 Ven.
1236 2631 1325 2663 1471.
1341 2628 1397 2658 sed
1416 2627 1549 2658 diversis
1564 2627 1612 2659 lo-

177 2666 234 2697 sed
256 2671 380 2706 tamen,
406 2669 482 2708 quia
509 2679 576 2700 non
599 2671 748 2710 sequitur
774 2680 875 2710 quam
917 2671 975 2702 cis.

175 2713 225 2746 ut,
249 2709 304 2739 sed
331 2720 431 2750 quam
459 2712 602 2751 intelligi
620 2714 702 2750 volo,
728 2717 811 2754 puto
839 2713 873 2744 id
957 2716 998 2744 45
1020 2713 1202 2753 cujusmodi
1224 2715 1324 2754 ipsius
1345 2713 1446 2743 solent
1464 2711 1543 2752 esse]
1568 2721 1614 2743 se.

177 2750 293 2781 melius
308 2751 429 2786 abesse,
915 2756 1079 2793 Deiotari,
1095 2766 1194 2795 quem
1216 2762 1252 2788 et
1271 2755 1348 2788 alibi
1372 2759 1410 2785 ut
1436 2763 1553 2795 parum
1575 2754 1614 2785 li-

219 2795 261 2823 44
285 2794 497 2834 confirmatus
522 2796 610 2836 sum]
640 2797 756 2829 Addidi
784 2807 873 2834 sum,
915 2798 1060 2830 beralem
1076 2802 1185 2829 notat.

177 2833 264 2873 quod
280 2839 313 2866 et
326 2836 472 2868 Graevius
487 2838 588 2870 tacite
602 2839 716 2872 edidit.
752 2838 792 2870 In
807 2839 872 2872 Ms.
