1817 3196
464 105 546 143 AD
571 80 808 143 APPmM
833 102 1190 142 PULCHRUM.
1494 106 1547 156 ⁵⁰

109 207 361 252 liberarem:
391 218 434 251 et
455 209 581 251 simul
603 216 802 265 peracute
823 208 1070 263 querebare,
1099 206 1213 262 quod
1236 219 1309 246 eos
1328 206 1369 236 22
1382 205 1545 249 tributa

109 268 284 323 exigere
308 276 491 308 vetarem
516 267 647 322 priuS,
675 280 803 321 quam
823 279 920 321 eg0,
943 279 986 306 re
1016 265 1208 320 cognita,
1242 262 1542 318 permisissem.

111 337 246 378 genus
275 325 388 365 enim
420 323 636 380 quoddam
673 323 802 364 fuisse
839 322 1115 378 impediendi,
1144 335 1240 362 cum
1279 334 1360 374 ego
1380 333 1544 373 cogno-

111 394 227 421 scere
248 395 332 422 non
360 396 540 437 possem,
565 380 644 422 nisi
663 395 759 422 cum
785 380 837 420 ad
866 380 1048 420 hiemem
1080 392 1148 419 me
1178 392 1232 418 ex
1254 376 1409 418 Cilicia
1429 390 1544 417 rece-

110 437 282 491 pissem.
341 439 408 480 Ad
429 439 574 479 omnia
605 437 774 493 accipe:
809 446 853 477 et
881 450 1096 492 cognosce
1126 435 1374 490 aequitatem
1409 446 1546 489 expo-

109 494 350 537 stulationis
371 506 471 537 tuae.
531 495 741 546 Primum,
763 509 861 535 eum
897 496 948 534 ad
988 508 1054 534 me
1086 493 1249 533 aditum
1269 500 1380 531 esset
1401 491 1456 530 ab
1478 491 1545 542 iis,

108 552 181 605 qui
215 552 420 604 dicerent,
449 568 474 594 a
512 567 555 594 se
589 551 874 594 intolerabilia
904 552 1067 592 tributa
1088 550 1227 606 exigi:
1259 548 1362 604 quid
1392 547 1546 588 habuit

107 607 362 663 iniquitatis,
389 625 457 651 me
493 610 691 660 seribere,
714 624 767 649 ne
806 608 995 649 facerent
1025 618 1138 658 ante,
1174 621 1303 662 quam
1336 619 1418 661 ego
1454 618 1544 645 rein

104 677 362 722 causamque
382 681 637 723 cognossem
655 670 668 709 ?
701 666 800 707 Non
819 676 1027 721 poteram,
1048 665 1192 713 eredo,
1221 674 1320 704 ante
1343 662 1541 703 hiemem.
1555 669 1587 701 h.

104 721 168 762 sic
188 724 301 764 enim
327 726 492 766 scribis.
553 725 688 771 Quasi
723 737 822 764 vero
853 723 903 763 ad
928 721 1276 778 cognoscendum
1313 734 1396 776 ego
1418 719 1470 760 ad
1494 719 1545 759 il-

105 777 182 830 los,
204 795 290 822 non
320 781 380 822 illi
415 782 469 823 ad
502 797 570 823 me
603 782 747 822 venire
769 780 1010 821 debuerint.
1069 779 1177 820 Tam
1200 779 1354 834 longe?
1386 776 1544 832 inquis·

107 836 257 881 Quid?
287 854 386 880 eum
423 839 554 880 dabas
580 839 631 880 iis
667 839 844 889 litteras,
874 852 948 893 per
969 852 1074 893 quas
1104 851 1271 877 mecum
1292 835 1466 891 agebaS,
1489 847 1544 875 ne

102 906 176 933 eos
209 896 477 952 impedirem,
507 911 593 952 quo
626 897 766 936 minus
802 904 901 936 ante
923 895 1108 935 hiemem
1143 894 1422 943 aedificarent,
1456 905 1545 932 non

106 962 179 991 eos
207 952 260 993 ad
295 968 364 994 nie
396 963 596 995 venturos
629 953 920 994 arbitrabare?
951 952 1140 993 Tametsi
1163 951 1206 992 id
1228 950 1402 1006 quidem
1430 948 1546 990 fece-

106 1018 207 1048 runt
230 1009 421 1051 ridicule.
440 1026 545 1065 quas
578 1012 694 1052 enim
727 1011 889 1051 litteras
913 1009 1165 1059 afferebant,
1195 1020 1241 1048 ut
1262 1022 1371 1064 opus
1395 1016 1547 1048 aestate

96 1061 248 1107 *facere
280 1076 470 1122 possent,
498 1083 568 1108 eas
601 1068 708 1108 mihi
747 1077 846 1123 post
883 1069 1077 1107 brumam
1110 1065 1400 1107 reddiderunt.
1460 1061 1546 1105 Sed

100 1122 228 1174 scito,
250 1133 294 1164 et
314 1125 450 1166 multo
475 1125 612 1180 plures
645 1139 749 1176 esse,
783 1125 856 1179 qui
885 1125 938 1166 de
969 1123 1142 1166 tributis
1173 1131 1383 1173 recusent,
1411 1135 1544 1177 quam

102 1179 179 1232 qui
212 1181 331 1236 exigi
371 1182 529 1234 velint3
574 1192 618 1223 et
650 1196 718 1222 me
752 1190 910 1232 tamen,
932 1182 1047 1237 quod
1082 1192 1124 1222 te
1157 1180 1262 1220 velle
1283 1180 1548 1230 existimem,

103 1246 196 1276 esse
218 1238 449 1279 facturum.
509 1238 578 1279 De
604 1238 816 1294 Appianis
840 1238 1060 1280 hacteuus.
1119 1237 1159 1278 A
1184 1237 1412 1287 Pausania,
1435 1236 1548 1277 Len-

104 1292 184 1333 tuli
206 1294 375 1345 liberto,
397 1309 577 1337 accenso
599 1309 711 1346 meo,
733 1295 894 1346 audivi,
915 1311 1013 1338 cum
1033 1296 1209 1346 diceret,
1233 1303 1274 1334 te
1295 1308 1439 1335 secum
1457 1305 1549 1334 esse

104 1362 320 1405 questum,
342 1353 457 1407 quod
492 1353 571 1393 tibi
607 1354 781 1394 obviam
815 1368 902 1394 non
936 1354 1186 1410 prodissem.
1248 1351 1424 1392 Scilicet
1444 1364 1551 1391 con-

102 1408 232 1450 ›temsi
256 1417 322 1452 te:
355 1423 434 1451 nec
467 1418 612 1465 potest
645 1410 736 1450 fieri
770 1424 838 1450 me
867 1412 1102 1466 quidquam
1134 1409 1373 1465 superbius.
1434 1407 1550 1449 Cum

107 1479 215 1521 puer
236 1476 334 1508 tuus
357 1467 409 1508 ad
432 1481 501 1508 me
523 1468 710 1508 secunda
739 1467 826 1508 fere
849 1468 998 1524 vigilia
1020 1468 1218 1518 venisset,
1241 1467 1361 1521 isque
1386 1474 1427 1507 te
1449 1474 1550 1506 ante

107 1522 249 1565 lucem
292 1524 491 1565 Iconium
532 1524 639 1565 mihi
680 1534 907 1565 venturum
948 1526 1201 1575 nuntiasset,
1236 1525 1549 1578 incertumque,

109 1591 206 1622 utra
227 1581 311 1632 via,
332 1596 431 1624 cum
454 1592 595 1622 essent
625 1582 748 1624 duae:
781 1582 913 1623 altera
944 1583 1197 1633 Varronem,
1220 1590 1343 1622 tuum
1367 1580 1551 1621 familia-

108 1638 339 1690 rissimum,
358 1638 491 1679 altera
513 1640 570 1686 Q.
598 1639 792 1695 Leptam,
814 1641 1070 1695 praefectum
1093 1638 1264 1680 fabrum
1286 1652 1446 1688 meum,
1469 1637 1550 1678 tibi

105 1696 279 1737 obviam
309 1696 421 1737 misi.
453 1696 652 1737 mandavi
684 1697 854 1752 utrique
875 1712 1038 1749 eorum,
1060 1700 1099 1727 23
1116 1705 1162 1737 ut
1183 1705 1282 1736 ante
1300 1695 1356 1736 'ad
1385 1708 1453 1735 me
1473 1709 1552 1736 ex-

102 1762 339 1804 eur-terent,
362 1762 409 1794 ut
439 1754 519 1794 tibi
549 1754 723 1795 obviam
754 1755 924 1810 prodire
954 1768 1139 1811 possem,
1164 1798 1176 1806 N
1201 1753 1388 1794 Currens
1414 1752 1552 1808 Lepta.

109 1812 240 1862 venit,
262 1811 454 1866 mihique
476 1811 707 1862 nuntiavit,
731 1820 773 1852 te
789 1811 884 1867 jam
907 1822 1047 1854 castra
1070 1820 1421 1868 praetergressum
1443 1824 1550 1850 esse.

106 1868 337 1911 confestim
358 1868 556 1911 Iconium
582 1869 693 1910 veni.
717 1870 967 1925 ceterajam
986 1870 1066 1911 tibi
1089 1878 1193 1910 nota
1214 1877 1328 1909 sunt.
1375 1866 1445 1908 An
1468 1881 1551 1923 ego

103 1927 188 1968 tibi
211 1927 386 1968 obviam
420 1940 505 1968 non
542 1927 784 1983 prodirem?
816 1930 1018 1983 primum,
1053 1926 1200 1982 Appio
1235 1924 1447 1966 Claudio?
1478 1926 1553 1966 de-

104 1985 221 2035 inde,
244 1984 524 2040 imperatori?
556 1985 725 2036 deiude,
754 1999 872 2026 more
903 1985 1149 2041 majorum?
1180 1982 1403 2033 24deinde‚
1436 1982 1554 2037 quod

106 2050 239 2097 caput
256 2052 335 2092 est,
355 2042 524 2083 amico?
547 2043 786 2098 praesertim
810 2057 908 2083 eum
933 2043 976 2082 in
994 2043 1075 2083 isto
1090 2055 1246 2097 genere
1266 2039 1402 2080 multo
1420 2039 1554 2080 etiam

107 2098 378 2140 ambitiosius
401 2098 542 2140 facere
563 2100 737 2150 soleam,
754 2115 883 2155 quam
906 2099 1043 2140 honos
1067 2113 1184 2139 meus
1207 2108 1251 2138 et
1265 2097 1456 2153 dignitas
1476 2111 1555 2152 po-

108 2155 252 2197 stulat.
314 2157 396 2198 Sed
420 2157 516 2198 haee
539 2157 761 2198 haetenus.
824 2157 934 2198 Illud
960 2157 1073 2198 idem
1105 2155 1340 2196 Pausanias
1363 2154 1552 2207 dicebat,

107 2223 150 2254 te
171 2213 357 2256 dixisse:
391 2214 584 2260 Quidni?
617 2213 785 2270 Appius
823 2215 1020 2265 Lentulo,
1046 2213 1253 2254 Lentulus
1281 2211 1428 2268 Appio
1451 2226 1551 2267 pro-
1564 2228 1660 2269 235·

108 2271 237 2312 cessit
268 2271 468 2313 obviam:
502 2270 657 2312 Cicero
692 2272 839 2327 Appio
872 2271 1039 2313 noluit?
1073 2272 1250 2322 Quaeso,
1284 2271 1472 2310 etiamne
1503 2279 1594 2310 tua-

105 2328 184 2369 has
208 2328 405 2383 ineptias,
427 2328 559 2369 homo
580 2333 696 2382 (mea
717 2330 948 2379 sententia)
979 2343 1146 2369 summa
1178 2327 1420 2384 prudentia,
1443 2326 1553 2367 mul-

105 2395 152 2426 ta
173 2385 304 2425 etiam
326 2386 537 2435 doctrina,
572 2386 756 2441 plurimo
779 2401 920 2427 rerum
948 2401 1041 2437 usu,
1063 2386 1224 2427 25add0
1247 2384 1554 2436 urbanitatem,

108 2457 206 2500 quae
229 2451 293 2483 est
316 2444 466 2494 virtus,
489 2452 536 2484 ut
558 2443 695 2485 Stoici
725 2444 963 2486 rectissime
999 2452 1168 2500 putant,
1191 2443 1320 2484 ullam
1343 2440 1557 2497 Appieta-

147 2557 189 2588 22
211 2556 336 2587 tributa
351 2557 495 2597 exigere]
521 2556 640 2597 Qualia
654 2557 724 2588 haec
746 2559 807 2589 tri·-
894 2561 936 2591 24
957 2558 1083 2596 deinde,
1109 2558 1194 2598 quod
1217 2560 1316 2598 caput
1338 2555 1397 2595 est]
1423 2555 1475 2585 An
1498 2555 1554 2586 de-

106 2597 200 2636 buta,
214 2609 245 2629 v.
260 2599 295 2629 in
310 2599 422 2630 Clave.
434 2600 541 2630 omnis
553 2601 690 2639 pecunia
701 2601 807 2631 tribu·
851 2601 974 2641 nique?
1011 2601 1168 2641 primurn,
1205 2610 1246 2630 ne
1277 2599 1372 2629 nimis
1401 2598 1554 2637 frequens

106 2641 328 2679 tumdicitur,
344 2652 417 2681 quae
433 2651 490 2682 per
504 2647 613 2681 partes
629 2642 808 2684 descriptas
851 2644 894 2674 sit
921 2644 1046 2681 deinde,
1070 2649 1143 2674 turn
1166 2644 1208 2673 ob
1234 2652 1320 2673 rem:
1349 2641 1433 2681 quod
1454 2644 1554 2681 captet

107 2683 143 2713 in
171 2683 302 2722 singula
329 2685 438 2724 capita
467 2684 566 2715 datur
591 2689 627 2716 et
653 2686 808 2725 exigitur.
850 2689 906 2716 est.

108 2724 304 2759 collatitiam
321 2731 451 2757 vocant.
894 2730 935 2760 2²5
973 2728 1056 2759 addo
1096 2725 1335 2764 urbanitatem]
1375 2723 1448 2754 Hoc
1474 2733 1554 2756 cum

149 2768 190 2798 23
210 2772 249 2798 ut
276 2773 354 2798 ante
368 2769 414 2799 ad
436 2779 486 2799 me
507 2770 733 2810 enum-erent]
758 2770 810 2801 An
852 2771 982 2802 Graevio
997 2770 1129 2811 praetuli
1151 2770 1246 2800 alteri
1261 2767 1462 2805 urbanitate,
1477 2767 1555 2806 quia

107 2815 311 2840 recurrerent
323 2811 339 2840 ?
376 2811 488 2842 Etiam
511 2816 549 2842 ut
565 2812 681 2850 melius
699 2813 811 2846 abfue·
852 2813 1004 2847 meliores
1020 2812 1094 2849 libri
1104 2812 1234 2847 habent
1249 2814 1284 2845 et
1296 2819 1360 2843 5θῖ-
1376 2813 1410 2842 et
1424 2808 1496 2847 ‘dd‘

111 2850 172 2880 rit:
198 2859 238 2882 ne
255 2852 303 2885 bis
318 2852 431 2884 durius
448 2859 637 2889 concurrat..
