1903 3218
178 667 210 697 p.
227 659 296 688 134.

249 1305 299 1344 15

297 94 376 129 220
699 91 872 129 EPIST.
900 90 1087 130 LIBER
1113 90 1320 131 NONUS

300 193 398 235 dem
413 193 521 235 tibi
503 208 612 249 Jam,
632 195 761 236 tantis
779 196 905 236 rebus
919 196 1066 251 gestis,
1079 209 1164 236 non
1184 194 1246 236 tui
1264 193 1445 236 similem
1460 206 1565 234 esse.
1597 192 1728 240 Quod

302 265 400 292 cum
424 252 484 292 ita
505 251 575 301 sit,
598 251 785 293 hortatio
808 267 893 293 non
921 264 985 293 est
1012 252 1263 302 necessaria,
1283 250 1569 307 gratulatione
1591 249 1730 314 magis

304 308 508 349 utendum
533 319 609 349 est.
672 308 873 365 Contigit
893 310 1005 350 enim
1030 309 1126 360 tibi,
1147 310 1262 364 quod
1282 309 1394 350 haud
1415 308 1502 348 scio
1526 321 1579 348 an
1597 306 1732 348 nemi-

305 365 365 415 ni,
387 375 435 405 ut
457 379 623 406 summa
645 380 716 406 sev
721 366 848 406 eritas
885 366 1281 415 animadxelsion1s‚
1305 380 1390 406 non
1415 365 1543 406 modo
1566 378 1652 404 non
1671 363 1736 404 in-

306 422 485 471 vidiosa,
508 422 579 462 sed
608 423 737 462 etiam
757 421 973 477 populatis
1007 431 1130 471 esset,
1163 431 1206 463 et
1240 438 1335 464 cum
1373 423 1495 463 bonis
1517 421 1732 470 omnibus,

305 488 396 519 tum
423 478 568 519 infimo
588 479 791 533 cuiqueo
767 478 1021 519 crratissima.
1083 454 1183 519 H’oc
1204 478 1236 519 si
1263 480 1339 520 tibi
1361 479 1532 520 fortuna
1547 477 1731 533 quadam

303 536 572 591 contigisset,
596 534 827 590 oiatularer
848 534 1043 575 felicitati
1063 544 1174 577 tuae:
1207 536 1279 576 sed
1301 537 1487 591 contigit
1515 534 1732 591 magnitu-

305 592 405 632 dine
432 606 529 632 cum
565 592 711 641 animi,
735 602 825 632 tum
861 591 989 631 etiam
1026 592 1186 647 ingenii
1223 601 1350 647 atque
1385 592 1567 633 consilii.
1630 589 1736 644 Legi

307 649 420 689 enim
443 649 696 689 concionem
721 657 851 688 tuam.
873 647 977 688 nihil
1001 626 1097 688 inae
1097 648 1345 703 sapientius.
1379 650 1439 690 ita
1470 648 1733 705 pedetentim

288 714 350 746 ·et
368 705 578 761 gradatim
602 714 693 746 tum
712 719 906 745 accessus
925 719 949 744 a
971 713 1012 745 te
1031 704 1082 745 ad
1097 719 1267 745 causam
1287 704 1405 755 facti,
1425 717 1514 746 tum
1531 718 1734 753 recessus,

308 774 440 804 utres
471 777 562 817 ipsa
594 763 881 802 maturitatem
912 761 990 801 tibi
1014 761 1380 802 animadvertendi
1409 762 1598 802 omnium
1633 776 1736 802 con-

307 834 426 861 cessu
450 819 584 859 daret.
646 818 856 858 Liberasti
888 818 1020 873 igitur
1049 828 1092 858 et
1119 819 1266 859 urbem
1294 818 1499 874 pericuIO,
1521 827 1563 858 et
1585 818 1736 859 civita-

309 887 393 917 tem
416 884 551 916 metu:
585 877 775 938 5¹neque
804 874 939 916 solum
974 875 1027 916 ad
1062 886 1228 930 tempus
1251 890 1484 916 maximam
1508 875 1738 915 utilitatem

309 932 506 982 attulisti,
529 931 601 972 sed
634 932 762 972 etiam
792 932 843 972 ad
867 931 1111 995 exemplum
1137 931 1255 973 facti.
1317 931 1561 987 Intelligere
1593 930 1738 980 debes,

309 990 352 1030 in
377 998 418 1029 te
441 989 623 1044 positam
643 1003 733 1029 esse
756 987 1079 1044 rempublicam,
1103 989 1267 1044 tibique
1290 1004 1376 1030 non
1399 989 1528 1029 modo
1544 987 1739 1037 tuendos,

311 1045 383 1087 sed
406 1047 535 1086 etiam
567 1046 781 1086 ornandos
813 1060 904 1086 esse
932 1045 1024 1086 illos
1054 1046 1181 1095 viros,
1201 1060 1224 1086 a
1245 1047 1401 1101 quibus
1424 1046 1593 1086 initium
1613 1045 1741 1085 liber-

312 1103 412 1144 tatis
434 1101 676 1157 profectum
703 1112 782 1143 est.
843 1102 926 1143 Sed
957 1102 1021 1143 his
1044 1103 1096 1143 de
1129 1104 1253 1143 rebus
1280 1117 1423 1143 coram
1447 1102 1568 1158 plura
1589 1115 1742 1157 prope-

308 1159 437 1210 diem,
458 1169 505 1200 nt
522 1173 660 1215 spero.
719 1158 784 1200 Tu
808 1162 847 1192 52
860 1159 1031 1214 quando
1050 1160 1358 1216 rempublicam
1382 1173 1545 1214 nosque
1571 1171 1742 1199 conser-

309 1232 399 1268 νας,
421 1217 489 1258 fac
511 1226 557 1257 ut
578 1215 906 1272 ‹lilio-entissime
929 1226 970 1256 te
988 1217 1144 1272 ipsum,
1164 1217 1221 1257 mi
1247 1215 1486 1266 Dolabella,
1505 1214 1736 1257 custodias.

824 1305 1227 1344 ARGUMENTUM.

312 1370 465 1407 Duabus
482 1370 642 1418 epistolis
659 1370 859 1416 respondet,
887 1370 1016 1416 priori,
1037 1370 1081 1405 de
1097 1370 1315 1411 valetudine,
1335 1373 1368 1405 et
1388 1369 1486 1405 illius
1505 1370 1541 1404 in
1558 1380 1595 1404 se
1609 1379 1742 1409 amore,

362 1421 671 1468 acjucunditate:
700 1422 822 1463 alteri,
845 1421 941 1456 nihil
968 1420 1116 1470 referre,
1136 1426 1256 1457 utrum
1276 1420 1400 1457 Romoe
1424 1424 1485 1463 sit,
1505 1433 1552 1456 an
1572 1420 1742 1467 Neapoli,

363 1486 443 1510 cum
462 1473 586 1508 Romae
603 1474 708 1508 unius
725 1477 816 1508 nutu
834 1477 1007 1519 regantur
1025 1475 1157 1509 omnia.
1213 1472 1360 1522 Scripta
1375 1474 1502 1521 paullo
1520 1477 1618 1515 ante,
1634 1483 1743 1520 quam

366 1526 484 1562 Caesar
502 1527 550 1561 ad
567 1525 808 1573 Hispaniense
826 1525 957 1560 bellum
975 1526 1098 1560 exiret.

759 1590 994 1634 CICERO
1028 1591 1221 1642 PAETO,
1253 1592 1297 1633 S.

318 1650 579 1704 DUABUS
619 1662 702 1701 tuis
744 1659 936 1715 epistolis
976 1659 1269 1715 rzespondebo
1307 1659 1396 1709 uni,
1434 1673 1563 1714 quam
1602 1658 1745 1700 triduo

317 1728 415 1760 ante
437 1732 686 1774 acceperam
707 1732 733 1758 a
749 1717 912 1758 Zetho:
944 1717 1080 1767 alteri,
1102 1731 1229 1771 quam
1249 1716 1450 1757 attulerat
1470 1715 1663 1757 Phileros
1681 1725 1744 1756 ta-

318 1775 531 1817 bellarius.
594 1774 661 1815 Ex
697 1774 909 1829 prioribus
949 1775 1033 1814 tuis
1070 1748 1224 1815 litteiis
1260 1772 1466 1823 intellexi,
1503 1782 1746 1829 pergratam

317 1833 445 1874 53tibi
468 1833 494 1858 ἒ*
517 1846 592 1872 esse
611 1846 682 1872 cm
683 1847 750 1872 am
774 1845 903 1871 meam
937 1830 1181 1872 valetudinis
1210 1837 1301 1881 tute,
1333 1844 1453 1886 quam
1475 1830 1553 1871 tibi
1577 1843 1746 1886 perspe-

315 1898 431 1931 ctam
469 1903 559 1930 esse
597 1889 778 1944 gaudeo.
839 1888 938 1938 Sed,
974 1887 1079 1928 mihi
1107 1887 1247 1938 crede,
1278 1902 1362 1928 non
1395 1887 1585 1942 perinde,
1608 1896 1656 1927 ut
1682 1897 1748 1928 est

316 1960 478 2003 reapse,
510 1960 564 1987 ex
601 1946 753 1986 litteris
787 1946 1026 2001 perspicere
1051 1944 1245 2000 potuisti.
1306 1944 1420 1985 Nam
1453 1958 1552 1985 cum
1585 1959 1610 1984 a
1645 1944 1748 1985 satis

360 2073 395 2101 51
434 2080 534 2110 neque
563 2072 667 2100 solum
697 2070 743 2100 ad
776 2069 1013 2109 tempus—sed

316 2114 417 2143 etiam
440 2114 486 2143 ad
510 2114 692 2152 exemplum
709 2110 816 2152 facti]
844 2111 881 2142 In
905 2121 1011 2142 esem-

311 2154 464 2195 plosacti
479 2154 573 2184 haesit
599 2154 790 2190 Lambinus,
808 2153 1011 2192 correxitque

317 2198 374 2226 sed
400 2198 500 2227 etiam
522 2197 566 2226 ad
588 2197 782 2236 exemplum.
828 2195 903 2236 ,Quo
913 2195 1012 2235 jacto

316 2239 500 2277 intelligere
526 2239 584 2269 ἃς.
614 2238 699 2278 quod
724 2238 829 2277 rejicit
852 2237 1010 2268 Graevius.

317 2290 379 2321 quo
389 2279 487 2320 facto
503 2286 551 2311 est
568 2281 601 2311 in
618 2281 765 2319 margine
781 2280 844 2309 Gu.
860 2283 889 2309 2.
905 2289 1010 2310 exem-

315 2321 503 2362 'plumsucti
516 2323 615 2353 etiam
632 2322 775 2353 occurrit
796 2321 881 2352 Phil.
899 2321 944 2359 ll,
959 2325 1011 2352 44.

318 2365 365 2395 ad
384 2366 563 2405 exemplum
575 2363 668 2403 facti
697 2365 909 2403 reliquerunt.
952 2363 1014 2394 Sed

318 2407 456 2438 fortasse
486 2406 685 2438 Lambinum
715 2415 782 2435 non
810 2405 917 2436 forma
943 2405 1014 2436 haec

319 2449 389 2489 ipsa
403 2449 551 2485 offendit,
567 2449 652 2487 quod
665 2449 692 2477 ei
709 2448 825 2478 vitiosa
838 2447 1015 2486 videretur,

318 2500 432 2522 verum
453 2490 529 2528 hoc,
551 2490 650 2530 quod,
673 2500 744 2520 meo
759 2498 870 2526 sensu,
884 2491 1016 2521 concin-

320 2534 407 2563 nitas
422 2533 474 2563 hic
490 2532 590 2563 veluti
605 2532 755 2572 legitima
769 2541 836 2561 non
849 2536 918 2561 est:
939 2542 1014 2563 nam

319 2580 458 2614 tempus,
474 2575 560 2614 quod
573 2573 811 2614 exemplosacti
827 2574 1012 2614 respondet,

321 2618 419 2654 nude,
434 2619 503 2648 sine
518 2617 578 2647 tali
594 2617 738 2656 genitivo
754 2616 899 2656 ponitur.
938 2616 1013 2647 Uti-

320 2669 381 2698 que
397 2666 430 2689 et
446 2660 513 2699 ipse
529 2658 651 2689 dudum
663 2658 845 2698 suspicatus
859 2667 943 2695 sum,
957 2664 1015 2689 aut

319 2701 472 2731 excidisse
496 2702 678 2740 genitivum
696 2702 731 2731 in
755 2700 850 2730 verbo
877 2704 1014 2739 tempus,

320 2747 379 2773 aut
394 2743 446 2774 hic
461 2744 642 2782 genitivum
658 2752 726 2774 esse
741 2751 760 2772 a
775 2742 891 2781 glossa.
928 2742 1015 2772 Nam

320 2785 355 2814 in
371 2789 511 2825 tempore
524 2785 642 2816 saltem
662 2789 792 2824 tempus
806 2793 947 2824 praesens
961 2783 1015 2814 hic

320 2826 495 2858 indicatur.
551 2827 684 2869 Conjeci
715 2826 906 2866 aliquando:
952 2835 1016 2857 non

1055 2070 1145 2099 modo
1167 2069 1213 2099 ud
1232 2074 1358 2109 tempus
1369 2067 1476 2108 sacti,
1501 2068 1558 2098 sed
1583 2068 1683 2099 etiam
1707 2068 1754 2098 ad

1053 2113 1236 2151 exemplum
1249 2110 1390 2151 futuri:
1412 2118 1483 2147 aut,
1507 2120 1571 2141 non
1594 2110 1685 2141 modo
1706 2111 1754 2150 ad

1053 2158 1179 2193 tempus
1196 2162 1350 2193 praesens,
1377 2153 1433 2183 sed
1453 2153 1553 2183 etiam
1579 2153 1624 2183 ad
1645 2162 1752 2183 exem·

1048 2197 1145 2236 plum
1147 2194 1251 2235 ΑῙὶιιτὶ
1265 2195 1320 2225 sed
1336 2195 1416 2226 mihi
1434 2204 1500 2225 non
1514 2194 1689 2226 satisfacio,

1097 2239 1137 2269 52
1159 2247 1258 2277 quum
1286 2238 1402 2277 remp]
1432 2238 1510 2268 Mss.
1539 2242 1573 2268 et
1597 2236 1669 2268 edd.
1700 2246 1749 2278 pr.

1054 2280 1193 2321 quando.
1210 2283 1309 2310 reete.

1097 2325 1136 2354 53
1162 2323 1219 2353 tibi
1248 2324 1267 2344 ἒ
1287 2326 1489 2362 perspectam
1517 2330 1582 2352 esse
1603 2320 1748 2361 gaudeo]

1055 2364 1190 2395 Lacuna
1203 2364 1256 2395 hic
1277 2369 1326 2394 est
1348 2368 1382 2394 et
1397 2364 1430 2393 in
1457 2363 1521 2394 Ms.
1545 2367 1668 2394 nostro.
1711 2363 1751 2394 In

1056 2406 1127 2437 edd.
1144 2406 1257 2447 primis
1278 2406 1409 2446 expleta
1429 2410 1491 2442 est,
1514 2404 1570 2435 sed
1592 2409 1631 2435 ut
1652 2415 1752 2446 appa-

1060 2453 1143 2485 reat,
1158 2448 1189 2479 id
1205 2448 1327 2479 factum
1344 2448 1382 2478 de
1397 2449 1586 2486 conjectura
1600 2456 1669 2478 non
1683 2447 1751 2478 val-

1059 2490 1098 2521 de
1113 2491 1216 2521 bona:
1241 2495 1275 2521 et
1299 2490 1334 2520 in
1356 2489 1445 2520 libris
1466 2498 1527 2520 scr.
1543 2489 1630 2520 varie
1644 2490 1752 2529 exple-

1058 2538 1126 2563 tur.
1141 2533 1265 2573 optime
1281 2532 1314 2562 in
1326 2532 1389 2562 Gu.
1399 2533 1430 2562 2.
1440 2541 1504 2561 esse
1514 2540 1631 2561 curam
1645 2541 1754 2562 meam

1054 2575 1251 2605 valetudinis
1276 2578 1353 2611 tuoe,
1375 2583 1475 2613 quam
1497 2573 1566 2603 tibi.
1591 2583 1667 2604 nam
1689 2574 1752 2606 hoc

1056 2617 1138 2647 bene
1166 2616 1340 2657 respondet
1362 2620 1507 2646 extremo
1530 2614 1625 2653 huius
1649 2617 1751 2656 partis

1057 2658 1222 2699 epistolae:
1248 2667 1299 2688 me
1320 2661 1417 2688 tanta
1426 2658 1673 2697 perturbatione
1684 2660 1752 2690 val.

1057 2705 1122 2731 tuoe
1144 2701 1202 2731 διο.
1225 2699 1310 2739 quod
1333 2700 1379 2730 ita
1401 2705 1434 2730 et
1457 2700 1490 2729 in
1512 2698 1582 2730 aliis
1598 2699 1688 2731 libris
1703 2710 1752 2730 re-

1058 2746 1187 2783 pertum
1211 2748 1278 2773 est:
1304 2741 1336 2772 id
1357 2741 1476 2781 recepi,
1493 2741 1548 2771 sed
1560 2751 1636 2774 cum
1653 2743 1749 2774 nota:

1057 2789 1095 2816 ut
1109 2790 1221 2817 tamen
1237 2784 1327 2816 locus
1341 2783 1558 2824 intelligatur.
