1903 3218
276 102 355 135 200
635 97 810 136 EPIST.
838 96 1020 134 LIBER
1048 95 1312 134 OCTAVUS

279 203 473 251 litorum,
491 199 658 242 locutus
680 216 788 242 sum.
820 210 1095 257 posteaquam
1128 200 1262 250 illum,
1290 213 1359 249 ne,
1390 199 1458 240 cui
1483 196 1701 239 satisface-

279 267 345 299 ret
363 257 550 312 quidem,
574 273 640 299 me
671 259 849 314 dignum
886 258 1041 299 habere
1073 258 1198 307 sensi,
1228 257 1355 298 malui
1390 255 1567 309 collegae
1591 254 1700 310 ejus,

280 314 445 356 homini
476 315 734 356 alienissimo
766 315 885 366 inihi,
916 326 959 354 et
991 325 1162 370 propter
1192 314 1425 354 amicitiam
1459 322 1575 352 tuam
1613 325 1700 352 non

283 371 543 426 aequissimo,
574 386 642 412 me
671 371 876 426 obligare,
898 385 1025 425 quam
1059 370 1168 411 illius
1199 372 1333 411 simiae
1359 369 1522 410 vultum
1546 368 1702 408 subire.

284 428 334 470 Id
360 438 583 484 postquam
607 428 762 477 resciit,
783 428 1016 474 incanduit,
1039 436 1082 467 et
1104 441 1170 467 me
1188 442 1357 468 causam
1381 425 1702 467 inimicitiarum

283 499 473 541 quaerere
491 486 742 533 clamitavit,
765 495 825 534 ut,
849 485 882 524 si
906 483 1010 523 mihi
1034 484 1075 524 in
1108 485 1290 538 pecunia
1313 483 1452 524 minus
1476 481 1703 523 satisfecis-

285 552 362 591 set,
385 557 459 598 per
477 542 588 582 hanc
607 541 790 596 speciem
815 540 1042 580 simultatis
1061 541 1100 570 35
1114 554 1208 579 eum
1230 551 1510 581 consectarer.
1550 538 1706 582 Postea

285 612 368 640 non
392 598 559 639 destitit
579 598 619 629 36
632 611 841 639 arcessere
862 595 1011 637 Polam
1036 597 1246 647 Servium,
1271 608 1577 646 accusatorem,
1600 596 1707 636 inire

285 669 382 698 cum
408 655 604 697 Domitio
629 655 820 696 consilia.
881 653 1051 698 Quibus
1082 667 1178 693 cum
1204 667 1353 707 parum
1380 654 1641 708 procederet,
1660 662 1709 692 ut

286 712 370 753 ulla
392 712 486 768 lege
510 712 612 753 mihi
635 714 672 744 37
688 719 896 767 ponerent
929 719 1236 759 accusatorem,
1263 709 1508 765 compellari
1540 725 1591 750 ea
1615 709 1710 765 lege

287 784 355 811 me
380 770 618 817 voluerunt,
647 771 687 798 38
701 782 786 822 qua
816 767 957 808 dicere
990 781 1076 807 non
1109 776 1322 822 poterant.
1384 765 1709 808 Insolentissimi

287 827 498 876 homines,
521 824 696 867 summis
731 823 1006 864 Circensibus
1026 822 1137 864 ludis
1168 823 1290 872 meis,
1322 823 1624 878 postulandum
1645 837 1712 863 me

244 883 276 912 b·
291 884 382 939 lege
406 882 627 924 Scantinia
655 890 821 922 curant.
881 880 965 921 Vix
990 880 1074 921 hoc
1091 883 1131 915 39
1144 890 1234 920 erat
1259 879 1364 920 Pola
1385 880 1592 929 elocutus,
1614 894 1711 920 cum

289 955 370 996 ego
394 938 584 995 Appium
609 951 826 978 censorem
850 937 997 978 eadem
1015 937 1108 991 lege
1126 936 1353 993 postulavi.
1416 936 1545 982 Quod
1565 935 1714 976 melius

289 996 473 1048 caderet,
498 995 603 1036 nihil
625 995 726 1035 vidi.
787 995 899 1036 Nam
930 994 989 1035 sic
1022 1003 1087 1034 est
1119 1009 1143 1035 a
1176 993 1351 1050 populo,
1384 1002 1426 1034 et
1456 1008 1539 1034 non
1564 992 1713 1033 infimo

289 1067 459 1110 quoque
499 1053 800 1108 approbatum,
837 1060 885 1091 ut
926 1050 1133 1105 majorem
1171 1051 1316 1106 Appio
1354 1049 1542 1091 dolorem
1586 1049 1715 1100 fama,

288 1125 415 1166 quam
440 1109 688 1166 postulatiO,
726 1108 931 1149 attulerit.
995 1107 1210 1149 Praeterea
1230 1107 1347 1163 coepi
1369 1109 1409 1137 40
1424 1106 1638 1157 sacellum,
1671 1107 1716 1146 in

289 1169 418 1210 domo
448 1167 562 1223 quod
595 1175 674 1216 est,
705 1165 758 1206 ab
788 1179 839 1205 eo
870 1174 1029 1221 petere.
1091 1164 1336 1206 Conturbat
1367 1178 1434 1204 me
1464 1177 1584 1204 mora
1605 1162 1715 1204 servi

290 1225 432 1279 hujus,
454 1224 528 1279 qui
551 1223 630 1263 tibi
654 1222 814 1262 litteras
843 1222 1000 1262 attulit.
1064 1222 1175 1262 Nam
1198 1221 1385 1276 acceptis
1417 1221 1629 1276 prioribus
1651 1219 1721 1260 lit-

289 1283 404 1332 teris,
427 1280 609 1337 amplius
631 1279 915 1335 quadraginta
936 1279 1107 1319 mansit.
1170 1278 1287 1325 Quid
1313 1278 1390 1318 tibi
1414 1278 1613 1328 scribam,
1645 1290 1719 1317 ne-

290 1339 394 1380 scio.
456 1338 563 1387 Scis,
600 1340 636 1367 41
658 1336 853 1377 Domitio
904 1335 1017 1376 diem
1064 1336 1207 1376 timori
1249 1349 1354 1375 esse.
1416 1333 1634 1390 Exspecto
1677 1342 1719 1373 te

291 1395 428 1444 valde,
466 1404 508 1436 et
543 1409 670 1449 quam
705 1394 888 1449 primum
922 1393 1065 1433 videre
1097 1394 1241 1448 cupio.
1273 1391 1312 1431 A
1337 1402 1376 1432 te
1400 1401 1514 1447 peto,
1537 1400 1584 1430 ut
1604 1404 1720 1431 meas

293 1452 470 1507 injurias
490 1454 531 1482 42
551 1451 724 1507 perinde
747 1449 904 1499 doleas,
928 1459 974 1489 ut
1007 1463 1075 1489 me
1108 1450 1329 1490 existimas
1366 1459 1409 1488 et
1430 1447 1572 1488 dolere
1593 1457 1637 1488 et
1659 1446 1722 1488 ul-

292 1509 394 1550 cisci
421 1518 512 1549 tuas
535 1507 682 1548 solere.
742 1505 861 1546 Vale.

808 1587 1211 1628 ARGUMENTUM.

297 1657 517 1695 Gratulatur
535 1655 726 1704 adfinitate
755 1653 972 1695 Dolabelloe,
1002 1655 1066 1700 qui.
1095 1653 1276 1689 Ciceronis
1291 1652 1418 1701 filiam
1436 1653 1611 1690 duxerat:
1639 1664 1725 1689 nar-

343 1714 403 1745 rat
422 1710 465 1744 de
482 1708 731 1744 intercessione
751 1706 929 1747 Curionis,
949 1709 983 1741 et
1002 1706 1045 1740 de
1060 1705 1257 1753 provinciis
1275 1705 1363 1751 quid
1380 1709 1502 1740 actum
1526 1706 1599 1741 sit:
1627 1709 1663 1741 et
1681 1706 1725 1742 de

346 1765 461 1798 morte
479 1760 679 1796 Hortensii.

677 1822 920 1865 COELIUS
953 1821 1276 1873 CICERONI,
1307 1822 1351 1863 S.

296 1889 335 1918 ⁴3
353 1883 707 1936 GRATULOR
745 1892 824 1932 tibi
853 1891 1062 1932 affinitate
1098 1892 1176 1931 viri
1209 1891 1374 1932 medius
1405 1890 1531 1932 fidius
1561 1892 1732 1948 optimi.

295 1955 410 1997 Nam
433 1952 515 1992 hoc
537 1965 619 2006 ego
638 1949 690 1990 de
713 1949 784 1990 illo
806 1948 1023 1989 existimo.
1074 1947 1229 1989 Cetera
1251 1963 1392 2004 porro,
1414 1949 1570 2003 quibus
1588 1949 1729 1991 adhuc

231 1576 278 1614 13

338 2070 378 2098 35
400 2075 474 2096 eum
490 2062 707 2101 consectarer]
724 2063 786 2092 Pro
804 2062 990 2091 insectarer.

295 2109 446 2148 analogia
458 2106 596 2148 patitur,
610 2105 759 2144 exempla
769 2108 846 2133 sunt
856 2103 992 2134 rariora.

295 2152 384 2183 aliud
399 2161 427 2179 v.
445 2151 478 2179 in
495 2148 606 2177 Clave.

339 2194 379 2224 36
400 2200 559 2222 arcessere
568 2191 684 2229 palam
695 2188 845 2219 Servium
861 2198 993 2218 accusa-

297 2235 413 2273 torem]
438 2234 602 2272 Quorsum
628 2231 759 2261 additur
781 2231 924 2269 palam?
948 2230 993 2260 nil

297 2273 386 2308 enim
415 2276 527 2310 refert,
557 2273 664 2313 palam
696 2283 738 2302 an
761 2273 843 2303 clam
872 2274 994 2302 veniat.

1035 2062 1088 2091 vio
1111 2062 1230 2101 recepi.
1266 2062 1383 2094 Horat.
1408 2063 1511 2104 Epod.
1545 2065 1577 2099 2,
1600 2062 1652 2096 67.
1676 2064 1733 2093 via:

1037 2106 1102 2133 hoec
1131 2105 1254 2133 locutus
1265 2103 1443 2143 fenerator
1463 2106 1570 2148 Alfius
1593 2105 1650 2135 &c.
1676 2105 1734 2137 sed

1035 2148 1188 2182 elocutm‚
1213 2151 1252 2176 ut
1278 2147 1402 2186 placuit
1431 2148 1598 2183 Manutio,
1624 2148 1678 2186 qui
1699 2148 1734 2178 in

1038 2189 1102 2218 Ms.
1120 2193 1286 2228 repererat
1310 2189 1392 2220 Pole
1413 2193 1548 2227 locutus,
1565 2194 1605 2219 ut
1625 2193 1676 2219 est
1700 2196 1735 2221 et

1038 2232 1070 2261 in
1086 2231 1150 2261 Gu.
1174 2230 1213 2260 ad
1228 2232 1415 2263 evitandam
1435 2232 1615 2263 clausulam
1636 2231 1735 2262 bexa-

1039 2273 1146 2303 metri.
1178 2273 1307 2303 Clarius
1321 2275 1421 2306 etiam
1437 2274 1485 2305 ed.
1502 2274 1591 2305 Med.
1606 2275 1663 2304 vix
1678 2275 1735 2304 1100

299 2319 432 2351 Correxi
457 2317 496 2347 de
521 2316 644 2352 Ursini,
666 2315 822 2351 Manutii,
840 2314 992 2344 Lambini

292 2361 416 2402 judicio
445 2359 565 2390 Palam
594 2357 758 2394 Servium,
786 2357 840 2396 qui
864 2366 994 2387 accusa-

297 2404 405 2434 tiones
420 2401 602 2432 factitabat.
630 2400 681 2429 Sic
697 2399 737 2429 ad
753 2399 792 2438 Ω.
810 2399 860 2428 Fr.
878 2397 924 2436 11,
945 2401 991 2429 13.

299 2447 352 2476 ubi
369 2445 469 2475 etiam
485 2443 524 2473 de
540 2442 599 2472 hac
614 2442 684 2481 ipsa
697 2451 730 2471 re
743 2446 803 2471 est.

339 2491 377 2521 37
404 2489 562 2526 ponerent
591 2483 712 2521 accim]
750 2483 913 2513 Usitatius
935 2493 994 2522 ap-

293 2532 459 2571 ponerent.
482 2527 543 2556 Sed
558 2532 591 2555 et
607 2526 688 2555 illud
709 2533 846 2555 rectum.
863 2535 892 2555 v.
906 2525 996 2555 Clav.

340 2574 380 2602 538
402 2579 467 2610 qua
482 2569 586 2599 dicere
599 2577 661 2596 non
679 2567 762 2606 pot]
788 2567 861 2606 Qua
877 2567 947 2605 lege
970 2568 994 2596 si

300 2615 344 2644 rei
361 2614 490 2648 fierent,
507 2611 566 2650 ipsi
591 2619 656 2639 non
674 2614 805 2648 possent
830 2618 863 2638 se
884 2608 994 2638 desen-

297 2658 382 2685 (ἧι-πρ.
428 2654 576 2684 Firmant
590 2652 770 2690 sequentia,
786 2650 824 2680 dc
837 2651 942 2690 Appio
956 2661 995 2681 ea

299 2698 368 2736 lege
382 2695 591 2736 compellato.
605 2694 659 2723 sed
671 2693 799 2724 videtur
809 2692 993 2723 addendum

297 2750 308 2769 2
321 2750 369 2769 182.

306 2750 325 2779 Ι
340 2785 380 2814 39
402 2784 474 2811 erat
492 2778 702 2819 proelocutus]
729 2778 791 2807 Ms.
808 2777 897 2807 Med.
921 2781 994 2807 erat

298 2824 385 2855 Pata
399 2824 532 2853 locutus.
555 2822 647 2852 bene.
665 2820 751 2860 quod
767 2825 800 2851 et
814 2829 887 2850 cum
905 2819 993 2849 Grae-

1035 2318 1107 2344 mut
1118 2316 1174 2354 pol
1185 2317 1337 2347 elocutus.

1079 2359 1121 2386 40
1141 2359 1295 2387 sacellum
1312 2359 1352 2389 ab
1365 2370 1400 2389 eo
1414 2358 1536 2399 petere]
1563 2357 1733 2389 Postulare

1038 2400 1171 2437 injure,
1187 2405 1223 2429 ut
1241 2399 1273 2429 id
1287 2401 1442 2431 sacellum
1465 2399 1585 2440 populo
1602 2400 1733 2431 restitu-

1037 2446 1119 2477 eret,
1135 2443 1228 2479 enjus
1242 2448 1337 2472 erant
1352 2443 1423 2473 loca
1434 2452 1535 2473 sacra.

1080 2486 1115 2513 41
1145 2483 1291 2514 Domitio
1304 2485 1388 2515 diem
1403 2485 1512 2515 timori
1527 2483 1604 2522 esse]
1632 2483 1734 2514 Intel—

1037 2525 1148 2563 ligunt
1162 2526 1248 2555 diem
1265 2527 1486 2562 comitiorum,
1501 2526 1617 2564 quibus
1632 2536 1737 2565 augu-

1039 2574 1148 2597 ratum
1174 2572 1312 2607 peteret,
1336 2579 1373 2599 ex
1393 2569 1488 2598 initio
1504 2578 1557 2607 ep.
1579 2570 1626 2598 14.
1670 2566 1736 2600 Sed

1039 2609 1084 2639 sic
1098 2609 1165 2639 dies
1178 2609 1326 2639 absolute
1341 2612 1392 2640 vix
1407 2610 1536 2640 dicitur.

1077 2654 1119 2681 42
1136 2652 1273 2689 perinde
1297 2653 1413 2688 doleas,
1435 2652 1487 2691 ut]
1514 2652 1565 2681 Sic
1587 2662 1735 2682 correxe-

1038 2702 1106 2722 ram
1137 2693 1259 2723 dudum
1291 2695 1461 2734 vulgatum
1485 2694 1634 2734 proinde,
1658 2704 1734 2725 cum

1037 2735 1083 2765 ita
1100 2735 1132 2765 in
1148 2735 1196 2765 ed.
1212 2735 1308 2766 Rom.
1325 2738 1440 2777 reperi.

1078 2779 1117 2807 43
1149 2777 1205 2807 Gr.
1232 2782 1255 2807 t.
1282 2778 1460 2819 affinitate]
1498 2781 1560 2809 int.
1590 2779 1641 2815 de,
1676 2782 1736 2808 aut

1036 2820 1145 2859 potius
1175 2819 1380 2852 addendum:
1430 2822 1491 2852 uisi
1528 2821 1622 2852 malis
1658 2830 1734 2850 cum
