1817 3196
316 81 403 131 [AD
429 84 549 124 sER.
575 83 908 122 SULPIC'IUM
934 83 1011 120 ET
1035 83 1317 124 CETEROS.

398 187 466 229 M.
490 187 541 230 T.
564 167 616 230 c.
648 187 777 229 SER.
801 185 1106 237 SULPICIO,
1130 186 1174 228 S.
1199 185 1258 229 D.

120 241 317 307 CAIUS
358 263 599 330 Trebatius,
637 265 855 306 familiaris
896 279 1028 314 meus,
1067 264 1119 305 ad
1162 279 1231 304 me
1272 263 1456 319 scripsit,
1498 273 1541 307 te

114 333 169 361 ex
211 337 254 363 se
299 324 515 378 quaesisse,
549 323 704 377 quibus
747 322 787 362 in
840 321 943 362 locis
982 335 1141 362 essem:
1194 320 1456 376 molesteque
1500 332 1542 363 te

116 375 239 430 ferre,
280 379 393 435 quod
438 394 504 419 me
540 389 714 436 propter
749 378 1021 419 valitudinem
1065 388 1198 428 tuam,
1241 392 1337 418 cum
1381 378 1432 418 ad
1475 393 1543 419 ur-

116 433 211 476 bem
245 451 529 486 accessissem,
561 451 643 476 non
685 435 887 477 vidisses:
934 447 976 476 et
1013 436 1092 476 boc
1129 446 1321 490 tempore
1359 435 1464 475 velle
1500 445 1543 476 te

112 504 296 540 mecum,
320 494 351 533 si
379 494 587 548 propius
576 493 861 543 accessissem,
880 492 931 533 de
949 493 1093 533 officio
1116 493 1332 546 utriusque
1348 492 1549 555 nostrum.

113 551 444 590 communicare.
504 550 695 600 Utinam,
731 550 865 599 Sex-xi,
896 549 1021 589 samis
1052 550 1190 599 iebus,
1219 550 1299 600 (sic
1332 548 1444 589 enim
1479 557 1545 590 est

113 603 376 656 dicendum‚)
394 607 576 662 colloqui
604 608 886 662 potuissemus
910 607 1019 646 inter
1041 607 1140 647 nos!
1168 606 1360 660 prolecto
1376 605 1547 669 aliquid

113 661 209 715 opis
231 663 443 704 occidenti
470 665 714 719 reipublicae
739 663 995 703 tulissemus.
1046 663 1293 718 Cognoram
1318 663 1430 703 enim
1448 677 1546 718 Jarn

110 718 280 782 absens,
313 730 352 761 te
382 720 475 761 haec
509 722 618 762 mala
646 719 779 761 multo
809 730 906 760 ante
942 719 1252 775 providentem,
1275 719 1545 762 defensorem

113 776 246 830 paciS‚
270 787 311 817 et
336 777 375 818 in
407 778 566 819 c‹0nsul
560 790 627 819 ιιι]
655 788 743 827 tuo,
766 785 808 816 et
826 786 922 832 post
943 777 1211 817 consulatum
1241 776 1386 817 fuisse.
1448 775 1544 832 Ego

111 842 253 873 autem
275 849 370 874 cum
389 835 612 876 consilium
635 845 750 875 tuum
775 835 1014 898 probarem,
1031 845 1071 874 et
1091 834 1228 874 idem
1220 848 1309 889 lpse
1326 834 1544 885 sentirem,

111 888 221 930 nihil
251 891 542 946 proficiebam.
604 893 707 932 Sero
730 892 843 931 euim
868 905 1090 932 veneram.
1125 891 1237 931 solus
1260 904 1400 931 erzam
1440 893 1451 921 ¹
1474 905 1545 931 ru-

112 944 178 985 dis
200 961 289 988 esse
312 949 483 989 videbar
511 950 551 989 in
576 964 731 989 causa:
765 948 997 988 incideram
1033 949 1073 988 in
1100 948 1321 988 hominum
1347 962 1545 1003 pugnan-

112 1001 153 1041 di
178 1004 431 1059 cupidorum
464 1005 663 1047 insanias.
726 1005 868 1055 Nunc,
896 1007 1099 1069 quoniam
1131 1005 1344 1059 nihiljam
1381 1005 1546 1045 videbi-

111 1071 209 1101 mur
231 1061 431 1116 opitulari
468 1077 590 1118 posse
625 1062 887 1117 leipublicae,
911 1063 942 1102 si
975 1062 1076 1116 quid
1109 1072 1186 1111 est,
1210 1063 1251 1102 iu
1283 1076 1375 1126 ‘quo
1398 1062 1544 1103 nobis-

111 1117 306 1172 metipsis
325 1120 544 1160 consulere
563 1121 787 1175 possimus,
809 1133 891 1158 uon
917 1128 961 1158 ut
978 1119 1137 1172 aliquid
1157 1134 1208 1159 ex
1231 1118 1411 1174 pristino
1431 1127 1541 1161 statu
1556 1137 1587 1168 p
1601 1129 1655 1163 46.

111 1184 260 1215 nostro
283 1175 429 1216 retine
420 1190 554 1226 unuS,
578 1177 648 1219 sed
671 1185 715 1216 ut
737 1189 865 1238 quarn
886 1175 1187 1215 honestissime
1205 1175 1448 1230 lugeamus:
1472 1181 1578 1218 nte-³

111 1242 183 1269 mo
214 1241 277 1272 est
307 1233 515 1282 omnium,
545 1234 718 1287 quicum
752 1231 895 1294 potius
928 1231 1048 1280 mihi,
1080 1245 1207 1285 quam
1241 1241 1398 1283 tecum,
1429 1247 1549 1274 com-

112 1288 418 1330 municandum
458 1300 620 1345 putem.
683 1288 777 1329 Nec
816 1302 929 1328 enim
968 1287 1301 1328 clarissimorum
1345 1289 1548 1342 virorum,

113 1357 248 1398 quoru
256 1360 294 1386 .n
318 1346 475 1386 similes
497 1360 588 1387 esse
610 1346 828 1395 debemus,
857 1344 1079 1399 exempla3
1112 1359 1249 1400 neque
1275 1345 1550 1387 doctissimo-

113 1413 223 1453 rum,
257 1417 364 1458 quos
403 1418 569 1459 semper
600 1403 786 1452 coluisti,
821 1411 1039 1457 praecepta
1076 1412 1118 1442 te
1155 1402 1343 1458 fugiunt.
1383 1403 1553 1467 Atque

113 1456 207 1520 ipse
229 1469 354 1509 antea
375 1461 426 1501 ad
453 1469 492 1501 te
514 1460 792 1516 scripsissem,
815 1469 856 1499 te
880 1458 1066 1499 frustra
1056 1473 1098 1499 m
1128 1469 1338 1511 senatum,
1361 1459 1450 1500 sive
1473 1475 1552 1516 po·-

114 1514 200 1555 tius
239 1516 283 1556 in
321 1526 581 1557 conventum
623 1527 867 1557 sen·1torum
905 1529 996 1554 esse
1029 1526 1276 1567 ventulum,
1308 1517 1350 1556 ni
1390 1518 1550 1581 teritus

115 1584 266 1623 essem,
291 1587 341 1614 ne
363 1573 455 1628 ejus
478 1574 667 1614 animum
699 1572 976 1622 offenderem,
1006 1573 1079 1626 qui
1109 1588 1132 1613 a
1157 1587 1239 1624 me,
1275 1585 1320 1614 ut
1343 1584 1385 1614 te
1407 1574 1552 1616 imita-

116 1643 196 1681 rer,
230 1631 416 1693 petebat.
479 1630 560 1670 Cui
592 1630 765 1686 quidem
796 1644 893 1685 ego,
926 1643 995 1669 me
1018 1644 1113 1669 cum
1141 1641 1327 1686 rogaret,
1362 1640 1407 1670 ut
1430 1631 1552 1673 ades-

116 1701 204 1735 sem
229 1687 270 1728 in
294 1697 458 1737 senatu,
481 1686 629 1728 eadem
659 1687 817 1737 omnia,
840 1701 935 1741 quae
959 1702 984 1726 a
1006 1695 1047 1726 te
1069 1686 1121 1726 de
1150 1701 1256 1742 pace
1284 1697 1327 1727 et
1350 1688 1370 1718 9
1386 1687 1438 1728 de
1466 1687 1552 1729 Hi-

117 1743 277 1801 spaniis
299 1744 415 1785 dicta
441 1754 554 1794 sunt,
584 1745 751 1785 ostendi
788 1758 855 1784 me
882 1757 972 1784 esse
1001 1743 1232 1784 dictur.um
1285 1747 1304 1774 3
1325 1743 1409 1785 Res
1434 1745 1551 1791 sides

115 1817 202 1858 quo
235 1800 363 1842 modo
397 1815 441 1842 se
477 1801 686 1843 habeant:
719 1801 866 1842 orbem
899 1811 1120 1851 terrarum,
1147 1801 1378 1864 fimpeniis
1407 1801 1554 1845 distri-

116 1860 248 1910 butis‚
270 1859 415 1900 ardere
444 1858 578 1900 bello:
611 1859 757 1899 urbem
791 1858 881 1898 sine
910 1857 1092 1913 legibuS,
1123 1857 1213 1897 sine
1236 1858 1431 1914 judiciis,
1461 1859 1555 1901 sine

111 1916 226 1973 jure,
248 1916 338 1956 sine
359 1915 458 1967 fide,
482 1916 668 1957 relictam
693 1916 923 1971 direptioni
947 1926 984 1955 el
1013 1914 1234 1958 incendiis.
1298 1915 1451 1971 Itaque
1473 1916 1555 1957 mi-

118 1974 165 2018 hi
190 1974 332 2015 5θιιίτε
361 1973 403 2014 in
434 1984 621 2014 mentem
644 1973 750 2019 nihil
775 1982 930 2028 potest,
965 1986 1047 2011 non
1083 1971 1209 2012 modo
1237 1973 1340 2027 quid
1372 1987 1554 2029 sperem,

119 2031 189 2075 sed
217 2031 286 2071 vix
313 2029 405 2085 jam
430 2030 531 2085 quid
556 2030 732 2071 audeam
759 2040 922 2086 optare.
983 2028 1058 2069 Sin
1084 2040 1225 2070 autem
1261 2030 1354 2079 tibi,
1387 2031 1555 2077 homini

153 2088 468 2138 rudentissimO,
493 2088 660 2128 videtur
682 2088 785 2128 utile
812 2102 916 2137 esse,
947 2101 1023 2126 nos
1051 2086 1261 2141 colloqui3
1292 2101 1556 2142 quamquam.

117 2102 289 2200 lbngius
311 2145 438 2185 etiam
459 2146 705 2200 cogitabam
726 2146 779 2185 ab
801 2145 904 2184 urbe
922 2143 1154 2193 discedere,
1174 2158 1297 2198 quus
1312 2158 1403 2199 Jam
1423 2145 1556 2192 etiam.

119 2215 277 2243 nomen
299 2201 459 2242 invitus
486 2202 639 2244 audio:
673 2212 813 2242 tamen
846 2201 1021 2257 piopius
1052 2200 1269 2242 accedam.

1485 84 1544 130 ⁴75

1328 2200 1558 2247 Trebatio-

162 2318 175 2345 1
200 2316 293 2346 rudis
304 2324 368 2344 esse
381 2314 513 2344 videbar
526 2315 558 2344 in
575 2315 690 2355 causa]
707 2315 815 2345 Resti-
857 2314 944 2344 Olim
967 2313 1135 2350 edebatur,
1158 2323 1229 2344 rem
1256 2314 1320 2351 (res
1335 2315 1369 2344 in
1390 2314 1463 2346 edd.
1486 2313 1556 2356 pr.)

118 2358 169 2388 tui
195 2364 298 2393 vetus,
314 2365 351 2386 ut
371 2364 404 2387 et
430 2357 576 2386 Graevius
596 2359 684 2388 fecit.
729 2358 813 2387 Geb-
857 2357 943 2387 vides
957 2367 986 2396 q.
1002 2367 1027 2386 s.
1045 2357 1174 2387 habeat.
1219 2356 1383 2387 Victorius
1405 2362 1439 2388 et
1461 2357 1518 2389 alii
1538 2366 1559 2388 ο

115 2399 236 2432 hardus
256 2411 273 2430 e
290 2399 379 2431 libris
395 2400 517 2440 paucis,
530 2401 622 2430 rudis
648 2401 720 2432 (etsi
731 2401 815 2430 m‘de-
857 2398 948 2429 libris
964 2409 1025 2429 scr.
1042 2398 1186 2428 edidere:
1211 2398 1277 2429 Res
1291 2400 1400 2429 videas
1412 2409 1442 2439 q.
1457 2409 1482 2429 s.
1499 2400 1560 2430 hav

118 2442 191 2480 bar)
205 2444 239 2472 in
254 2451 376 2472 causa.-
411 2452 474 2481 quo
489 2442 620 2472 tollitur
635 2443 816 2472 similitudo
860 2442 941 2472 beat.
986 2442 1054 2472 Cur
1076 2448 1186 2471 autem
1216 2447 1310 2481 optet
1335 2451 1410 2472 eum
1439 2440 1559 2480 videre,

119 2484 341 2514 membrorum
356 2495 363 2512 ε
388 2494 447 2514 nec
469 2484 628 2514 universae
643 2486 817 2515 sententiae
860 2484 945 2522 quod
960 2483 1082 2513 sciebat
1098 2493 1172 2513 eum
1190 2482 1318 2513 videre?
1344 2483 1483 2513 Pluralis
1498 2483 1559 2512 ha·

118 2524 201 2556 bene
216 2526 381 2556 convenit.

131 2593 134 2595 A
163 2570 182 2599 2
208 2568 247 2599 de
261 2567 446 2607 Hispaniis]
466 2568 553 2600 Male
568 2568 666 2608 vulgo
690 2569 728 2599 de
754 2568 816 2599 Hi-

119 2611 248 2649 epanis:
271 2610 372 2640 immo
387 2611 426 2640 de
443 2610 624 2650 Hispaniis,
648 2612 680 2641 in
703 2611 818 2650 quibus

121 2660 239 2691 nempe
262 2652 383 2682 bellum
407 2658 488 2682 esset
512 2660 627 2683 contra
647 2653 817 2683 Afranium

119 2697 155 2723 et
184 2694 362 2730 Petreium,
399 2700 432 2724 et
461 2695 506 2724 sic
534 2695 639 2725 voluit
672 2695 819 2726 Graevius

124 2734 237 2766 cdere:
261 2745 368 2776 operae
385 2746 450 2767 non
465 2742 657 2776 paruerunt.

165 2779 184 2807 3
199 2777 271 2808 Res
283 2779 371 2810 vides
389 2789 420 2819 q.
442 2789 468 2809 s.
485 2780 639 2819 habeant]
664 2779 761 2811 Hanc
773 2779 820 2811 le-

124 2817 272 2851 ctionem
306 2830 326 2852 e
357 2822 516 2854 varietate
550 2821 711 2855 librorum
746 2822 821 2855 feei.

861 2527 968 2562 beant,
984 2531 1032 2555 est
1050 2526 1082 2555 in
1098 2526 1222 2564 aliquot
1239 2525 1429 2555 codicibus:
1454 2525 1507 2564 qui
1522 2528 1561 2562 et

861 2568 1009 2608 placebat
1025 2568 1169 2598 Graevio:
1195 2568 1249 2597 sed
1261 2568 1370 2597 videas
1385 2567 1561 2605 retinebas,

862 2611 927 2641 Res
937 2620 1048 2640 verum
1066 2617 1128 2647 est,
1144 2609 1231 2649 quod
1243 2616 1276 2640 et
1291 2610 1371 2640 Mss.
1386 2609 1489 2640 nostri
1500 2609 1562 2641 ha·

861 2652 952 2684 bent.

902 2697 923 2725 4
937 2696 1015 2734 imp.
1031 2693 1227 2733 distributis]
1245 2694 1374 2732 Nempe.
1387 2693 1475 2723 inter
1487 2693 1562 2724 Cae-

861 2745 965 2767 sarem
985 2743 1018 2767 et
1041 2737 1247 2776 Pompeium,
1270 2744 1408 2774 quorum
1426 2735 1510 2766 alter
1524 2736 1562 2767 in

861 2778 1052 2815 Occidente,
1068 2778 1152 2810 alter
1165 2779 1202 2811 in
1217 2777 1354 2811 Oriente
1365 2787 1443 2821 opes
1451 2778 1564 2812 maxi*

862 2830 934 2861 mas
947 2821 1102 2857 habehat.
