1865 3223
426 83 505 121 AD
531 80 889 122 TERENTIAM
917 80 1187 119 UXOREM.
1443 86 1519 121 383

94 201 187 227 men
211 187 266 227 ab
289 186 360 227 illo
389 186 567 228 fortasse
590 191 798 225 nascetur.
857 182 1013 224 Totum
1038 183 1272 245 judicabis,
1293 184 1417 239 quale
1439 186 1518 228 sit.

93 253 137 284 et
165 243 280 298 quod
315 244 356 284 in
393 241 637 284 miserrimis
669 241 792 280 rebus
822 240 999 280 minime
1031 240 1229 280 miseium
1261 243 1444 296 putabis,
1476 243 1518 283 id

94 300 239 340 facies.
301 300 418 341 Vale.
464 314 512 340 vi
537 297 637 339 Idus
661 296 846 343 Quintil.

611 375 717 411 ARG
725 373 1008 412 UMENTUM.
1538 388 1588 423 14

94 439 181 475 Cum
203 440 322 476 Coesar
341 439 557 475 Rubiconem
578 439 777 479 transisset,
793 443 826 473 et
846 435 1208 486 Pompeiusfugisset
1231 448 1307 472 cum
1336 444 1460 474 senatu
1479 451 1521 475 ez·

146 492 243 534 urbe,
265 497 381 528 monet
402 502 494 530 suas,
516 494 555 524 ut
575 502 652 525 cum
681 491 806 525 amicis
833 490 1044 527 consultent.
1068 494 1280 524 maneamne
1301 488 1438 525 Caesare
1456 492 1520 526 ad-

142 549 321 585 ventante,
339 555 386 578 an
405 543 588 578 discedant
607 554 648 576 ex
666 543 760 577 urbe.

91 609 349 652 TULLIUS
398 607 744 657 TERENTIAE,
794 607 867 648 ET
927 607 1124 648 PATER
1175 607 1520 660 TULLIOLAE‚

159 665 403 708 DUABUS
436 665 660 706 ANIMIS
693 663 843 706 SUIS:
890 664 963 704 ET
995 663 1227 705 CICERO
1261 664 1460 706 MATRI

254 722 528 773 OPTIMAE,
569 721 831 763 SUAVISS.
871 721 1119 771 SORORI,
1155 723 1197 762 S.
1224 721 1272 762 P.
1297 721 1354 762 D.

94 776 254 830 Slvos
289 790 450 840 valetis,
473 806 548 831 nos
574 791 774 832 valemus.
834 791 1029 831 Vestrum
1054 791 1147 845 jam
1184 790 1408 831 consilium
1441 799 1520 842 est,

94 861 178 886 non
203 847 337 887 solum
364 862 517 897 meum,
537 848 638 902 quid
663 848 716 887 sit
742 847 861 887 vobis
885 847 1141 888 faciendum.
1180 847 1223 887 Si
1249 846 1315 888 ille
1334 847 1517 888 Romam

93 904 283 944 modeste
316 914 515 944 venturus
540 915 627 945 est:
666 914 779 945 recte
817 904 858 943 in
901 905 1128 959 praesentia
1163 904 1276 944 domi
1317 918 1407 945 esse
1446 919 1521 959 po-

96 961 242 1001 testis:
275 960 337 1000 sin
360 961 487 1001 homo
508 975 651 1001 amens
674 960 957 1016 diripiendam
982 962 1127 1001 urbem
1152 961 1326 1001 daturus
1348 972 1426 1010 est,
1450 975 1520 1002 ve-

93 1030 201 1066 reor,
224 1028 270 1056 ut
295 1016 517 1058 Dolabella
540 1019 630 1072 ipse
661 1019 761 1058 satis
786 1017 908 1057 nobis
943 1017 1140 1072 prodesse
1165 1018 1313 1072 possit.
1374 1017 1518 1058 Etiam

97 1072 195 1114 illud
227 1084 385 1123 metuo,
409 1088 460 1113 ne
486 1074 577 1129 jani
611 1075 957 1124 intercludauiun
988 1084 1047 1124 ut,
1080 1089 1178 1114 cuin
1212 1075 1350 1115 velitis
1389 1075 1521 1125 exile,

94 1144 177 1170 non
204 1130 342 1171 liceat.
406 1130 632 1186 Reliquum
662 1142 741 1181 est,
762 1131 876 1186 quod
909 1132 1011 1185 ipsae
1043 1131 1206 1186 optime
1233 1131 1522 1172 considerabi-

96 1187 164 1236 tis,
189 1188 314 1227 vestii
337 1187 493 1228 similes
518 1188 702 1228 taeminae
726 1189 864 1227 sintne
889 1187 1058 1228 Romae
1098 1187 1142 1228 Si
1164 1189 1277 1228 enim
1300 1203 1386 1228 non
1409 1198 1522 1239 sunt,

97 1243 324 1284 videndum
348 1255 426 1294 est,
452 1255 495 1284 ut
517 1245 694 1285 honeste
718 1259 790 1284 xos
818 1257 908 1284 esse
930 1244 1116 1298 possitis.
1176 1245 1407 1290 Quomodo
1429 1246 1523 1300 qui-

94 1300 191 1341 deul
222 1315 336 1341 nunc
367 1317 410 1340 se
441 1316 505 1341 res
528 1302 671 1351 habet,
694 1301 821 1340 modo
853 1311 900 1340 ut
932 1302 1025 1341 liaec
1050 1301 1170 1341 vobis
1198 1301 1291 1342 loca
1314 1311 1455 1342 tenere
1474 1302 1521 1342 li-

96 1366 205 1407 ceat‚
237 1357 354 1398 bellis
338 1358 462 1397 <sime
499 1357 562 1397 vel
596 1371 777 1407 mecum,
802 1357 901 1398 vel
895 1372 934 1397 in
959 1357 1114 1398 nostris
1143 1358 1314 1413 praediis
1336 1373 1426 1399 esse
1447 1374 1524 1415 po-

96 1414 245 1454 teritis.
309 1413 448 1455 Etiam
475 1413 575 1454 illud
598 1389 826 1454 verendiim
858 1424 936 1464 est,
959 1429 1011 1454 ne
1037 1415 1151 1454 brevi
1177 1426 1368 1471 tempore
1391 1415 1524 1456 fames

94 1470 136 1510 in
163 1471 265 1510 urbe
293 1471 360 1510 sit.
422 1470 504 1510 His
527 1471 578 1511 de
601 1472 724 1511 rebus
747 1470 871 1510 velim
905 1486 1002 1511 cum
1038 1471 1296 1526 Pomponio,
1318 1487 1415 1513 cum
1441 1472 1524 1514 Ca-

94 1526 227 1576 millo,
262 1541 358 1567 curn
398 1527 552 1582 quibus
587 1527 707 1568 vobis
741 1526 968 1577 videbitur,
999 1528 1292 1570 consideretis.
1324 1530 1374 1570 ad
1412 1544 1527 1570 sum-

97 1597 226 1632 mam,
257 1585 398 1624 animo
433 1583 532 1624 forti
571 1584 676 1625 sitis.
735 1585 773 1615 37
794 1584 1007 1624 Labienus
1039 1599 1127 1624 rem
1159 1586 1374 1626 meliorem
1407 1585 1526 1628 fecit.

97 1639 290 1694 Adjuvat
320 1642 448 1681 etiam
480 1643 519 1672 38
539 1640 654 1692 Piso,
685 1641 798 1695 quod
833 1641 886 1681 ab
926 1642 1029 1681 urbe
1063 1642 1259 1693 discedit,
1289 1652 1332 1683 et
1359 1643 1527 1684 sceleris

97 1697 353 1737 condemnat
393 1711 593 1753 generum
619 1711 756 1738 suum.
815 1697 903 1737 Vos
947 1712 1051 1738 meae
1085 1699 1316 1740 carissimae
1355 1700 1526 1751 animae,

96 1767 222 1807 quam
248 1755 482 1809 saepissime
504 1755 554 1795 ad
586 1769 652 1795 me
679 1754 866 1804 scribite,
889 1764 931 1794 et
955 1769 1029 1794 vos
1059 1755 1160 1809 quid
1184 1757 1336 1811 agatiS‚
1358 1767 1400 1796 et
1421 1757 1525 1812 quid

96 1810 192 1851 istie
225 1821 389 1866 agatur.
451 1812 639 1858 Quintus
673 1821 807 1866 pater,
831 1821 874 1851 et
904 1811 1029 1861 filius,
1051 1821 1093 1851 et
1124 1789 1264 1852 Rufus
1303 1813 1424 1853 vobis
1459 1824 1568 1858 sa-b,

93 1865 223 1908 lutem
248 1868 412 1909 dicunt.
471 1868 634 1909 Valete.
674 1882 767 1908 vi11
802 1867 978 1909 Kalend.
1012 1868 1196 1915 Quintil.
1231 1868 1484 1912 Minturnis.

608 1952 1008 1990 ARGUMENTUM.
1078 1975 1087 1980 ,
1548 1966 1595 2003 15

199 2013 395 2051 Consilium
413 2016 548 2065 defilio
566 2017 614 2051 ad
635 2015 807 2051 Coesarem
824 2016 998 2051 mittendo
1026 2020 1206 2052 mutatum
1221 2017 1415 2067 significat.

323 2081 390 2123 M.
411 2081 462 2123 T.
487 2081 537 2123 C.
575 2079 904 2122 TERENTIAE
937 2082 1070 2123 SUAE
1105 2082 1148 2123 S.
1173 2082 1223 2124 P.
1249 2083 1306 2124 D.

98 2136 159 2189 SI
192 2148 318 2199 vales,
344 2150 448 2190 bene
475 2162 552 2190 est.
614 2149 1001 2200 Constitueramus,
1025 2161 1071 2190 ut
1103 2151 1154 2191 ad
1192 2160 1232 2191 te
1268 2161 1395 2191 antea
1428 2153 1532 2193 scri-

96 2220 276 2262 pseram,
309 2207 482 2247 obviam
517 2207 769 2248 Ciceronem
805 2206 966 2247 Caesari
998 2208 1199 2259 mittere3
1241 2208 1313 2248 sed
1347 2210 1532 2250 mutavi-

98 2277 191 2303 mus
226 2262 467 2313 consilium,
500 2264 602 2318 quia
635 2263 687 2303 de
724 2262 835 2303 illius
873 2263 1058 2304 adventu
1095 2264 1202 2305 nihil
1238 2265 1532 2308 audiebamus.

100 2319 169 2360 De
198 2319 348 2360 ceteris
379 2321 518 2370 rebus,
541 2321 619 2361 etsi
656 2319 762 2360 nihil
783 2328 873 2360 erat
900 2321 1015 2371 novi,
1039 2330 1179 2361 tamen
1207 2321 1311 2376 quid
1338 2322 1532 2374 velimus,

97 2386 142 2417 et
172 2376 275 2431 quid
310 2376 391 2417 hoc
421 2389 613 2432 tempore
647 2386 844 2432 putemus
873 2391 980 2431 opus
1001 2391 1106 2428 esse,
1128 2391 1182 2418 ex
1216 2378 1341 2419 Sicca
1372 2380 1531 2434 poteris

96 2447 371 2489 cognoscere.
431 2433 614 2474 Tulliam
647 2433 787 2474 adhuc
829 2447 995 2473 mecum
1038 2444 1177 2475 teneo.
1238 2434 1531 2477 Valitudinem

98 2498 215 2530 tuam
237 2505 339 2531 cura
360 2490 601 2547 diligenter.
662 2490 781 2530 Vale.
814 2503 890 2531 x11
917 2489 1130 2532 Kalendas
1155 2491 1340 2537 Quintil.

98 2602 181 2640 ejus.
203 2601 237 2632 J.
254 2603 307 2633 Fr.
324 2603 507 2634 Gronovius
526 2604 684 2651 probabat
701 2603 793 2633 lecti·
876 2605 915 2637 37
938 2604 1104 2634 Labienus
1118 2613 1186 2633 rem
1201 2613 1244 2633 m.
1255 2602 1309 2641 s.]
1334 2603 1464 2634 Relicto
1484 2613 1528 2634 sc.

100 2653 198 2674 onem
213 2643 286 2674 libri
310 2645 517 2676 Manutiani:
541 2647 697 2685 quiesces.-
723 2646 745 2675 i.
761 2655 793 2675 e.
837 2645 976 2682 Caesare,
991 2645 1075 2685 apud
1087 2655 1182 2684 quem
1194 2645 1446 2683 gratiosissimus
1459 2647 1530 2677 fue-

97 2685 244 2716 nondum
261 2688 407 2717 remittes
424 2689 596 2718 nuntium:
621 2692 731 2718 tamen
747 2687 788 2717 ab
830 2694 893 2723 rat,
909 2693 943 2718 et
955 2687 996 2718 ad
1011 2687 1056 2717 Po
1038 2688 1226 2727 ompeianos
1249 2696 1282 2717 se
1297 2688 1528 2726 transtulerat,

95 2729 152 2758 illo
167 2732 336 2766 nascetur;
358 2738 403 2759 sc.
418 2729 464 2760 di
464 2731 608 2767 ortium,
621 2736 679 2760 aut
691 2738 789 2760 causa
830 2739 860 2760 v.
875 2730 966 2761 Clav.

93 2769 150 2799 div
152 2770 229 2799 ortii
244 2769 392 2800 faciendi.
408 2771 474 2812 ipse
488 2772 585 2803 faciet
601 2772 651 2802 div
655 2772 789 2802 ortium.
873 2775 912 2803 38
937 2770 1030 2810 Piso]
1057 2771 1154 2801 Socer
1174 2770 1323 2808 Caesaris,
1342 2771 1396 2811 qui
1411 2770 1529 2803 deinde

99 2811 247 2848 placebat
263 2811 400 2842 Graevio.
831 2814 945 2853 generi
959 2813 1092 2844 nomine
1107 2812 1351 2852 intelligendus.
