1903 3218
367 121 444 158 AD
471 113 558 157 c'N.
586 114 877 155 PLANcUM
902 115 976 152 ΕΤ
1002 111 1289 152 CETEROS.
1471 118 1548 153 259

119 220 240 264 derer
270 231 313 265 et
345 223 524 265 nimium
561 219 836 278 pertinaciter
871 217 1035 273 Lepido
1070 216 1273 267 offensus,
1293 223 1338 257 et
1358 230 1452 257 mea
1473 232 1547 272 pa-

117 280 269 321 tientia
288 280 418 322 etiam
440 281 551 322 alere
574 275 744 319 bellum.
805 275 957 330 Itaque
977 274 1125 330 copias
1147 287 1281 330 prope
1302 273 1345 313 in
1366 287 1546 329 conspe-

117 346 237 378 ctum
273 337 423 393 Lepidi
456 334 721 388 Antoniique
754 332 931 382 adduxi,
964 331 1333 387 quadragintaque
1365 329 1545 371 millium

117 407 228 448 pass.
252 395 392 451 spatio
413 393 562 434 relicto
583 390 774 440 consedi,
795 403 846 430 eo
872 388 1067 438 consilio,
1090 397 1139 428 ut
1160 386 1226 429 vel
1252 386 1444 427 celeriter
1476 401 1546 427 ac-

117 451 281 503 cedere,
305 451 370 492 vel
390 449 629 491 salutariter
656 447 843 503 recipere
875 460 943 486 me
977 458 1160 501 possem.
1219 443 1417 499 Adjunxi
1452 442 1547 484 haec

117 507 162 547 in
195 507 290 549 loco
322 506 535 562 eligendo,
563 505 722 546 flumen
758 504 1008 560 oppositum
1041 512 1089 542 ut
1120 501 1353 552 haberem,
1385 500 1427 540 in
1462 514 1547 554 quo

118 577 240 604 mora
271 565 471 605 transitus
511 572 646 603 esset:
686 561 891 602 Vocontii
928 561 1007 600 sub
1043 573 1169 599 manu
1203 567 1251 599 ut
1285 568 1440 607 essent,
1477 571 1550 612 per

119 634 300 675 quorum
323 621 417 661 loca
438 619 619 661 fideliter
640 618 745 660 mihi
769 626 932 674 pateret
951 617 1045 657 iter.
1100 616 1302 671 Lepidus,
1324 615 1549 670 desperato

116 677 301 718 adventu
325 691 436 728 me0,
456 691 584 732 quem
614 691 699 717 non
733 674 1006 716 mediocriter
1033 673 1252 729 captabat,
1274 686 1316 713 se
1338 685 1436 713 cum
1459 670 1548 712 An·
1560 678 1589 709 b.

118 733 237 774 tonio
259 734 491 789 conjunxit
512 749 550 775 a.
565 734 607 774 d.
624 747 723 775 1111.
741 731 836 773 Kal.
855 730 1032 773 Junias:
1056 730 1294 785 eodemque
1315 729 1384 769 die
1406 728 1457 769 ad
1480 743 1548 768 me

116 801 255 832 castra
277 800 526 833 moverunt:
551 791 706 847 viginti
729 788 862 830 millia
881 803 990 844 pass.
1010 802 1106 828 cum
1128 787 1339 837 abessent,
1359 800 1423 826 res
1443 785 1548 825 mihi

116 847 313 889 nuntiata
342 857 421 889 est.
484 847 596 890 Dedi
618 861 793 904 operam
814 845 941 886 desim
964 845 1246 900 benignitate,
1268 852 1317 884 ut
1339 854 1383 884 et
1403 843 1549 884 celeri-

117 912 182 943 ter
214 919 281 945 me
315 907 562 960 reciperem,
584 915 627 945 et
661 904 731 945 hic
759 904 969 944 discessus
994 902 1098 942 nihil
1121 901 1238 957 fugae
1262 901 1399 941 simile
1418 899 1551 941 habe-

118 971 203 1001 ret:
236 976 319 1002 non
344 963 462 1002 miles
486 962 607 1012 ullus,
629 976 713 1002 non
737 974 881 1015 eques,
905 974 988 1000 non
1010 959 1245 1015 quidquam
1268 958 1551 1013 impedimen-

119 1027 257 1058 torum
282 1019 563 1070 amitteretur,
585 1029 659 1058 aut
681 1019 734 1058 ab
757 1018 838 1058 illis
866 1017 1130 1057 ferventibus
1160 1016 1397 1056 latronibus
1420 1015 1551 1055 inter-

115 1073 343 1130 ciperetur.
406 1075 559 1131 Itaque
589 1075 726 1132 pridie
758 1075 905 1115 Nonas
935 1073 1088 1115 Junias
1119 1087 1267 1113 omnes
1292 1072 1438 1128 copias
1462 1070 1552 1112 Isa-

117 1143 206 1171 ram
247 1133 410 1187 trajeci,
451 1143 702 1188 pontesque,
734 1146 841 1186 quos
881 1130 1079 1180 feceram,
1114 1130 1336 1185 interrupi,
1375 1138 1421 1168 ut
1456 1143 1552 1184 spa-

120 1187 227 1228 tium
260 1190 311 1229 ad
344 1190 635 1245 colligendum
669 1203 713 1229 se
749 1188 943 1228 homines
977 1187 1198 1235 haberent,
1220 1197 1263 1226 et
1292 1200 1373 1241 ego
1398 1199 1465 1225 me
1488 1187 1553 1226 in-

116 1254 232 1285 terea
252 1260 348 1286 cum
373 1246 538 1303 collega
557 1245 865 1300 conjungerem
887 1261 896 1285 :
929 1257 1054 1297 quem
1081 1243 1236 1292 triduo,
1258 1257 1354 1283 cum
1381 1242 1455 1282 has
1477 1242 1550 1283 da-

117 1301 214 1342 bam
244 1301 421 1354 litteras,
443 1303 764 1358 exspectabam.
828 1300 1069 1340 Laterensis
1098 1301 1233 1339 nostri
1266 1310 1309 1340 et
1342 1298 1486 1348 fidem,
1508 1308 1553 1339 et

116 1358 307 1400 animum
331 1359 590 1415 singularem
612 1359 653 1398 in
679 1357 1002 1413 rempublicam,
1023 1358 1062 1387 83
1077 1370 1244 1412 semper
1262 1355 1445 1396 fatebor.
1467 1354 1553 1396 Sed

113 1423 230 1456 certe
264 1416 397 1456 nimia
418 1416 511 1471 ejus
544 1414 813 1471 indulgentia
844 1415 888 1454 in
921 1413 1147 1469 Lepidum,
1171 1413 1221 1453 ad
1245 1413 1341 1454 haec
1363 1413 1553 1469 pericula

118 1472 413 1528 perspicienda
435 1473 540 1514 fecit
571 1486 667 1513 eum
699 1472 840 1512 minus
871 1485 1082 1527 sagacem.
1145 1470 1232 1516 Qui
1255 1470 1429 1525 quidem
1451 1484 1552 1511 cum

118 1529 160 1568 in
196 1528 388 1571 fraudem
422 1544 466 1570 se
498 1530 729 1570 deductum
765 1529 941 1578 videret,
978 1542 1144 1578 manus,
1174 1542 1278 1582 quas
1311 1526 1473 1581 justius
1505 1527 1551 1567 in

120 1585 271 1641 Lepidi
295 1587 527 1642 perniciem
550 1594 769 1636 armasset,
799 1585 879 1626 sibi
910 1583 1060 1625 afferre
1081 1593 1261 1625 conatus
1282 1582 1444 1624 est.-In
1464 1598 1552 1639 quo

116 1656 218 1683 casu
252 1654 391 1684 tamen
424 1643 715 1698 interpellatus
746 1651 790 1682 et
819 1642 960 1683 adhuc
991 1642 1112 1691 vivit,
1144 1652 1187 1682 et
1225 1641 1383 1682 dicitur
1413 1642 1551 1682 victu-

117 1713 203 1739 rus.
264 1700 346 1741 Sed
370 1711 512 1741 tamen
535 1701 587 1740 de
613 1700 695 1740 hoc
726 1699 831 1739 mihi
865 1713 1015 1754 parum
1045 1707 1210 1739 certum
1241 1708 1319 1738 est.
1381 1696 1552 1753 Magno

116 1769 214 1796 cum
256 1756 403 1798 dolore
452 1757 759 1812 parricidarum
801 1756 1018 1811 84elapsus
1068 1770 1161 1795 sum
1213 1756 1278 1795 iis.
1321 1755 1554 1796 veniebant

115 1812 245 1863 enim,
268 1814 418 1855 eodem
453 1814 596 1854 furore
622 1814 666 1854 in
698 1827 781 1862 me,
803 1827 889 1867 quo
920 1814 963 1853 in
996 1813 1194 1867 patriam,
1217 1812 1401 1853 incitati.
1462 1810 1554 1852 Ira-

114 1870 292 1911 candias
314 1882 457 1912 autem
480 1871 630 1912 harum
654 1885 792 1911 rerum
824 1879 1015 1911 recentes
1048 1870 1288 1910 habebant:
1320 1868 1436 1923 quod
1469 1868 1551 1910 Le-

118 1926 265 1982 pidum
301 1929 513 1984 castigare
546 1943 632 1968 non
667 1928 929 1977 destiteram,
960 1937 1008 1967 ut
1038 1927 1336 1982 exstingueret
1365 1925 1550 1968 bellum:

117 1985 233 2038 quod
263 1985 477 2040 colloquia
506 1986 621 2026 facta
651 1985 974 2040 improbabam:
1007 1984 1123 2038 quod
1154 1983 1333 2039 legatOS‚
1357 1982 1440 2024 fide
1471 1982 1553 2024 Le-

118 2040 208 2095 pidi
232 2042 382 2083 missos
403 2043 456 2083 ad
479 2057 561 2094 me,
583 2043 624 2082 in
649 2053 928 2096 conspectum
955 2041 1096 2081 venire
1117 2043 1156 2071 85
1170 2049 1412 2081 vetueram:
1435 2040 1553 2095 quod

119 2096 171 2138 C.
195 2097 370 2139 Catium
397 2099 636 2149 Vestinum,
661 2100 878 2139 tribunum
913 2097 1113 2147 militum,
1135 2097 1361 2138 86missum
1382 2097 1437 2138 ab
1459 2097 1552 2138 An-

117 2155 239 2196 tonio
260 2156 311 2196 ad
343 2170 412 2197 me
441 2171 540 2197 cum
572 2157 738 2206 litteris,
760 2169 1030 2211 exceperam.
1092 2153 1143 2194 In
1164 2169 1251 2209 quo
1282 2154 1393 2196 hanc
1423 2154 1550 2210 capio

116 2211 399 2268 voluptatem,
429 2213 545 2268 quod
576 2222 706 2263 certe,
737 2227 823 2267 quo
864 2212 1001 2267 magis
1035 2225 1102 2251 me
1135 2212 1394 2267 petiverunt,
1427 2220 1590 2253 tantoP·
1609 2213 1678 2244 ¹⁵⁹·

117 2268 324 2324 majorem
359 2269 425 2310 his
462 2270 683 2310 frustratio
719 2269 909 2310 dolorem
952 2268 1110 2309 attulit.
1170 2266 1251 2319 Tu,
1283 2270 1343 2310 mi
1378 2265 1591 2321 Cicero‚³·

116 2326 232 2380 quod
256 2326 397 2368 adhuc
419 2327 575 2377 fecisti,
597 2327 709 2367 idem
745 2335 903 2382 praesta
922 2343 933 2378 ;
966 2335 1011 2366 ut
1035 2324 1262 2381 vigilanter
1283 2339 1552 2380 nervoseque

118 2397 210 2434 nos,
244 2385 317 2439 qui
361 2393 521 2425 stamus
564 2385 608 2424 in
648 2384 755 2434 acie,
795 2384 1017 2424 subornes.
1076 2382 1233 2424 Veniat
1265 2382 1413 2424 Caesar
1451 2397 1552 2423 cum

159 2525 198 2555 83
219 2533 345 2564 semper
353 2523 503 2564 fatebor]
529 2525 652 2556 Durius
674 2529 736 2560 est,
759 2524 811 2553 in·
896 2524 936 2554 86
959 2523 1091 2553 missum
1108 2523 1150 2553 ab
1162 2522 1203 2553 A.
1217 2523 1263 2553 ad
1278 2522 1342 2563 me]
1360 2523 1436 2554 Sine
1450 2521 1549 2552 dubio

118 2564 279 2604 tangere,
291 2568 486 2606 praedieabo.
500 2577 542 2597 an
556 2567 675 2597 excidit
678 2565 812 2606 ficis-ve?
855 2564 1062 2596 scribendum
1076 2571 1127 2596 est
1148 2565 1194 2595 ad
1212 2575 1245 2595 se
1256 2578 1264 2594 :
1288 2574 1366 2596 nam
1387 2565 1413 2594 si
1436 2563 1477 2594 ad
1499 2564 1547 2604 ip-

163 2609 204 2638 84
223 2609 350 2648 elapsus
374 2619 447 2639 sum
474 2607 527 2648 iis]
559 2609 624 2646 Sic,
654 2618 721 2638 non
748 2609 809 2644 his,
853 2617 923 2637 sum
939 2608 1055 2637 missus
1071 2613 1154 2643 erat,
1170 2606 1334 2646 quomodo
1354 2605 1545 2645 excipiebat,

124 2649 186 2680 Ms.
204 2659 294 2679 meus
306 2656 339 2682 et
352 2651 401 2682 ed.
417 2651 512 2682 Rom.
536 2650 685 2682 Fortasse
700 2656 814 2681 tamen
857 2654 928 2687 aut,
942 2654 981 2679 ut
995 2656 1045 2680 est
1067 2649 1101 2680 in
1115 2649 1164 2679 ed.
1185 2652 1276 2683 1471.
1291 2648 1514 2687 attera-ipiebat
1527 2648 1545 2678 5’

118 2696 167 2722 est
182 2697 217 2721 et
233 2691 294 2721 boc
308 2702 328 2723 a
342 2693 533 2731 glossatore.
854 2692 900 2722 ad
919 2702 952 2722 se
972 2692 1034 2721 int.
1050 2692 1092 2722 ad
1112 2691 1187 2721 ilios
1208 2689 1396 2732 parricidam,
1410 2689 1451 2720 ad
1465 2698 1547 2730 quos

161 2736 200 2764 85
223 2733 424 2775 vetaveram]
449 2735 584 2765 Con-exi
606 2738 774 2765 vetuerant
789 2744 806 2765 e
849 2737 961 2764 totum
977 2734 1040 2764 hoc
1059 2735 1215 2774 pertinet.
1232 2732 1318 2763 male
1333 2730 1466 2771 quidam
1480 2731 1549 2762 edi-

119 2775 199 2805 Mss.
227 2784 312 2812 meo,
333 2775 397 2808 Gu.
425 2779 451 2807 1.
478 2782 513 2807 et
539 2776 612 2807 edd.
636 2787 684 2817 pr.
712 2775 807 2813 illud,
851 2774 1127 2806 deruntadeum.

118 2817 195 2855 quia
229 2817 423 2850 insolentius
456 2824 519 2856 eet,
548 2821 671 2860 recepit
697 2819 812 2851 Victo·
897 2820 938 2890 εἶ
962 2814 1227 2855 nos—subornes]
1257 2815 1421 2854 Iusti-uas,
1439 2815 1549 2856 juves.

121 2860 198 2890 rius.
853 2868 884 2889 v.
898 2860 923 2892 C
940 2868 991 2889 av.

799 2906 899 2946 ⁵12,
