1817 3196
434 95 515 132 AD
539 91 880 131 METELLUM
905 90 981 129 ET
1011 90 1291 127 CETEROS.
1504 93 1577 128 115

144 195 202 237 da
223 197 300 249 sit;
331 198 395 239 sin
419 197 473 237 sit
494 197 688 246 amissus,
707 195 822 236 nulla
845 193 977 235 videri
1000 193 1171 235 miseria
1191 193 1360 242 debeat,
1379 206 1476 247 quae
1495 208 1580 235 non

147 254 381 296 sentiatur:
413 253 497 294 hoc
531 263 671 293 tamen
706 267 792 293 non
823 252 1024 292 dubitans
1046 250 1300 291 confirmare
1323 263 1512 305 possum,
1533 265 1583 291 ea

146 311 331 362 misceri,
363 311 517 366 parari,
552 310 798 365 impendere
830 308 1094 364 reipublicae,
1114 321 1211 362 quae
1245 306 1319 361 qui
1349 306 1580 360 reliquerit,

150 368 267 408 nullo
289 368 418 409 modo
438 366 539 407 mihi
565 366 737 421 quidem
769 367 972 421 deceptus
994 378 1085 405 esse
1109 364 1317 404 videatur.
1378 362 1495 409 Quid
1518 373 1583 402 est

144 424 258 465 enim
275 424 368 480 jam
391 437 475 464 non
496 424 624 464 modo
648 423 815 479 pudori,
838 421 1060 478 probitati,
1084 421 1248 469 virtuti,
1270 420 1397 461 rectis
1414 419 1581 470 studiis,

148 481 270 522 bonis
291 481 466 530 artibus,
486 480 558 521 sed
591 481 768 521 omnino
791 480 976 520 libertati
1007 493 1056 519 ac
1079 477 1204 519 saluti
1226 477 1338 518 loci?
1370 491 1470 527 non,
1494 490 1581 517 me-

145 536 330 588 hercule,
351 551 608 591 quemquam
637 537 782 578 audivi
815 536 898 577 hoc
931 536 1199 591 gravissimo,
1232 533 1579 590 pestilentissimo

142 608 256 634 anno
274 593 635 635 adolescentulum
659 604 733 635 aut
758 607 936 650 puerum
963 602 1195 641 mortuum,
1218 591 1291 646 qui
1319 591 1425 632 mihi
1449 604 1534 631 non
1552 606 1578 631 a

144 650 225 691 diis
259 650 572 692 immortalibus
594 652 818 708 64ereptus
846 663 901 690 ex
925 648 990 690 his
1020 648 1215 697 miseriis,
1250 657 1378 702 atque
1412 662 1466 688 ex
1496 648 1579 689 ini-

141 706 346 761 quissima
367 708 617 749 conditione
651 708 768 758 vitae‚
799 707 1025 748 videretur,
1086 706 1246 755 Quare,
1280 705 1313 745 si
1343 706 1420 746 tibi
1445 719 1576 746 unum

138 761 222 804 hoc
243 764 409 805 detrahi
435 774 590 820 potest,
610 779 663 806 ne
684 765 787 819 quid
810 764 876 814 iis,
899 778 1006 818 quos
1026 763 1193 813 amasti,
1214 762 1312 803 mali
1333 772 1456 817 putes
1475 777 1577 803 con-

141 819 314 875 tigisse:
348 822 606 877 permultum
629 823 710 862 erit
727 836 781 862 ex
803 835 989 862 moerore
1011 829 1086 861 tuo
1108 819 1384 860 diminutum.
1434 818 1578 860 Relin-

136 888 294 931 quetur
316 879 429 919 enim
452 880 492 910 65
506 879 688 935 simplex
724 879 793 919 illa
819 879 913 932 jam
936 892 1037 919 cura
1069 876 1228 918 doloris
1260 876 1337 927 tui,
1359 890 1455 931 quae
1490 891 1576 918 non

137 947 237 976 cum
261 933 342 975 illis
360 936 767 986 communicabitur,
791 936 863 976 sed
896 934 949 976 ad
980 944 1022 975 te
1044 934 1184 990 ipsum
1219 933 1389 989 proprie
1421 932 1616 978 refere-b.

139 999 232 1033 tur:
265 993 307 1032 in
331 1005 416 1047 qua
438 1007 523 1034 non
546 993 718 1049 estjam
742 992 966 1049 gravitatis
999 1006 1048 1032 ac
1078 991 1300 1047 sapientiae
1324 999 1425 1041 tuae,
1447 1005 1576 1045 quam

138 1055 183 1088 tu
207 1063 232 1088 a
254 1063 386 1104 puero
409 1050 665 1105 praestitisti,
695 1049 804 1091 ferre
826 1049 1148 1090 immoderatius
1172 1062 1317 1089 casum
1340 1047 1579 1089 incommo-

138 1103 292 1146 dorum
321 1115 509 1157 tuorum,
541 1108 614 1162 qui
647 1107 703 1147 sit
735 1108 789 1148 ab
821 1121 983 1156 eorum,
1016 1120 1123 1160 quos
1156 1105 1370 1155 dilexeris,
1410 1104 1581 1146 miseria

138 1162 337 1218 maloque
364 1163 599 1219 sejunctus.
663 1163 834 1204 Etenim
870 1177 965 1203 eum
997 1177 1163 1217 semper
1193 1172 1249 1211 te,
1271 1171 1315 1202 et
1337 1162 1515 1217 privatis
1535 1163 1578 1203 in

136 1219 278 1271 rebus,
299 1229 343 1260 et
362 1220 545 1275 publicis
572 1221 823 1276 praestitisti‚
847 1219 1006 1260 tuenda
1028 1219 1107 1260 tibi
1140 1228 1187 1258 ut
1222 1219 1277 1258 sit
1312 1219 1514 1273 gravitas,
1536 1229 1579 1260 et

133 1277 391 1318 constantiae
420 1277 707 1317 serviendum.
770 1276 899 1327 Nam,
922 1275 1037 1330 quod
1070 1275 1249 1316 allatura
1276 1285 1341 1315 est
1373 1275 1466 1331 ipsa
1483 1276 1578 1316 diu-

136 1333 334 1384 turnitas,
353 1348 451 1388 quae
477 1334 689 1374 maximos
717 1333 857 1374 luctus
882 1341 1094 1374 vetustate
1116 1331 1243 1382 tollit,
1266 1332 1308 1373 id
1330 1346 1409 1372 nos
1427 1333 1579 1387 praeci-

133 1402 234 1444 pere
255 1390 436 1431 consilio
456 1391 767 1446 prudentiaque
787 1391 1009 1432 debemus.
1073 1389 1246 1430 Etenim
1279 1389 1312 1429 si
1349 1389 1464 1430 nulla
1485 1405 1579 1431 um-

135 1460 264 1501 quam
287 1446 385 1498 fuit,
404 1447 550 1488 liberis
570 1449 752 1498 amissis,
773 1457 861 1488 tam
885 1446 1100 1488 imbecillo
1123 1446 1275 1488 mulier
1301 1447 1461 1497 animo,
1480 1462 1577 1502 quae

134 1516 223 1544 non
245 1503 476 1559 aliquando
503 1505 675 1560 lugendi
711 1505 886 1545 modum
919 1504 1092 1545 fecerit:
1125 1514 1240 1544 certe
1262 1518 1354 1554 nos,
1377 1504 1492 1558 quod
1513 1515 1578 1545 est

135 1559 227 1601 dies
249 1560 441 1612 allatura,
473 1561 514 1601 id
550 1561 729 1602 consilio
760 1561 971 1602 anteferre
1006 1561 1227 1610 debemus,
1256 1574 1395 1615 neque
1425 1575 1578 1617 exspe-

132 1625 250 1658 ctare
274 1618 479 1673 temporis
503 1618 777 1669 medicinam,
800 1634 928 1674 quam
953 1627 1258 1674 repraesentare
1281 1618 1446 1658 ratione
1479 1633 1579 1673 pos—

135 1674 283 1716 simus.
343 1674 427 1715 His
450 1690 532 1731 ego
555 1676 706 1716 litteris
731 1676 763 1716 si
794 1676 898 1730 quid
931 1675 1222 1731 profecissem.
1256 1674 1577 1725 existimabam,

129 1731 371 1787 optandum
392 1733 596 1786 quiddam
619 1747 687 1773 me
709 1746 800 1773 esse
821 1741 1086 1774 assecutum:
1120 1733 1185 1773 sin
1208 1730 1349 1771 minus
1369 1730 1481 1772 forte
1503 1747 1575 1772 va-

131 1787 324 1839 luissent,
349 1789 494 1830 officio
516 1790 556 1820 66
572 1799 713 1830 tamen
744 1804 835 1831 esse
862 1789 1060 1830 functum
1092 1787 1474 1830 benivolentissimi
1510 1799 1575 1830 at-

129 1859 216 1900 que
236 1846 512 1898 amicissimi;
542 1861 668 1902 quem
703 1861 771 1888 me
805 1847 884 1888 tibi
913 1855 956 1887 et
989 1846 1120 1887 fuisse
1153 1859 1320 1901 semper
1352 1845 1573 1888 existimes

133 1902 279 1954 velim,
297 1911 342 1944 et
364 1902 557 1944 futurum
580 1918 670 1945 esse
691 1903 899 1945 confidas.

645 1977 1049 2014 ARGUMENTUM.

132 2037 294 2076 Excusat
312 2040 527 2076 tarditatem
554 2040 773 2082 litterarum,
802 2044 838 2076 et
866 2039 1030 2075 Sextium
1061 2038 1241 2078 hortatur,
1263 2042 1303 2073 ut
1328 2040 1511 2086 sapienter
1537 2044 1573 2075 et

172 2089 334 2140 fortiter
352 2093 517 2128 exsilium
525 2090 646 2140 ferat,
667 2094 715 2129 ad
731 2093 772 2128 id
786 2094 889 2128 vario
906 2104 990 2127 usus
1008 2091 1264 2127 consolationis
1283 2096 1508 2138 argumento,

453 2158 522 2199 M.
548 2158 599 2200 C.
632 2159 677 2200 S.
701 2158 759 2200 D.
792 2158 843 2200 P.
867 2157 1113 2209 SEXTIO‚
1138 2156 1188 2198 P.
1212 2157 1262 2198 F.

130 2212 286 2267 NON
308 2225 526 2267 oblivione
547 2226 752 2268 amicitiae
775 2236 950 2278 nostrae,
969 2239 1108 2281 neque
1126 2224 1443 2266 intermissione
1467 2240 1574 2267 con-

127 2282 367 2332 suetudinis
388 2297 512 2334 meae,
547 2283 837 2340 superioribus
869 2283 1135 2339 temporibus
1160 2282 1213 2324 ad
1237 2292 1279 2323 te
1301 2281 1435 2323 nullas
1457 2282 1572 2324 litte-

1593 1979 1636 2019 17

170 2395 212 2426 6⁴
234 2399 384 2435 exceptus
398 2405 438 2426 ex
452 2396 501 2426 his
525 2395 676 2436 miseriis]
703 2396 756 2426 Sic
771 2396 827 2426 Vi-
869 2394 942 2426 dem
968 2395 1053 2437 apud
1077 2395 1248 2426 Drakenb.
1275 2395 1315 2426 ad
1343 2395 1400 2425 Sil.
1425 2395 1468 2432 V,
1498 2398 1569 2426 551.

127 2437 251 2468 etot-ius
272 2437 374 2468 edidit
397 2447 456 2478 pro
477 2442 615 2478 ereptus,
632 2439 718 2478 quod
734 2439 828 2469 resti·
869 2439 982 2469 omnia
995 2443 1074 2468 sunt
1088 2448 1106 2468 e
1121 2438 1248 2478 poetis:
1272 2437 1327 2468 sed
1343 2438 1476 2468 verbum
1490 2439 1569 2467 sim-

127 2481 196 2510 tuit
209 2479 366 2511 Graevius.
381 2486 480 2511 recte.
497 2481 558 2511 nisi
575 2481 657 2511 illud
678 2485 828 2520 exceptus
863 2482 943 2521 plez·
970 2486 1005 2511 et
1031 2486 1141 2510 cetera
1165 2480 1418 2516 communicare,
1451 2478 1569 2518 referri

128 2534 247 2561 natum
270 2536 321 2561 est
341 2541 380 2562 ex
394 2536 571 2571 exemptus,
587 2526 729 2572 exe—ptus.
773 2531 826 2563 Sic

132 2570 199 2602 Gur
214 2577 363 2613 uterque.

170 2614 211 2644 65
233 2615 370 2656 simplex
384 2624 466 2646 cura
488 2615 619 2655 doloris]
645 2615 732 2645 Puto
745 2614 824 2644 scri-

128 2653 273 2688 bendum
293 2667 406 2696 causa,
423 2667 566 2697 quocum
582 2658 679 2688 verbo
693 2666 777 2688 cura
791 2657 826 2687 in

131 2695 222 2728 libris
236 2698 320 2730 solet
337 2701 530 2741 permutari.
546 2709 576 2730 v.
592 2699 765 2730 Drakenb.
784 2699 825 2730 ad

129 2735 202 2770 Liv.
220 2739 283 2779 111,
296 2742 349 2773 64.
391 2743 469 2773 Non
489 2742 605 2781 ignoro
623 2751 742 2772 curam
765 2751 824 2781 pro

130 2781 299 2827 curatione
313 2783 440 2815 medica
454 2784 530 2821 dici,
550 2793 737 2824 quanquam
752 2793 821 2814 ma-

127 2829 176 2860 gis
190 2832 211 2854 a
225 2825 342 2864 poetis,
357 2835 457 2866 quam
469 2825 542 2858 aliis
554 2837 564 2857 z
586 2825 737 2868 exempla
749 2826 820 2865 qui-

869 2522 966 2562 plane
986 2532 1053 2553 non
1075 2523 1278 2552 conveniunt
1292 2522 1454 2552 curationi
1475 2521 1566 2559 mali,

868 2565 924 2595 sed
938 2565 979 2595 ad
994 2574 1124 2595 eausam
1142 2564 1314 2594 manifeste
1329 2564 1508 2603 pertinent.

911 2607 952 2638 66
987 2611 1098 2637 tamen
1124 2616 1187 2636 esse
1201 2605 1421 2646 sanctarum]
1462 2606 1566 2635 Miror

868 2648 954 2679 hane
969 2649 1146 2679 lectionem
1161 2647 1289 2678 defendi
1312 2658 1330 2677 a
1349 2647 1424 2677 viris
1447 2646 1564 2684 doctis,

867 2700 943 2721 cum
963 2696 1150 2731 temporum
1173 2691 1257 2720 ratio
1274 2689 1443 2719 manifeste
1468 2699 1561 2730 repu-

865 2738 959 2772 gnet,
985 2739 1019 2764 et
1031 2732 1196 2772 functum
1219 2731 1391 2766 desideret,
1416 2732 1501 2770 quod
1517 2742 1564 2765 re.

865 2776 970 2814 posui.
1016 2776 1068 2806 Sic
1083 2779 1133 2804 est
1153 2774 1187 2804 in
1209 2773 1272 2804 Gu.
1298 2776 1327 2804 2.
1350 2773 1450 2804 etiam
1467 2774 1500 2804 in
1517 2774 1562 2803 al-

863 2822 950 2856 tero,
964 2816 1020 2847 sed
1036 2826 1116 2848 am.
1132 2825 1158 2846 s.

817 2874 883 2908 12
