1865 3223
549 95 634 134 AD
659 90 997 132 TIRONEM.
1406 99 1481 134 415

54 199 328 253 TULLIUS,
363 200 436 243 ET
467 197 715 248 CICERO,
749 195 822 238 ET
854 196 911 243 Q.
938 195 996 242 Q.
1017 193 1240 237 TIRONI
1274 195 1482 240 HUMA-

443 256 592 299 NISS.
626 253 699 296 ET
732 252 866 296 OPT.
898 253 942 294 S.
971 251 1017 292 P.
1042 250 1099 292 D.

58 310 236 376 VlDE,
258 335 418 381 quanta
448 326 502 367 sit
532 324 574 365 in
605 333 647 365 te
670 323 870 364 suavitas.
934 320 1051 362 Duas
1074 319 1198 360 horas
1220 318 1376 376 Thyrei
1400 321 1485 362 fui.

55 396 163 423 mus.
226 383 503 424 Xenomenes
533 381 689 436 hospes
719 390 805 421 tam
839 388 880 419 te
912 377 1068 432 diligit,
1100 391 1227 432 quam
1260 379 1291 417 si
1328 379 1485 420 vixerit.

57 449 214 480 tecum.
277 439 319 480 Is
355 440 498 481 omnia
520 437 736 494 pollicitus
768 444 846 487 est,
869 450 965 490 quae
1000 434 1079 475 tibi
1112 442 1252 474 essent
1275 449 1397 489 opus.
1420 436 1484 476 fa-

56 505 222 536 cturum
250 506 370 552 puto.
430 495 543 536 Mihi
570 495 778 551 placebat,
802 493 834 534 si
858 492 1019 533 firmior
1044 505 1170 541 esses,
1192 494 1207 524 ἵ
1225 500 1271 531 ut
1302 501 1341 531 te
1377 491 1485 532 Leu-

55 552 204 593 cadem
242 554 500 609 ‹leportaret‚
537 563 581 593 ut
621 552 679 592 ibi
715 561 756 591 te
790 550 912 606 plane
944 548 1232 589 confirmares.
1292 547 1484 599 Videbis,

59 610 160 662 quid
205 609 352 661 Curio,
394 610 497 664 quid
542 609 717 664 Lysoni,
759 607 860 662 quid
903 605 1070 646 medico
1118 604 1299 661 placeat.
1359 605 1486 646 Vole-

59 666 156 706 bam
197 666 249 706 ad
293 677 331 707 te
372 666 614 708 Marionem
655 665 899 706 remittere:
931 676 1073 718 quem,
1106 676 1203 703 cum
1240 661 1487 704 meliuscule

58 723 136 762 tibi
161 731 285 773 esset,
308 724 358 764 ad
385 738 451 764 me
473 724 687 764 mitteres:
720 721 791 762 sed
826 720 1030 776 cogitavi,
1055 734 1157 760 unas
1191 718 1352 760 litteras
1388 719 1487 760 Ma-

57 779 219 819 rionem
245 779 395 821 afferre
419 795 556 836 posse,
581 794 646 820 me
667 787 809 820 autem
837 778 1004 819 crebras
1035 785 1298 831 exspectare.
1359 775 1489 818 Pote-

58 835 114 875 ris
148 836 294 891 igitur,
316 847 359 878 et
392 837 537 887 facies,
560 837 593 876 si
628 851 695 876 me
727 835 887 891 diligis,
922 844 969 875 ut
994 833 1186 887 quotidie
1219 833 1274 873 sit
1304 831 1488 875 Acastus

57 891 100 932 in
135 903 275 948 portu.
338 893 470 934 Multi
507 904 644 943 erunt,
675 893 830 948 quibus
864 901 978 932 recte
1010 891 1172 931 litteras
1205 889 1304 931 dare
1337 892 1488 946 possis,

57 949 130 1003 qui
153 950 207 990 ad
230 964 297 990 me
318 950 499 991 libenter
522 950 750 1006 perferant.
811 948 1022 1004 Equidem
1052 947 1199 987 Patras
1221 956 1393 988 euntem
1414 963 1488 989 ne·

57 1006 215 1046 minem
255 1007 596 1062 praetermittam.
660 1006 753 1062 Ego
790 1020 959 1046 onmem
1001 1018 1117 1059 spem
1161 1004 1222 1044 tui
1261 1004 1489 1060 diligenter

58 1063 234 1103 curandi
259 1064 300 1103 in
326 1063 459 1104 Curio
485 1065 635 1104 liabeo.
698 1063 818 1104 Nihil
849 1073 990 1118 potest
1020 1061 1092 1102 illo
1125 1060 1213 1101 fieri
1247 1060 1488 1113 humanius,

60 1119 165 1159 nihil
202 1121 335 1160 nostri
370 1122 597 1162 amantius.
661 1119 710 1160 Ei
746 1131 786 1160 te
820 1129 957 1159 totum
994 1118 1125 1158 trade.
1148 1117 1259 1159 malo
1282 1128 1324 1159 te
1347 1119 1487 1174 paullo

58 1187 154 1231 post
179 1178 403 1227 valentem,
426 1192 553 1232 quam
581 1178 725 1218 statim
761 1176 1020 1217 imbecillum
1046 1175 1200 1215 videre.
1262 1175 1377 1216 Cura
1406 1177 1488 1232 igi-

60 1243 126 1272 tur
150 1234 252 1274 nibil
277 1235 406 1284 aliud,
431 1236 507 1274 nisi
535 1245 579 1274 ut
600 1244 643 1274 tu
669 1234 830 1274 valeas:
865 1243 1006 1273 cetera
1026 1246 1107 1287 ego
1130 1232 1304 1272 curabo.
1344 1232 1487 1274 Etiam

57 1299 185 1345 atque
207 1292 335 1331 etiam
360 1292 464 1332 vale.
502 1291 694 1331 Leucade
718 1290 1006 1345 proficiscenS,
1029 1302 1098 1329 vn
1126 1287 1227 1329 Idus
1251 1289 1488 1331 Nove-mbr.

569 1378 972 1415 ARGUMENTUM.
1501 1382 1529 1422 6

76 1440 210 1488 Rogat,
230 1454 272 1477 ne
291 1442 378 1489 quid
396 1443 556 1483 omittat,
578 1443 673 1488 quod
691 1442 739 1477 acl
756 1442 1040 1489 recuperandam
1058 1442 1298 1477 valetudinem
1315 1447 1462 1489 spectet.

184 1508 250 1550 M.
273 1508 534 1550 TULLIUS
568 1507 686 1549 CIC.
722 1507 922 1549 PATER
954 1507 1029 1549 ET
1061 1507 1174 1549 FIL.
1206 1507 1281 1549 ET
1313 1509 1369 1555 Q.

547 1566 602 1611 Q.
623 1564 846 1606 TIRONI
880 1565 923 1606 S.
948 1564 1005 1606 D.

59 1621 351 1673 TERTIAM
386 1633 438 1673 ad
473 1642 514 1674 te
549 1633 660 1674 hanc
693 1633 918 1688 epistolam
950 1633 1098 1688 scripsi
1126 1632 1274 1675 eodem
1298 1634 1381 1685 die,
1403 1649 1493 1676 ma-

63 1690 128 1744 gis
165 1691 352 1730 instituti
387 1690 468 1730 mei
503 1691 673 1730 tenendi
707 1705 849 1741 causa,
871 1691 972 1746 quia
1003 1700 1153 1731 nactus
1186 1705 1298 1731 eram
1326 1692 1395 1732 cui
1417 1692 1491 1733 da-

63 1761 165 1796 rem,
190 1750 364 1801 8quam,
392 1761 478 1801 quo
513 1747 728 1797 haberem,
759 1748 873 1802 quod
910 1747 1154 1788 scriberem.
1216 1748 1356 1803 Igitur
1388 1748 1489 1790 illa:

62 1813 267 1858 quantum
295 1817 360 1843 me
386 1803 545 1859 diligis,
568 1815 732 1844 tantum
765 1804 922 1844 adhibe
954 1805 998 1844 in
1034 1814 1074 1844 te
1109 1804 1361 1860 diligentiae.
1420 1805 1491 1847 Ad

63 1870 135 1900 tua
167 1861 494 1901 innumerabilia
527 1861 569 1901 in
605 1875 672 1900 me
705 1862 849 1901 officia
881 1861 988 1901 adde
1021 1860 1119 1911 hoc,
1140 1862 1254 1916 quod
1283 1862 1388 1903 mihi
1411 1863 1493 1904 erit

60 1917 351 1973 gratissimum
385 1918 592 1958 omnium.
615 1932 711 1958 cum
748 1918 994 1958 valitudinis
1024 1918 1249 1969 rationem,
1273 1928 1319 1960 ut
1354 1934 1494 1975 sperO,

64 1974 277 2024 habueris,
301 1974 458 2014 habeto
491 1976 619 2014 etiam
655 1975 959 2030 navigationis.
1020 1973 1072 2014 In
1100 1974 1269 2016 Italiam
1291 1977 1494 2018 euntibus

62 2031 263 2072 omnibus
295 2031 348 2071 ad
383 2045 449 2073 me
481 2030 641 2072 litteras
675 2031 811 2081 dabis,
834 2042 880 2072 ut
914 2045 995 2087 ego
1028 2042 1199 2073 euntem
1236 2033 1385 2074 Patras
1420 2049 1494 2075 ne-

60 2088 220 2128 minem
261 2088 559 2143 praetermitto,
622 2087 750 2137 Cura,
785 2104 888 2130 cura
927 2100 982 2137 te,
1024 2089 1082 2129 mi
1122 2089 1253 2141 Tiro;
1293 2092 1492 2146 9quando

34 2147 146 2186 'non
179 2145 382 2200 contigit,
403 2155 450 2185 ut
485 2145 609 2185 simul
643 2146 880 2201 navigares,
902 2144 1011 2186 nihil
1041 2156 1120 2197 est,
1142 2148 1257 2202 quod
1287 2146 1621 2198 festineszp.25a

61 2216 140 2242 nec
175 2202 408 2257 quidquam
443 2217 579 2252 cures,
616 2203 696 2242 nisi
731 2214 776 2242 ut
811 2203 965 2244 valeas.
1027 2202 1169 2245 Etiam
1202 2214 1330 2260 atque
1362 2207 1533 2247 etiama-

66 2258 172 2299 vale.
225 2272 295 2299 vn
321 2258 422 2299 Idus
448 2259 684 2300 Novembr.
744 2259 891 2310 Actio,
913 2261 1093 2317 vesperi.

579 2348 983 2388 ARGUMENTUM.
1508 2355 1532 2396 7

65 2410 234 2447 Adversis
252 2412 365 2447 ventis
382 2423 419 2446 se
437 2413 549 2447 teneri
567 2413 715 2448 scribit:
744 2417 784 2448 ut
804 2414 1044 2450 valetudinem
1061 2418 1173 2457 curet,
1191 2426 1255 2450 nec
1273 2416 1342 2452 nisi
1371 2417 1498 2466 corfir-

539 2469 657 2500 matus
676 2467 835 2513 naviget,
856 2466 1034 2503 hortatur.

107 2588 126 2619 7
148 2589 187 2615 ut
201 2589 232 2615 te
252 2585 294 2617 L.
310 2586 510 2627 deportaret]
536 2588 609 2618 Hoc
631 2588 760 2625 melius,
803 2590 886 2630 rem]
907 2591 1040 2622 Cor-rexi
1060 2596 1095 2622 et
1116 2591 1170 2622 hic
1191 2591 1283 2631 quod.
1304 2596 1343 2622 ut
1364 2592 1443 2624 alibi
1465 2594 1500 2625 in

64 2626 151 2666 quod
171 2627 243 2657 edd.
269 2639 316 2668 pr.
338 2635 371 2659 et
399 2630 478 2660 Mss.
508 2631 627 2670 plureS,
651 2633 683 2661 in
711 2631 762 2661 bjs
803 2632 863 2662 hac
880 2634 997 2665 forma.
1042 2634 1094 2664 Sic
1108 2639 1158 2664 est
1180 2633 1214 2663 in
1236 2635 1388 2665 omnibus
1409 2635 1502 2667 libris

69 2678 174 2706 meus,
198 2669 333 2706 babent,
346 2681 441 2710 quam
457 2673 653 2712 deportares,
676 2674 762 2713 quod
804 2675 890 2705 iufra
903 2686 953 2715 ep.
968 2676 1021 2707 26.

65 2709 184 2759 durum
200 2718 261 2760 est.
277 2712 359 2760 illud
381 2713 420 2743 ad
442 2714 667 2746 Xenomenem
690 2725 762 2755 per·
846 2721 866 2751 9
887 2719 1016 2757 quando
1038 2728 1102 2748 mm
1125 2717 1168 2757 e.]
1195 2718 1275 2749 Mss.
1300 2723 1334 2750 et
1356 2719 1427 2751 edd.
1451 2731 1501 2762 pr.

64 2757 164 2789 tinet,
190 2763 242 2783 cui
263 2753 394 2785 'ru-onis
419 2756 612 2797 deportandi
636 2768 715 2788 cura
743 2768 762 2788 a
803 2761 945 2799 quando,
962 2770 1019 2802 pro
1040 2770 1154 2802 quum.
1168 2761 1266 2801 quod,
1283 2765 1322 2792 ut
1342 2761 1433 2801 alibi,
1448 2763 1503 2795 de-

68 2794 224 2825 cicerone
241 2796 395 2828 mandata
408 2805 490 2829 erat.
804 2801 924 2834 dimus.

106 2838 124 2867 8
146 2846 245 2878 quam
270 2848 330 2879 quo
357 2840 520 2879 haberem,
541 2842 621 2883 quid
645 2842 762 2873 scribe-
