1860 3228
186 1073 242 1110 20

122 1871 155 1902 p.
173 1863 242 1892 105.

264 93 337 128 168
621 90 801 128 EPIST.
829 88 1016 126 LIBER
1042 86 1337 126 SEPTIMUS

261 194 560 250 subnegarem‚
590 208 676 234 uon
701 193 931 234 tribuerem
953 202 1083 243 certe,
1114 191 1210 232 G4id
1236 192 1402 233 absenti
1424 191 1579 232 debere
1601 206 1686 234 non

292 251 399 292 otui.
461 249 612 306 Itaque
651 259 698 291 ut
740 250 920 305 primum
958 249 1080 290 Velia
1115 248 1317 304 navigare
1348 248 1482 304 coepi,
1520 248 1687 290 institui

299 307 426 363 opica
456 307 715 349 Aristotelea
744 307 1028 356 conscribere,
1052 306 1105 346 ab
1138 305 1231 360 ipsa
1255 306 1358 346 urbe
1381 306 1688 357 commonitus,

260 365 554 406 amantissima
576 365 653 405 tui.
715 362 824 404 Eum
848 363 1003 403 librum
1029 362 1106 403 tibi
1129 362 1225 402 misi
1251 362 1437 419 Rhegio,
1466 362 1689 418 scriptum,

260 421 300 452 65
316 436 445 476 quarn
469 422 714 476 planissimo
737 435 800 460 res
825 419 895 460 illa
916 419 1043 460 scribi
1072 419 1227 474 potuit.
1288 420 1362 460 Sin
1388 418 1467 460 tibi
1490 418 1690 474 quaedam

263 477 522 520 videbuntur
554 477 829 519 obscuriora:
862 476 1054 531 cogitare
1086 475 1278 525 debebis,
1307 476 1348 506 66
1362 475 1519 516 nullam
1552 485 1689 517 artem

261 532 429 586 litteris,
452 535 543 576 sine
565 535 812 588 interprete,
843 542 886 572 et
915 533 1005 572 sine
1029 531 1172 586 aliqua
1192 533 1501 574 exercitatione
1524 532 1689 589 percipi

262 605 400 646 posse.
451 592 552 633 Non
576 591 704 646 longe
725 589 896 630 abieris.
928 603 1030 629 num
1046 588 1120 643 jus
1141 587 1266 628 civile
1287 600 1472 630 vestrum
1495 604 1549 630 ex
1569 589 1691 630 libris

258 650 463 704 cognosci
489 651 658 704 potest?
680 647 752 701 qui
773 660 1032 700 quamquain
1056 643 1226 700 plurimi
1247 655 1359 696 sunt,
1381 645 1601 687 doctorem
1625 654 1690 687 ta-

257 718 356 746 men
379 706 417 739 67
434 720 565 746 unum
597 718 723 759 quem
755 703 1013 743 desiderant.
1074 701 1350 756 Quamquam
1381 713 1426 743 tu
1458 703 1491 743 si
1523 712 1688 744 attente

256 761 386 817 leges,
417 763 451 802 si
483 762 655 817 saepius,
677 775 751 815 per
776 770 815 800 te
838 759 983 799 onmia
1004 768 1358 813 consequere‚·ut
1388 769 1502 800 certe
1533 759 1691 801 intelli-

257 833 348 873 gaS.
383 828 429 859 ut
453 833 550 859 vero
572 818 703 858 etiam
733 817 814 871 ipsi
846 816 925 856 tibi
954 815 1053 865 loci,
1079 814 1302 871 proposita
1330 816 1585 870 quaestione,
1616 831 1690 858 oc-

257 884 445 924 currant,
466 874 777 915 exercitatione
799 886 1073 927 consequere.
1136 870 1187 912 In
1219 886 1304 926 qua
1333 871 1506 926 quidem
1538 887 1614 913 nos
1647 882 1689 913 te

255 931 591 981 continebiinus‚
614 931 647 971 si
670 940 714 972 et
735 929 839 970 salvi
863 929 1127 980 redierimus,
1157 938 1200 970 et
1221 928 1337 970 salva
1358 929 1440 969 ista
1461 928 1690 970 offenderi-

255 1002 365 1029 mus.
389 1003 414 1029 v
438 988 536 1030 Kal.
559 988 681 1029 Sext.
707 986 895 1042 Rhegio.

572 1065 575 1066 ’
769 1073 1172 1111 ARGUMENTUM.

255 1128 315 1164 De
346 1127 561 1164 Veliensium
579 1129 617 1164 in
640 1127 848 1163 Trebatium
876 1138 998 1162 αηιονε
1014 1127 1198 1176 significat
1210 1141 1223 1162 .·
1253 1131 1287 1162 et
1305 1138 1349 1160 ne
1365 1130 1537 1173 paternas
1553 1137 1690 1174 posses-

304 1181 421 1216 siones
454 1182 597 1219 vendat,
626 1179 837 1229 perfugium
865 1179 1082 1226 temporibus
1101 1178 1271 1227 futurem,
1301 1179 1481 1215 admonet.
1535 1178 1686 1227 Scripta

303 1237 389 1268 ante
405 1234 640 1281 superiorem,
660 1237 701 1267 ut
720 1232 795 1267 dies
813 1232 1001 1278 adscripta
1019 1232 1189 1266 ostendit.

601 1291 837 1334 CICERO
868 1290 1182 1333 TREBATIO
1214 1291 1258 1332 S.
1284 1290 1340 1331 D.

254 1349 629 1402 AMABILIOR
657 1360 763 1400 mihi
785 1358 908 1400 Velia
932 1357 1029 1408 fuit,
1051 1359 1165 1413 quod
1198 1367 1239 1399 te
1260 1359 1314 1399 ab
1335 1372 1386 1398 ea
1407 1358 1516 1398 sensi
1540 1358 1689 1400 amari.

255 1418 338 1460 Sed
358 1418 460 1473 quid
478 1432 560 1473 ego
579 1418 719 1458 dicam
740 1425 806 1468 te;
828 1430 955 1470 quem
976 1416 1070 1470 quis
1088 1430 1173 1456 non
1193 1417 1332 1456 amat?
1358 1414 1502 1466 Rufio,
1524 1415 1689 1456 medius

255 1475 397 1526 fidius,
420 1484 518 1515 tuus
541 1475 601 1516 ita
623 1473 958 1522 desiderabatur,
982 1481 1029 1512 ut
1051 1473 1082 1512 si
1107 1481 1217 1513 esset
1240 1486 1347 1512 unus
1370 1485 1393 1511 e
1414 1472 1555 1512 nobis.
1604 1472 1690 1514 Sed

254 1547 337 1589 ego
362 1540 404 1572 te
426 1545 511 1572 non
535 1529 816 1587 reprehendo,
840 1529 912 1584 qui
944 1528 1062 1569 illum
1084 1529 1123 1560 68
1137 1529 1189 1569 ad
1213 1527 1546 1569 aedificationem
1570 1536 1689 1570 tuam

255 1588 511 1630 traduxeris.
571 1590 612 1622 69
626 1588 901 1642 Quamquam
923 1586 1038 1626 enim
1058 1585 1181 1626 Velia
1202 1599 1287 1625 non
1310 1594 1374 1625 est
1399 1584 1535 1635 vilior,
1557 1599 1689 1640 quam

256 1644 482 1701 Lupercal,
512 1654 655 1685 tamen
688 1645 798 1685 istuc
820 1643 948 1693 malo,
971 1657 1098 1698 quam
1122 1642 1217 1684 haec
1239 1642 1400 1682 omnia.
1459 1641 1540 1694 Tu,
1563 1642 1597 1683 si
1621 1656 1690 1683 me

253 1703 552 1756 audies‚quem
572 1701 696 1752 soles,
716 1701 790 1741 has
811 1711 1008 1756 paternas
1026 1699 1313 1756 possessiones
1331 1698 1518 1740 tenebis:
1542 1699 1688 1741 nescio

253 1760 358 1815 quid
379 1759 494 1799 enim
519 1758 735 1799 Velienses
758 1758 1039 1798 verebantur:
1064 1768 1202 1811 neque
1227 1755 1474 1806 Halethem,
1496 1755 1685 1798 nobilem

254 1831 441 1867 amnem,
474 1815 701 1870 relinqueS,
728 1829 807 1855 nec
833 1813 1106 1869 Papirianam
1129 1813 1304 1854 domum
1327 1813 1507 1853 deseres.
1539 1827 1691 1868 quam-

255 1888 385 1929 quam
405 1871 531 1913 70illa
548 1872 721 1927 quidem
742 1871 873 1912 habet
891 1871 1044 1921 lotum,
1064 1885 1088 1910 a
1105 1884 1191 1925 quo
1204 1869 1333 1910 etiam
1353 1869 1530 1911 advenae
1551 1870 1686 1912 teneri

296 1988 337 2018 64
358 1986 394 2016 id
414 1986 537 2016 absenti
552 1986 662 2015 debere
677 1994 739 2014 mm
750 1983 857 2024 potui]
886 1983 950 2014 Ex·
993 1994 1052 2024 pro
1077 1992 1255 2023 unumque,
1282 1992 1354 2021 qnae
1378 1987 1427 2012 est
1452 1983 1620 2022 antiquior
1644 1984 1692 2016 le-

250 2029 381 2068 quisite‚
404 2037 463 2068 pro
485 2037 618 2066 negare.
645 2036 761 2066 nempe
779 2026 866 2065 quod
881 2036 949 2056 rem
993 2027 1076 2056 ctio:
1102 2036 1159 2066 pro
1175 2036 1239 2064 qua
1252 2031 1284 2055 et
1300 2034 1403 2055 unum
1419 2025 1562 2064 quodque
1583 2030 1632 2056 est
1655 2028 1690 2058 in

251 2076 400 2109 negaret,
423 2080 521 2110 quam
548 2075 681 2110 propter
701 2069 880 2099 amicitiam
896 2069 950 2099 de·
993 2068 1055 2099 Ms.
1069 2077 1154 2105 meo,
1168 2069 1333 2106 lucemque
1347 2067 1380 2096 in
1393 2067 1442 2097 ed.
1455 2066 1551 2097 Rom.
1565 2069 1691 2099 lumen-

252 2113 354 2143 beret.
992 2112 1099 2149 quein
1114 2111 1179 2140 Gu.
1199 2112 1225 2139 l.
1241 2113 1275 2139 et
1290 2108 1339 2139 ed.
1357 2109 1443 2138 Med.
1461 2109 1519 2139 διο.
1535 2119 1607 2148 quae
1620 2111 1692 2141 vul-

293 2155 333 2185 65
346 2164 444 2194 quam
455 2153 659 2193 planissime]
677 2153 749 2183 Hoc
761 2153 843 2183 bene
856 2153 949 2182 resti·
992 2159 1070 2191 gata
1097 2152 1160 2182 fuit
1193 2161 1295 2190 usque
1331 2151 1371 2181 ad
1400 2151 1597 2189 victorium,
1631 2154 1687 2192 qui

250 2197 317 2226 tuit
338 2195 497 2233 Graevius,
521 2196 688 2226 sublatum
717 2206 736 2225 a
762 2194 948 2232 Gebhardo,
991 2204 1097 2224 unum
1110 2203 1204 2233 quem
1218 2193 1370 2223 correxit.

251 2239 308 2277 qui
330 2238 516 2277 plenissime
540 2248 579 2268 ex
605 2237 677 2269 edd.
705 2246 753 2277 pr.
780 2237 948 2267 ediderat:
1034 2237 1074 2267 68
1099 2236 1145 2266 ad
1160 2235 1406 2277 aedificationem
1429 2235 1536 2275 tuam]
1563 2245 1608 2267 sc.
1634 2247 1692 2267 cu·

252 2280 338 2319 quod
352 2284 386 2310 et
399 2279 432 2309 in
448 2279 531 2309 libro
554 2289 627 2309 meo
649 2285 699 2310 est
722 2283 755 2309 et
777 2279 849 2309 edd.
866 2283 947 2310 vett.
995 2278 1141 2309 randam.
1163 2278 1302 2308 Videtur
1314 2277 1489 2308 Trebatius
1503 2277 1618 2309 Romae
1628 2279 1687 2309 do-

251 2321 519 2362 pluribus‚etiam
532 2321 683 2351 Victorii.
706 2320 783 2351 Non
797 2321 850 2351 hic
862 2331 950 2359 quae-
992 2330 1082 2350 mum
1105 2320 1220 2351 emisse
1243 2324 1340 2358 atque
1363 2319 1537 2350 aedificasse
1558 2321 1688 2359 absens,

251 2365 337 2394 ritur
345 2364 384 2394 de
394 2363 599 2394 absolutione
611 2368 645 2393 et
658 2362 862 2402 plenitudine
873 2373 949 2403 ope-
991 2364 1026 2393 in
1043 2367 1157 2392 monte
1172 2361 1335 2397 Palatino,
1358 2362 1418 2391 sub
1439 2371 1502 2400 quo
1524 2366 1596 2392 erat
1618 2362 1686 2393 Lu·

251 2406 311 2436 ris:
330 2406 396 2436 tale
412 2410 483 2435 erat
498 2405 744 2436 Aristotelicum
760 2417 766 2433 :
785 2414 844 2435 nec
860 2405 892 2435 id
907 2406 946 2437 de
992 2404 1112 2444 perezii,
1139 2414 1277 2443 eamque
1305 2413 1362 2443 per
1381 2406 1496 2443 jocum
1525 2403 1688 2444 Lupercal

250 2447 478 2488 compendiolo
502 2447 562 2477 tali
586 2447 649 2477 dici
677 2451 804 2487 potest:
829 2447 884 2477 sed
907 2448 946 2479 de
989 2447 1118 2478 dixisse.

250 2490 496 2530 perspicuitate,
519 2499 615 2528 quam
639 2490 709 2527 quis
730 2488 823 2520 facile
838 2490 871 2518 in
889 2489 946 2520 illo
1032 2489 1072 2523 69
1100 2489 1315 2530 Quamquam
1336 2497 1362 2517 e.
1385 2486 1479 2517 Velia
1504 2486 1577 2526 ἃς]
1605 2487 1688 2519 Haec

249 2531 406 2571 opusculo
422 2530 595 2561 desiderat:
620 2541 684 2569 quo
708 2531 875 2571 pertinent
897 2537 946 2562 et·
990 2540 1052 2570 ego
1074 2540 1141 2561 non
1164 2529 1327 2569 intellig0‚
1349 2528 1511 2567 quomodo
1525 2529 1575 2559 vel
1598 2529 1688 2561 inter

249 2575 328 2610 iam,
349 2583 422 2612 quae
436 2578 628 2611 sequuntur.
675 2573 875 2603 planissime
890 2574 947 2605 ha-
989 2582 1023 2603 se
1036 2573 1086 2603 vel
1096 2582 1171 2603 eum
1184 2571 1398 2602 antecedente
1410 2571 1610 2602 cohaereant.
1627 2572 1685 2602 In-

251 2616 306 2646 bet
324 2617 388 2646 Gu.
407 2619 435 2646 1.
448 2616 634 2655 plenissime
647 2614 818 2644 secundus.
989 2620 1149 2653 terpretes
1162 2619 1286 2644 tacent.
1309 2613 1342 2643 Si
1357 2618 1459 2642 esset:
1483 2623 1686 2653 quamquam

294 2659 334 2688 66
355 2667 387 2687 n.
412 2668 444 2687 ct.
466 2658 730 2696 literis—percipi
747 2656 851 2696 posse]
878 2657 899 2687 i.
917 2667 946 2687 e.
989 2668 1014 2687 e.
1034 2657 1125 2688 Velia
1140 2657 1234 2686 vilior
1247 2659 1305 2690 est,
1324 2664 1423 2694 qnam
1440 2655 1482 2686 L.
1497 2661 1570 2686 tum
1587 2655 1688 2687 intel-

249 2699 325 2729 solis
340 2699 430 2729 libris
444 2699 601 2738 legendis,
615 2700 668 2736 qui
681 2698 719 2728 de
731 2708 770 2728 ea
784 2703 854 2728 arte
868 2699 947 2729 seri·
991 2699 1139 2738 ligerem,
1161 2697 1325 2737 quomodo
1346 2697 1446 2733 dicat,
1468 2702 1581 2728 tamen
1596 2698 1686 2728 malo

250 2748 308 2780 pta
321 2747 411 2772 sunt.
435 2743 537 2772 literoe
558 2751 615 2782 pro
631 2741 720 2770 libris
735 2749 820 2780 saepe
836 2740 945 2772 dictae.
995 2742 1105 2778 (istuc)
1124 2740 1265 2776 Veliam,
1283 2749 1382 2778 quam
1403 2740 1470 2769 Izoec
1483 2740 1605 2778 onmia,
1621 2739 1688 2771 Ro-

251 2794 281 2814 ν.
299 2784 388 2814 Clav.
406 2785 440 2813 in
457 2783 488 2814 h.
506 2793 536 2813 v.
992 2793 1090 2814 mam.

290 2826 331 2860 67
360 2835 465 2857 unum
486 2825 595 2866 quem]
621 2825 674 2856 Sic
696 2825 779 2856 bene
801 2825 947 2856 Graevius
1034 2829 1075 2859 70
1096 2827 1155 2857 illa
1177 2825 1269 2856 habet
1285 2823 1402 2865 lotum]
1428 2825 1530 2855 lotum
1546 2824 1690 2857 correxit
