1817 3196
330 102 408 140 AD
435 99 550 138 SER.
581 97 923 141 SULPICIUM,
958 96 1036 134 ΕΤ
1063 97 1346 140 CETEROS.
1504 108 1555 144 89

126 203 167 244 id
189 210 267 254 est,
290 204 386 254 tuis,
409 202 480 243 sed
504 216 672 258 prorsus
694 201 909 242 omnibus.
956 200 1087 241 Venit
1109 201 1223 242 enim
1242 203 1348 243 mihi
1371 204 1413 244 in
1438 219 1554 247 men-

128 269 228 311 tem,
243 259 455 301 subvereri
473 258 701 308 interdum,
714 266 823 299 nete
836 258 1019 299 delectet
1033 258 1152 299 tarda
1165 259 1370 300 decessio.
1404 261 1555 307 Quod-

126 318 160 357 si
183 316 342 358 nullum
366 316 542 357 haberes
564 329 748 365 sensum,
770 314 850 355 nisi
875 315 1111 365 oculorum,
1136 330 1303 370 prorsus
1328 316 1406 358 tibi
1432 318 1555 373 igno-

127 388 301 424 scerem,
334 374 367 414 si
406 372 609 427 quosdam
646 371 776 412 nolles
817 372 972 413 videre.
1013 372 1099 421 sed,
1139 387 1235 413 cum
1276 373 1435 414 leviora
1469 389 1557 416 non

125 430 261 471 multo
291 439 445 480 essent,
466 443 562 484 quae
594 429 855 479 audirentur,
876 443 1004 483 quam
1032 443 1127 484 quae
1161 430 1434 483 viderentur3
1466 446 1557 472 sus-

125 488 289 542 picarer
326 497 483 536 autem,
531 486 713 527 multum
756 487 956 527 interesse
995 487 1052 526 rei
1105 485 1325 528 familiaris
1367 498 1468 539 tuae,
1515 499 1558 530 te

126 558 252 598 quam
284 543 468 598 primum
499 544 657 594 venire,
691 544 817 598 idque
850 544 888 583 in
922 558 1069 583 omnes
1103 555 1241 597 partes
1266 544 1446 597 valeret3
1480 561 1557 602 pu-

125 600 228 650 tavi,
250 614 299 640 ea
319 599 370 640 de
393 615 436 640 re
461 611 501 640 te
524 615 614 640 esse
645 600 976 641 admonendum.
1039 600 1137 650 Sed,
1158 603 1200 631 34
1211 603 1431 655 quoniam,
1454 603 1557 658 quid

124 656 229 696 mihi
262 656 459 712 placeret,
482 657 677 698 ostendi:
711 657 871 711 reliqua
904 666 963 706 tu,
988 672 1064 712 pro
1096 666 1170 697 tua
1199 658 1426 712 prudentia
1454 675 1558 701 con-

127 712 344 754 siderabis.
407 713 484 754 Me
516 725 658 755 tamen
681 714 823 764 velim,
844 714 960 769 quod
991 714 1042 755 ad
1077 722 1244 771 tempus
1273 724 1314 755 te
1335 727 1559 773 exspecte-

127 783 235 820 mus,
259 771 482 812 certiorem
508 771 652 812 facias.
713 771 831 811 Vale.

639 845 1040 883 ARGUMENTUM.

130 895 328 934 Marcellus
345 899 539 949 significat,
557 910 594 934 se
615 899 699 947 plus
726 899 916 938 Ciceronis,
943 911 1049 946 quam
1068 897 1221 947 fratris,
1241 899 1389 936 hortatu
1407 913 1560 938 commo·
1577 866 1622 901 11

181 953 255 984 tum
275 952 313 986 z'n
331 962 439 986 causa
456 951 593 987 reditus
612 950 755 998 fuisse:
787 952 928 987 litteras
946 953 1053 992 enim,
1073 953 1313 988 restitutionis
1339 955 1499 996 nuntias,
1526 959 1563 990 et

177 1003 473 1048 gratulationem,
503 1007 538 1038 et
563 1005 760 1039 amicorum
788 1003 1076 1044 benivolentiam,
1096 1005 1251 1040 maxime
1275 1004 1468 1049 Ciceronis,
1494 1007 1564 1042 sibi

178 1054 372 1090 admodum
386 1055 543 1102 placere,
563 1060 596 1091 et
614 1059 760 1102 gratam
777 1066 914 1102 semper
921 1054 1022 1103 fore.

306 1114 374 1157 M.
407 1115 784 1158 MARCELLUS
819 1116 885 1157 M.
911 1115 1232 1169 CICERONI,
1266 1118 1308 1161 S.
1336 1118 1392 1160 D.

130 1170 487 1230 PLURIMUM
522 1189 703 1230 valuisse
737 1188 850 1244 apud
886 1202 953 1228 me
985 1198 1101 1230 tuam
1135 1204 1301 1245 semper
1332 1193 1564 1234 auctorita-

129 1253 232 1294 tem,
265 1260 363 1286 curn
394 1246 437 1286 in
467 1246 584 1286 omni
616 1260 675 1295 re,
703 1255 795 1286 tum
827 1246 869 1285 in
902 1245 985 1285 hoe
1014 1246 1204 1286 maxime
1226 1249 1418 1303 negotio,
1442 1258 1564 1305 potes

129 1301 391 1343 existimare.
453 1301 563 1342 Cum
594 1302 698 1343 mihi
733 1301 784 1343 C.
816 1301 1064 1353 Marcellus,
1095 1302 1226 1344 frater
1247 1306 1566 1347 amantissimus

129 1358 230 1408 mei,
262 1373 347 1399 non
380 1358 516 1400 solum
548 1359 775 1400 consilium
805 1360 940 1410 daret,
971 1360 1042 1400 sed
1075 1360 1274 1415 precibus
1306 1376 1478 1417 quoque
1499 1378 1568 1405 me

130 1416 397 1458 obsecraret:
449 1431 534 1456 non
559 1417 676 1472 prius
707 1415 813 1457 mihi
845 1417 1098 1471 persuadere
1134 1418 1291 1472 potuit,
1322 1433 1451 1474 quam
1485 1421 1567 1461 tuis

132 1481 197 1512 est
239 1472 442 1514 affectum
483 1473 652 1524 litteris,
681 1484 730 1514 ut
776 1483 917 1521 uterer
959 1484 1101 1514 vestro
1147 1475 1420 1530 potissimum
1464 1484 1613 1519 con-b-

131 1529 242 1570 silio.
304 1529 391 1570 Res
420 1530 780 1586 quemadmodum
806 1530 861 1570 sit
881 1539 990 1581 acta,
1017 1540 1168 1572 vestrae
1192 1531 1345 1573 litterae
1368 1534 1471 1574 mihi
1496 1535 1571 1576 de-

131 1586 308 1627 clarant.
370 1586 615 1628 Gratulatio
639 1596 712 1627 tua
733 1587 812 1628 etsi
835 1596 900 1628 est
917 1588 1023 1628 mihi
1045 1589 1361 1643 probatissima,
1380 1591 1494 1646 quod
1514 1593 1569 1633 ab

131 1644 299 1699 optimo
322 1643 372 1684 fit
393 1644 559 1686 animo:
593 1655 737 1684 tamen
759 1644 841 1685 hoc
862 1644 970 1684 mihi
1002 1645 1136 1685 multo
1160 1645 1397 1700 jucundius
1425 1658 1504 1699 est,
1526 1657 1571 1689 et

132 1700 312 1755 gratius,
344 1701 459 1756 quod
492 1702 536 1741 in
573 1715 740 1741 summa
771 1701 987 1757 paucitate
1018 1702 1270 1753 amicorum,
1302 1705 1569 1760 propinquo-

132 1771 227 1798 rum
250 1772 299 1798 ac
322 1758 673 1808 necessariorum,
702 1758 776 1813 qui
801 1772 896 1798 vere
919 1773 1025 1798 meae
1048 1758 1173 1799 saluti
1197 1759 1405 1812 faverent,
1429 1771 1470 1803 te
1492 1777 1567 1803 cu-

133 1813 404 1869 pidissimum
428 1815 526 1865 mei,
549 1814 893 1871 singularemque
911 1814 1016 1856 mihi
1042 1816 1374 1858 benivolentiam
1399 1819 1568 1874 praesti-

134 1871 236 1914 tisse
258 1873 461 1928 cognovi.
496 1871 682 1927 Reliqua
699 1881 798 1912 sunt
813 1871 1042 1927 ejusmodi,
1064 1874 1220 1927 quibus
1242 1888 1340 1930 ego,
1361 1877 1568 1930 quoniam

133 1927 231 1969 haec
264 1938 385 1969 erant
417 1938 626 1985 tempora,
658 1928 783 1970 facile
812 1939 856 1969 et
887 1945 1012 1985 aequo
1042 1931 1187 1970 animo
1218 1932 1441 1975 carebam:
1485 1933 1569 1975 hoc

136 1999 238 2025 vero
259 1986 471 2041 ejusmodi
493 2000 583 2027 esse
606 1996 762 2037 statuo,
786 1996 833 2027 ut
855 1987 945 2027 sine
969 1986 1115 2027 talium
1137 1987 1323 2028 virorum
1344 1998 1385 2029 et
1407 1990 1570 2032 amico-

136 2056 232 2083 rum
262 2043 565 2094 benivolentia,
594 2057 730 2098 neque
762 2044 805 2084 in
828 2045 1019 2094 adversa,
1049 2058 1187 2099 neque
1211 2045 1253 2085 in
1276 2047 1462 2088 secunda
1483 2046 1571 2088 for-

138 2107 242 2140 tuna
273 2103 312 2130 35
328 2100 554 2155 quisquam
590 2101 732 2141 vivere
766 2102 916 2156 possit.
977 2100 1130 2156 Itaque
1162 2102 1204 2141 in
1237 2101 1321 2143 hoc
1351 2116 1432 2159 ego
1463 2104 1571 2146 mihi

138 2156 344 2211 gratulor.
402 2156 468 2197 Tu
491 2172 591 2198 vero
614 2167 661 2198 ut
691 2157 922 2213 intelligaS,
951 2157 1118 2198 homini
1149 2158 1410 2201 amicissimo
1434 2171 1475 2202 te
1497 2161 1573 2202 tri-

137 2212 281 2253 buisse
301 2212 508 2264 officium,
534 2228 577 2254 re
599 2215 680 2255 tibi
704 2216 934 2270 praestabo.
997 2214 1116 2256 Vale.

653 2287 1057 2325 ARGUMENTUM.
1591 2287 1640 2324 12

137 2338 193 2382 M.
213 2338 384 2375 Marcelli
403 2340 544 2381 caedem,
561 2338 723 2388 perfecto
743 2342 966 2376 narrationis
983 2342 1144 2389 exemplo
1162 2343 1217 2378 ita
1234 2345 1394 2386 nuntiat,
1412 2349 1454 2380 ut
1472 2349 1572 2381 ante-

359 2392 533 2433 cedentia,
554 2393 685 2434 wedia,
706 2394 957 2440 consequentia
975 2394 1174 2429 ordinatim
1193 2400 1359 2443 exponat.

326 2451 458 2494 SER.
482 2452 805 2496 SULPICIUS
830 2454 897 2495 M.
921 2453 1243 2507 CICERONI,
1267 2456 1312 2498 S.
1335 2456 1393 2499 D.

145 2506 292 2560 ETSI
325 2521 429 2572 scio,
462 2535 548 2561 non
574 2521 940 2576 jucundissimum
981 2523 1179 2564 nuntium
1213 2538 1281 2564 me
1316 2525 1436 2566 vobis
1475 2525 1574 2568 alla-

143 2585 310 2622 turum:
337 2586 495 2629 tamen,
516 2579 720 2633 quoniam
739 2580 780 2610 36
793 2594 915 2621 casus
937 2587 981 2620 et
1001 2588 1154 2621 natura
1171 2581 1214 2621 in
1237 2581 1361 2621 nobis
1380 2582 1575 2624 domina·

184 2691 226 2720 34
257 2691 421 2729 quoniam,
458 2692 543 2731 qaod
573 2693 653 2724 mihi
677 2695 835 2732 placeret,
879 2703 936 2734 per
951 2693 1179 2733 compendium
1192 2694 1278 2725 varie
1292 2694 1492 2733 exprimunt.

143 2731 276 2771 ostendi]
294 2732 505 2764 Scribendum
523 2743 589 2764 esse
605 2735 694 2774 quid,
711 2735 836 2766 clarum
921 2738 961 2766 35
987 2737 1157 2775 quisquam
1179 2737 1286 2766 vivere
1305 2736 1418 2776 possit]
1446 2737 1577 2770 Inverte

144 2777 206 2804 est.
229 2779 285 2803 aut
301 2775 462 2813 sequenda
477 2775 575 2806 lectio
591 2777 640 2807 ed.
657 2777 745 2808 Med.
760 2787 835 2817 qno·
875 2779 975 2818 possit
1002 2778 1120 2814 vivere,
1152 2784 1190 2807 ut
1219 2777 1366 2808 clausula
1395 2778 1578 2812 hexametri

145 2813 249 2852 Diam,
270 2817 350 2846 mim·
370 2817 454 2855 quod
467 2819 589 2856 placet,
613 2819 743 2849 ostendi.
767 2829 838 2859 quae
880 2821 1012 2850 vitetur.

144 2862 222 2893 ,mne
239 2865 304 2890 nou
319 2857 478 2899 displicet.
502 2860 575 2891 aliae
589 2860 661 2892 edd.
676 2861 761 2892 sicut
775 2871 837 2894 scr.
923 2862 964 2895 36
985 2872 1013 2893 c.
1029 2865 1060 2892 et
1075 2865 1199 2893 natura
1213 2861 1249 2893 in
1264 2862 1350 2893 nobis
1370 2862 1574 2904 dominatur]
1585 2866 1601 2870 ”
