1865 3223
486 91 566 129 AD
592 93 635 130 C.
663 92 972 131 MEMMIUM
998 91 1073 129 ΕΤ
1102 92 1286 130 ALIOS.
1528 98 1605 135 329

182 186 471 249 Pomponium
494 194 688 236 Atticum
711 195 772 236 sic
795 209 907 245 am0‚
938 203 984 235 ut
1002 194 1179 235 alterum
1204 195 1391 237 fratrem.
1413 197 1520 238 nihil
1541 209 1607 240 est

182 248 254 290 illo
292 251 395 292 mihi
430 266 508 292 nec
541 253 693 302 carius,
727 265 805 292 nec
831 251 1081 305 jucundius.
1143 251 1185 291 Is
1208 254 1346 303 3(non
1371 268 1457 308 quo
1477 255 1532 294 sit
1549 269 1604 297 ex

183 305 299 348 istis:
330 318 395 348 est
416 308 530 349 enim
551 308 668 349 omni
691 306 853 349 liberali
875 307 1072 348 doctrina
1093 307 1395 363 politissimus:
1430 310 1501 351 sed
1521 311 1605 351 val·
1616 317 1732 354 p.2o.3.

182 362 235 402 de
256 363 399 420 diligit
422 364 666 415 Patronem,
690 364 811 406 valde
835 363 1067 405 Phaedrum
1088 365 1283 414 amavit,)
1306 365 1366 406 sic
1388 381 1413 406 a
1434 381 1501 407 me
1523 367 1648 408 {100³-

182 421 419 471 contendit,
457 421 586 462 homo
625 421 800 462 minime
833 421 1101 471 ambitiosus,
1132 421 1308 462 minime
1337 422 1379 462 in
1415 423 1607 478 rogando

181 476 399 527 molestus,
433 487 479 517 ut
500 477 607 519 nihil
633 492 837 534 umquam
869 479 1031 534 magis:
1056 481 1076 508 4
1093 492 1170 519 nec
1193 478 1378 529 dubitat,
1399 481 1501 534 quin
1525 495 1609 536 ego

180 546 206 572 a
224 542 265 573 te
287 544 390 574 nutu
416 533 499 574 hoc
517 536 721 590 consequi
753 549 936 591 possem,
958 535 1086 575 etiam
1114 535 1147 575 si
1171 535 1460 576 aedificaturus
1481 550 1608 577 esses.

182 588 310 631 Nune
333 604 445 640 vero,
467 591 501 631 si
536 591 733 642 audierit,
768 592 1164 633 teaedificationem
1186 592 1448 647 deposuisse,
1471 607 1609 648 neque

182 656 323 687 tamen
346 660 414 686 me
434 661 459 687 a
481 657 522 688 te
545 648 818 703 impetrasse;
850 663 936 689 non
971 660 1011 688 te
1045 649 1088 688 in
1120 662 1187 688 ine
1211 652 1228 679 ⁵
1245 649 1509 701 illiberalem,
1537 650 1611 691 sed

180 715 248 743 me
275 702 318 742 in
352 717 395 744 se
426 704 715 761 negligentem
752 705 936 761 putabit.
999 705 1293 752 Quamobrem
1318 717 1417 761 peto
1439 722 1465 746 a
1484 717 1539 758 te,
1563 717 1611 748 ut

179 759 338 801 scribas
360 760 412 800 ad
437 771 546 811 tuOS,
571 777 693 818 posse
713 773 785 803 tua
804 762 1023 803 voluntate
1051 762 1270 803 decretum
1294 763 1395 804 illud
1418 762 1609 819 Areopa-

179 815 381 869 gitarum,
403 832 528 871 quem
553 821 834 871 ὑπομνημοίἱισμὸυ
854 818 911 860 illi
938 830 1105 869 vocant,
1134 819 1240 860 tolli.
1300 820 1383 860 Sed
1409 820 1534 861 redeo
1556 821 1608 862 ad

180 871 332 926 prima.
394 873 518 915 Prius
553 874 676 915 velim
712 875 791 916 tibi
826 876 1090 931 persuadeas,
1125 888 1169 916 ut
1191 876 1272 916 hoc
1295 891 1390 916 mea
1410 892 1537 917 causa
1559 877 1608 918 li-

180 930 328 970 beuter
351 929 495 982 facias,
518 946 645 987 quam
674 942 721 972 ut
747 931 895 973 facias.
923 933 983 973 sic
1007 943 1147 972 tamen
1172 933 1352 985 habet03
1384 935 1418 975 si
1443 933 1607 986 feceris,

178 986 292 1040 quod
316 1001 436 1043 rogo,
459 987 550 1029 fore
572 987 676 1029 mihi
699 989 1006 1044 gratissimum.
1068 988 1187 1030 Vale.

689 1061 1091 1100 ARGUMENTUM.
1617 1067 1643 1104 2
1697 1058 1700 1061 ’

242 1112 358 1155 Petit,
378 1118 419 1149 ut
438 1113 609 1150 Evandro
627 1116 808 1150 statuario
823 1116 866 1150 de
883 1116 1037 1151 sacrarii
1058 1115 1282 1151 habitatione
1299 1117 1552 1152 accommodet.

536 1180 769 1222 CICERO
803 1180 1079 1222 MEMMIO
1111 1181 1236 1222 SAL.

173 1234 192 1264 ⁶
218 1232 277 1287 C.
297 1246 537 1289 AVIANO
561 1247 776 1297 Evandro,
799 1249 871 1303 qui
895 1248 1061 1288 habitat
1081 1249 1123 1288 in
1145 1259 1218 1289 tuo
1239 1250 1437 1300 sacrario,
1451 1260 1494 1290 et
1514 1250 1609 1306 ipso

174 1303 358 1344 multum
397 1315 506 1355 utor,
537 1315 580 1345 et
612 1314 793 1359 patrono
824 1305 917 1360 ejus
950 1303 1017 1346 M.
1049 1304 1229 1345 AEmilio
1262 1305 1607 1349 familiarissime.

176 1359 285 1401 Peto
318 1360 451 1415 igitur
479 1376 503 1401 a
532 1370 574 1401 te
606 1361 649 1401 in
674 1361 880 1415 majorem
917 1361 1106 1412 modum,
1131 1361 1245 1417 quod
1268 1362 1358 1402 sine
1381 1373 1454 1403 tua
1474 1363 1608 1404 mole-

175 1417 258 1456 stia
279 1416 369 1467 fiat,
393 1426 439 1457 ut
458 1419 493 1458 ei
518 1417 570 1458 de
593 1417 861 1458 habitatione
883 1418 1229 1459 7accommodes.
1291 1419 1404 1459 Nam
1433 1432 1607 1476 propter

172 1487 304 1527 opera
332 1474 530 1515 instituta
562 1474 696 1514 inulta
729 1474 975 1525 multorum,
1008 1475 1198 1516 subitum
1229 1486 1293 1516 est
1315 1477 1352 1517 ei
1377 1477 1606 1532 remigrare

176 1529 273 1570 Kal.
309 1530 463 1576 Quint.
524 1530 744 1586 Iinpedior
777 1531 1046 1582 verecundia,
1081 1546 1133 1572 ne
1168 1542 1208 1572 te
1241 1532 1432 1587 pluribus
1464 1535 1605 1575 verbis

173 1600 339 1640 rogem.
401 1587 553 1642 Neque
585 1599 728 1628 tamen
761 1588 928 1638 dubito,
964 1589 1083 1643 quin,
1117 1589 1150 1629 si
1177 1599 1248 1629 tua
1271 1589 1391 1639 nihil,
1415 1599 1487 1629 aut
1517 1605 1604 1633 non

175 1643 357 1684 multum
390 1643 572 1694 intersit,
604 1659 655 1685 eo
685 1644 741 1685 sis
776 1645 935 1695 animo,
964 1660 1050 1700 quo
1083 1659 1165 1701 ego
1186 1660 1336 1698 essem,
1367 1646 1401 1686 si
1432 1646 1534 1701 quid
1559 1659 1604 1689 tu

174 1713 243 1740 me
266 1714 450 1756 rogares.
471 1701 577 1742 mihi
601 1711 716 1742 certe
738 1701 1028 1758 gratissimum
1052 1701 1218 1743 feceris.

688 1784 1090 1821 ARGUMENTUM.
1616 1777 1640 1812 3

266 1835 403 1886 Fufium
423 1838 659 1876 commendat,
679 1842 718 1872 ut
737 1839 770 1872 ei
790 1840 826 1872 in
843 1839 1005 1872 sacrario
1025 1837 1190 1873 Memmii
1209 1836 1374 1872 habitare
1393 1837 1511 1874 liceat.

471 1904 538 1945 M.
561 1903 611 1945 T.
636 1903 687 1945 C.
720 1904 764 1944 S.
789 1903 838 1944 P.
864 1903 920 1944 D.
954 1903 1006 1944 C.
1030 1903 1321 1945 MEMMIO.

175 1960 242 2015 Α.
266 1976 522 2028 FUFIUM‚
563 1990 695 2018 unum
736 1990 790 2016 ex
825 1976 930 2016 meis
963 1976 1140 2026 intimis,
1163 1977 1603 2029 observantissimum,

175 2030 619 2089 studiosissimumque
647 2033 797 2084 nostri,
833 2033 1049 2074 eruditum
1090 2033 1324 2084 hominem,
1356 2043 1399 2074 et
1437 2049 1604 2076 summa

174 2092 454 2141 humanitate,
478 2100 634 2145 tuaque
653 2090 844 2131 amicitia
865 2090 1181 2145 dignissimum,
1205 2090 1330 2131 velim
1351 2090 1411 2130 ita
1432 2101 1602 2143 tractes,

174 2158 224 2190 ut
244 2147 349 2189 mihi
372 2163 515 2190 coram
537 2146 752 2203 recepisti.
809 2145 917 2187 Tam
950 2157 1122 2203 gratum
1155 2147 1262 2188 mihi
1290 2147 1332 2188 id
1355 2148 1449 2199 erit,
1471 2163 1598 2204 quam
1615 2163 1645 2196 b.

219 2309 238 2337 3
260 2315 324 2336 non
338 2315 398 2344 quo
413 2306 455 2336 sit
477 2315 518 2335 ex
538 2303 625 2343 istis]
649 2303 756 2334 Locus
773 2303 860 2334 face-

176 2353 244 2379 tus.
303 2348 436 2378 Atticus
464 2348 534 2378 sine
569 2346 666 2376 dubio
693 2345 861 2386 Epicureis

178 2390 326 2421 addictus
350 2389 432 2419 suit:
456 2389 524 2426 sed,
552 2389 646 2419 illum
674 2387 791 2418 liberat
821 2388 862 2419 ab

176 2432 332 2473 opinione
353 2432 426 2468 hae,
450 2436 708 2462 commemorata
721 2430 792 2469 ejus
805 2429 863 2459 do-

172 2476 284 2513 ctrina
298 2477 333 2504 in
348 2473 452 2504 literis
467 2479 500 2504 et
515 2473 640 2504 artibus
659 2472 860 2509 liberalibus,

177 2527 242 2554 qua
256 2517 411 2547 carebant
432 2515 597 2555 Epicurei,
612 2514 708 2544 simul
724 2514 861 2544 irrideus

180 2558 416 2598 Epicureorum
432 2558 663 2594 rusticitatem,
673 2562 711 2587 ut
727 2556 797 2587 aliis
811 2557 862 2593 lo->

180 2601 225 2630 cis
237 2601 327 2631 facit.

222 2646 242 2672 4
279 2651 336 2672 nec
370 2643 512 2682 dubitat]
552 2642 654 2673 Scrib.
683 2641 860 2678 dubitaret,

182 2694 238 2723 per
252 2684 386 2722 reliqua,
396 2688 650 2724 qum-possem,
661 2694 688 2714 e.
701 2685 860 2715 si—esses.

182 2725 246 2762 vel,
257 2731 294 2756 ut
306 2727 436 2764 quidam
449 2728 562 2767 scripti
574 2726 661 2764 libri,
672 2726 860 2757 dubitabat:

181 2767 267 2806 quod
284 2768 386 2806 magis
401 2768 519 2807 placet.

222 2813 241 2840 5
263 2810 470 2851 illiberalem]
495 2811 547 2841 Sic
561 2809 633 2842 edd.
647 2819 697 2851 pr.
714 2815 812 2841 reete.
829 2815 863 2841 et

914 2307 1028 2333 tamen
1043 2303 1203 2334 Gruterus
1218 2308 1348 2334 secutus
1361 2308 1411 2334 est
1425 2303 1601 2337 lectionem

916 2345 1067 2376 vitiosam
1094 2345 1331 2376 nonnullorum
1361 2346 1532 2384 librorum,
1562 2355 1600 2378 ut

916 2387 981 2417 mei
1004 2387 1129 2428 scripti,
1148 2393 1183 2418 et
1204 2388 1293 2418 dedit
1315 2389 1492 2419 liberalem.
1518 2389 1601 2421 illud

915 2430 1015 2460 estin
1030 2429 1096 2460 Gu.
1117 2433 1145 2460 1.
1162 2432 1193 2462 2.

920 2494 924 2499 ,
959 2472 978 2502 6
1005 2471 1039 2502 C.
1056 2472 1098 2504 A.
1113 2471 1159 2503 E.
1175 2473 1231 2513 qui
1253 2473 1287 2504 h.
1306 2473 1342 2502 in
1364 2477 1419 2502 tuo
1436 2473 1598 2513 sacrario]

917 2513 968 2544 De
990 2514 1115 2545 Avianio
1130 2514 1291 2546 statuario
1306 2525 1336 2544 v.
1354 2514 1444 2544 Clav.
1459 2515 1484 2543 is
1501 2515 1534 2543 in
1550 2524 1601 2544 sa-

915 2555 1020 2585 crario
1046 2557 1095 2587 M.
1123 2556 1305 2592 habitabat,
1330 2557 1351 2586 i.
1377 2567 1405 2586 e.
1428 2557 1460 2585 in
1483 2557 1601 2586 vicinia

915 2597 1017 2635 illius,
1033 2600 1099 2629 sive
1115 2609 1154 2630 ea
1173 2606 1265 2640 parte
1281 2598 1409 2635 domus,
1425 2598 1458 2627 in
1474 2608 1538 2637 qua
1550 2608 1601 2629 sa-

916 2650 1068 2671 crarium.

920 2706 923 2709 ᾗ
958 2685 976 2716 7
998 2681 1228 2720 accommodes]
1247 2682 1408 2721 Usitatius
1421 2682 1505 2712 soret
1517 2692 1602 2713 cam-

916 2725 1031 2755 mndes.
1079 2724 1142 2755 Sed
1155 2725 1367 2754 consentiunt
1384 2724 1469 2760 libri,
1488 2732 1521 2754 et
1539 2724 1598 2754 hu-

911 2767 967 2806 jus
981 2776 1109 2806 quoque
1123 2765 1308 2805 exemplum
1326 2775 1429 2796 unum
1445 2772 1504 2797 aut
1519 2766 1600 2798 alte-

917 2819 990 2841 rum
1007 2815 1171 2850 repertum
1185 2815 1248 2840 est.
1266 2817 1296 2840 v.
1314 2808 1406 2840 Clav-
