<?xml version="1.0" encoding="UTF-8"?>
<!DOCTYPE html PUBLIC "-//W3C//DTD XHTML 1.0 Transitional//EN"
    "http://www.w3.org/TR/xhtml1/DTD/xhtml1-transitional.dtd">
<html xmlns="http://www.w3.org/1999/xhtml" xml:lang="en" lang="en">
 <head>
  <title>
</title>
<meta http-equiv="Content-Type" content="text/html;charset=utf-8" />
  <meta name='ocr-system' content='tesseract 3.04.00' />
  <meta name='ocr-capabilities' content='ocr_page ocr_carea ocr_par ocr_line ocrx_word'/>
</head>
<body>
  <div class='ocr_page' id='page_1' title='image "./p1operaomnia03ciceuoft_0199.png"; bbox 0 0 1860 3228; ppageno 0'>
   <div class='ocr_carea' id='block_1_1' title="bbox 547 86 1243 134">
    <p class='ocr_par' dir='ltr' id='par_1_1' title="bbox 547 86 1243 134">
     <span class='ocr_line' id='line_1_1' title="bbox 547 86 1243 134; baseline -0.003 0"><span class='ocrx_word' id='word_1_1' title='bbox 547 95 729 134; x_wconf 88' lang='lat' dir='ltr'>COELII</span> <span class='ocrx_word' id='word_1_2' title='bbox 758 93 835 132; x_wconf 79' lang='lat' dir='ltr'>AD</span> <span class='ocrx_word' id='word_1_3' title='bbox 863 86 1243 133; x_wconf 86' lang='lat' dir='ltr'>CICERONEM.</span> 
     </span>
    </p>
   </div>
   <div class='ocr_carea' id='block_1_2' title="bbox 702 197 1110 236">
    <p class='ocr_par' dir='ltr' id='par_1_2' title="bbox 702 197 1110 236">
     <span class='ocr_line' id='line_1_2' title="bbox 702 197 1110 236; baseline 0 -1"><span class='ocrx_word' id='word_1_4' title='bbox 702 197 1110 236; x_wconf 87' lang='lat' dir='ltr'>ARGUMENTUM.</span> 
     </span>
    </p>
   </div>
   <div class='ocr_carea' id='block_1_3' title="bbox 185 259 1629 466">
    <p class='ocr_par' dir='ltr' id='par_1_3' title="bbox 185 259 1629 466">
     <span class='ocr_line' id='line_1_3' title="bbox 185 259 1629 310; baseline 0 -11"><span class='ocrx_word' id='word_1_5' title='bbox 185 262 351 299; x_wconf 77' lang='lat' dir='ltr'>Metuere</span> <span class='ocrx_word' id='word_1_6' title='bbox 367 272 404 297; x_wconf 73' lang='lat' dir='ltr'>se</span> <span class='ocrx_word' id='word_1_7' title='bbox 431 261 596 299; x_wconf 75' lang='lat' dir='ltr'><strong><em>Ciceroni</em></strong></span> <span class='ocrx_word' id='word_1_8' title='bbox 621 261 804 310; x_wconf 59' lang='lat' dir='ltr'>significat</span> <span class='ocrx_word' id='word_1_9' title='bbox 831 271 874 296; x_wconf 78' lang='lat' dir='ltr'>ex</span> <span class='ocrx_word' id='word_1_10' title='bbox 903 260 1072 297; x_wconf 82' lang='lat' dir='ltr'><strong><em>Parthici</em></strong></span> <span class='ocrx_word' id='word_1_11' title='bbox 1088 260 1174 297; x_wconf 74' lang='lat' dir='ltr'>belli</span> <span class='ocrx_word' id='word_1_12' title='bbox 1190 259 1318 309; x_wconf 82' lang='lat' dir='ltr'>sama,</span> <span class='ocrx_word' id='word_1_13' title='bbox 1336 261 1379 297; x_wconf 89' lang='lat' dir='ltr'>ob</span> <span class='ocrx_word' id='word_1_14' title='bbox 1404 262 1629 309; x_wconf 80' lang='lat' dir='ltr'><em>paucitatem</em></span> 
     </span>
     <span class='ocr_line' id='line_1_4' title="bbox 236 312 1628 364; baseline -0.001 -13"><span class='ocrx_word' id='word_1_15' title='bbox 236 317 423 364; x_wconf 80' lang='lat' dir='ltr'>copiarum</span> <span class='ocrx_word' id='word_1_16' title='bbox 450 313 536 360; x_wconf 68' lang='lat' dir='ltr'>ejus.</span> <span class='ocrx_word' id='word_1_17' title='bbox 590 313 708 348; x_wconf 77' lang='lat' dir='ltr'>Addit</span> <span class='ocrx_word' id='word_1_18' title='bbox 728 314 772 348; x_wconf 83' lang='lat' dir='ltr'>de</span> <span class='ocrx_word' id='word_1_19' title='bbox 796 315 1015 349; x_wconf 78' lang='lat' dir='ltr'><strong><em>successione</em></strong></span> <span class='ocrx_word' id='word_1_20' title='bbox 1038 315 1322 360; x_wconf 79' lang='lat' dir='ltr'>provinciarum,</span> <span class='ocrx_word' id='word_1_21' title='bbox 1342 312 1486 360; x_wconf 83' lang='lat' dir='ltr'>ejusque</span> <span class='ocrx_word' id='word_1_22' title='bbox 1512 315 1628 350; x_wconf 83' lang='lat' dir='ltr'>tardi-</span> 
     </span>
     <span class='ocr_line' id='line_1_5' title="bbox 233 365 1629 415; baseline 0 -12"><span class='ocrx_word' id='word_1_23' title='bbox 233 372 322 405; x_wconf 80' lang='lat' dir='ltr'>tate.</span> <span class='ocrx_word' id='word_1_24' title='bbox 382 367 530 415; x_wconf 81' lang='lat' dir='ltr'><em>Scripta</em></span> <span class='ocrx_word' id='word_1_25' title='bbox 553 365 682 413; x_wconf 82' lang='lat' dir='ltr'>paullo</span> <span class='ocrx_word' id='word_1_26' title='bbox 706 369 792 412; x_wconf 78' lang='lat' dir='ltr'>post</span> <span class='ocrx_word' id='word_1_27' title='bbox 816 366 1062 413; x_wconf 83' lang='lat' dir='ltr'>superiorem.-</span> <span class='ocrx_word' id='word_1_28' title='bbox 1090 367 1236 413; x_wconf 78' lang='lat' dir='ltr'>utrique</span> <span class='ocrx_word' id='word_1_29' title='bbox 1253 367 1365 401; x_wconf 78' lang='lat' dir='ltr'>etiam</span> <span class='ocrx_word' id='word_1_30' title='bbox 1391 377 1465 401; x_wconf 83' lang='lat' dir='ltr'>una</span> <span class='ocrx_word' id='word_1_31' title='bbox 1483 378 1629 415; x_wconf 81' lang='lat' dir='ltr'>respon·</span> 
     </span>
     <span class='ocr_line' id='line_1_6' title="bbox 237 415 943 466; baseline -0.006 -9"><span class='ocrx_word' id='word_1_32' title='bbox 237 421 296 456; x_wconf 81' lang='lat' dir='ltr'>det</span> <span class='ocrx_word' id='word_1_33' title='bbox 319 421 454 462; x_wconf 86' lang='lat' dir='ltr'>Cicero,</span> <span class='ocrx_word' id='word_1_34' title='bbox 475 429 552 466; x_wconf 86' lang='lat' dir='ltr'>quae</span> <span class='ocrx_word' id='word_1_35' title='bbox 569 422 620 454; x_wconf 81' lang='lat' dir='ltr'>est</span> <span class='ocrx_word' id='word_1_36' title='bbox 641 417 699 452; x_wconf 80' lang='lat' dir='ltr'>lib.</span> <span class='ocrx_word' id='word_1_37' title='bbox 721 415 773 453; x_wconf 87' lang='lat' dir='ltr'>II.</span> <span class='ocrx_word' id='word_1_38' title='bbox 793 417 943 453; x_wconf 74' lang='lat' dir='ltr'>decima.</span> 
     </span>
    </p>
   </div>
   <div class='ocr_carea' id='block_1_4' title="bbox 566 481 1248 535">
    <p class='ocr_par' dir='ltr' id='par_1_4' title="bbox 566 481 1248 535">
     <span class='ocr_line' id='line_1_7' title="bbox 566 481 1248 535; baseline 0 -11"><span class='ocrx_word' id='word_1_39' title='bbox 566 481 811 525; x_wconf 90' lang='lat' dir='ltr'>COELIUS</span> <span class='ocrx_word' id='word_1_40' title='bbox 845 481 1171 535; x_wconf 88' lang='lat' dir='ltr'>CICERONI,</span> <span class='ocrx_word' id='word_1_41' title='bbox 1203 483 1248 524; x_wconf 92' lang='lat' dir='ltr'>S.</span> 
     </span>
    </p>
   </div>
   <div class='ocr_carea' id='block_1_5' title="bbox 185 542 1776 2091">
    <p class='ocr_par' dir='ltr' id='par_1_5' title="bbox 185 542 1776 2091">
     <span class='ocr_line' id='line_1_8' title="bbox 190 542 1629 607; baseline -0.003 -12"><span class='ocrx_word' id='word_1_42' title='bbox 190 542 332 604; x_wconf 80' lang='lat' dir='ltr'>QUA</span> <span class='ocrx_word' id='word_1_43' title='bbox 354 561 399 594; x_wconf 92' lang='lat' dir='ltr'>tu</span> <span class='ocrx_word' id='word_1_44' title='bbox 422 566 524 593; x_wconf 87' lang='lat' dir='ltr'>cura</span> <span class='ocrx_word' id='word_1_45' title='bbox 546 551 617 602; x_wconf 90' lang='lat' dir='ltr'>sis,</span> <span class='ocrx_word' id='word_1_46' title='bbox 647 551 762 606; x_wconf 84' lang='lat' dir='ltr'>quod</span> <span class='ocrx_word' id='word_1_47' title='bbox 795 551 848 592; x_wconf 85' lang='lat' dir='ltr'>ad</span> <span class='ocrx_word' id='word_1_48' title='bbox 873 565 1024 606; x_wconf 82' lang='lat' dir='ltr'>pacem</span> <span class='ocrx_word' id='word_1_49' title='bbox 1047 551 1283 607; x_wconf 81' lang='lat' dir='ltr'>provinciae</span> <span class='ocrx_word' id='word_1_50' title='bbox 1313 559 1399 592; x_wconf 81' lang='lat' dir='ltr'>tuae</span> <span class='ocrx_word' id='word_1_51' title='bbox 1423 550 1629 592; x_wconf 80' lang='lat' dir='ltr'>finitima·</span> 
     </span>
     <span class='ocr_line' id='line_1_9' title="bbox 190 608 1630 665; baseline -0.003 -13"><span class='ocrx_word' id='word_1_52' title='bbox 190 624 371 665; x_wconf 89' lang='lat' dir='ltr'>rumque</span> <span class='ocrx_word' id='word_1_53' title='bbox 392 608 616 664; x_wconf 87' lang='lat' dir='ltr'>regionum</span> <span class='ocrx_word' id='word_1_54' title='bbox 643 608 813 658; x_wconf 82' lang='lat' dir='ltr'>attinet,</span> <span class='ocrx_word' id='word_1_55' title='bbox 846 609 1017 649; x_wconf 89' lang='lat' dir='ltr'>nescio:</span> <span class='ocrx_word' id='word_1_56' title='bbox 1049 622 1132 664; x_wconf 84' lang='lat' dir='ltr'>ego</span> <span class='ocrx_word' id='word_1_57' title='bbox 1154 608 1326 663; x_wconf 88' lang='lat' dir='ltr'>quidem</span> <span class='ocrx_word' id='word_1_58' title='bbox 1353 608 1630 650; x_wconf 86' lang='lat' dir='ltr'>vehementer</span> 
     </span>
     <span class='ocr_line' id='line_1_10' title="bbox 187 664 1625 722; baseline -0.001 -14"><span class='ocrx_word' id='word_1_59' title='bbox 187 667 318 708; x_wconf 84' lang='lat' dir='ltr'>animi</span> <span class='ocrx_word' id='word_1_60' title='bbox 342 666 522 722; x_wconf 84' lang='lat' dir='ltr'>pendeo.</span> <span class='ocrx_word' id='word_1_61' title='bbox 584 668 623 696; x_wconf 83' lang='lat'>55</span> <span class='ocrx_word' id='word_1_62' title='bbox 639 664 752 706; x_wconf 86' lang='lat' dir='ltr'>Nam</span> <span class='ocrx_word' id='word_1_63' title='bbox 776 665 810 705; x_wconf 92' lang='lat' dir='ltr'>si</span> <span class='ocrx_word' id='word_1_64' title='bbox 833 665 917 705; x_wconf 86' lang='lat' dir='ltr'>hoc</span> <span class='ocrx_word' id='word_1_65' title='bbox 941 665 1150 706; x_wconf 84' lang='lat' dir='ltr'>moderari</span> <span class='ocrx_word' id='word_1_66' title='bbox 1183 679 1420 721; x_wconf 79' lang='lat' dir='ltr'>possemuS,</span> <span class='ocrx_word' id='word_1_67' title='bbox 1452 675 1513 716; x_wconf 90' lang='lat' dir='ltr'>ut,</span> <span class='ocrx_word' id='word_1_68' title='bbox 1548 680 1625 721; x_wconf 89' lang='lat' dir='ltr'>pro</span> 
     </span>
     <span class='ocr_line' id='line_1_11' title="bbox 187 718 1630 778; baseline -0.001 -14"><span class='ocrx_word' id='word_1_69' title='bbox 187 723 349 764; x_wconf 82' lang='lat' dir='ltr'>viribus</span> <span class='ocrx_word' id='word_1_70' title='bbox 366 722 588 778; x_wconf 87' lang='lat' dir='ltr'>copiarum</span> <span class='ocrx_word' id='word_1_71' title='bbox 608 730 792 772; x_wconf 87' lang='lat' dir='ltr'>tuarum,</span> <span class='ocrx_word' id='word_1_72' title='bbox 814 720 909 762; x_wconf 87' lang='lat' dir='ltr'>belli</span> <span class='ocrx_word' id='word_1_73' title='bbox 926 736 1099 777; x_wconf 91' lang='lat' dir='ltr'>quoque</span> <span class='ocrx_word' id='word_1_74' title='bbox 1115 718 1341 764; x_wconf 81' lang='lat' dir='ltr'>exsisteret</span> <span class='ocrx_word' id='word_1_75' title='bbox 1358 723 1630 778; x_wconf 83' lang='lat' dir='ltr'>magnitudo,</span> 
     </span>
     <span class='ocr_line' id='line_1_12' title="bbox 185 778 1631 835; baseline -0.001 -14"><span class='ocrx_word' id='word_1_76' title='bbox 185 792 244 831; x_wconf 88' lang='lat' dir='ltr'>et,</span> <span class='ocrx_word' id='word_1_77' title='bbox 265 789 475 835; x_wconf 86' lang='lat' dir='ltr'>quantum</span> <span class='ocrx_word' id='word_1_78' title='bbox 500 778 649 834; x_wconf 84' lang='lat' dir='ltr'>gloriae</span> <span class='ocrx_word' id='word_1_79' title='bbox 673 778 981 835; x_wconf 85' lang='lat' dir='ltr'>triumphoque</span> <span class='ocrx_word' id='word_1_80' title='bbox 1004 794 1113 835; x_wconf 90' lang='lat' dir='ltr'>opus</span> <span class='ocrx_word' id='word_1_81' title='bbox 1136 788 1262 830; x_wconf 87' lang='lat' dir='ltr'>esset,</span> <span class='ocrx_word' id='word_1_82' title='bbox 1293 794 1631 835; x_wconf 77' lang='lat' dir='ltr'>assequeremur,</span> 
     </span>
     <span class='ocr_line' id='line_1_13' title="bbox 188 836 1632 893; baseline -0.001 -15"><span class='ocrx_word' id='word_1_83' title='bbox 188 837 229 868; x_wconf 83' lang='lat'>56</span> <span class='ocrx_word' id='word_1_84' title='bbox 244 837 614 893; x_wconf 78' lang='lat' dir='ltr'>periculosamque</span> <span class='ocrx_word' id='word_1_85' title='bbox 651 845 695 877; x_wconf 89' lang='lat' dir='ltr'>et</span> <span class='ocrx_word' id='word_1_86' title='bbox 726 850 901 892; x_wconf 86' lang='lat' dir='ltr'>gravem</span> <span class='ocrx_word' id='word_1_87' title='bbox 938 836 1052 877; x_wconf 88' lang='lat' dir='ltr'>illam</span> <span class='ocrx_word' id='word_1_88' title='bbox 1086 836 1411 878; x_wconf 80' lang='lat' dir='ltr'>dimicationem</span> <span class='ocrx_word' id='word_1_89' title='bbox 1449 837 1632 878; x_wconf 84' lang='lat' dir='ltr'>evitare-</span> 
     </span>
     <span class='ocr_line' id='line_1_14' title="bbox 190 893 1633 949; baseline 0 -15"><span class='ocrx_word' id='word_1_90' title='bbox 190 908 309 936; x_wconf 89' lang='lat' dir='ltr'>mus:</span> <span class='ocrx_word' id='word_1_91' title='bbox 341 893 448 935; x_wconf 84' lang='lat' dir='ltr'>nihil</span> <span class='ocrx_word' id='word_1_92' title='bbox 474 903 561 934; x_wconf 85' lang='lat' dir='ltr'>tam</span> <span class='ocrx_word' id='word_1_93' title='bbox 583 902 695 933; x_wconf 86' lang='lat' dir='ltr'>esset</span> <span class='ocrx_word' id='word_1_94' title='bbox 720 893 978 949; x_wconf 86' lang='lat' dir='ltr'>optandum.</span> <span class='ocrx_word' id='word_1_95' title='bbox 1038 894 1168 935; x_wconf 85' lang='lat' dir='ltr'>Nunc</span> <span class='ocrx_word' id='word_1_96' title='bbox 1200 895 1233 935; x_wconf 89' lang='lat' dir='ltr'>si</span> <span class='ocrx_word' id='word_1_97' title='bbox 1268 894 1454 935; x_wconf 85' lang='lat' dir='ltr'>Parthus</span> <span class='ocrx_word' id='word_1_98' title='bbox 1485 903 1633 934; x_wconf 70' lang='lat' dir='ltr'>movet</span> 
     </span>
     <span class='ocr_line' id='line_1_15' title="bbox 190 950 1633 1006; baseline 0 -15"><span class='ocrx_word' id='word_1_99' title='bbox 190 951 369 1006; x_wconf 86' lang='lat' dir='ltr'>aliquid,</span> <span class='ocrx_word' id='word_1_100' title='bbox 389 951 494 1001; x_wconf 89' lang='lat' dir='ltr'>scio,</span> <span class='ocrx_word' id='word_1_101' title='bbox 517 964 602 991; x_wconf 91' lang='lat' dir='ltr'>non</span> <span class='ocrx_word' id='word_1_102' title='bbox 626 950 886 992; x_wconf 87' lang='lat' dir='ltr'>mediocrem</span> <span class='ocrx_word' id='word_1_103' title='bbox 910 950 1003 992; x_wconf 91' lang='lat' dir='ltr'>fore</span> <span class='ocrx_word' id='word_1_104' title='bbox 1020 952 1362 993; x_wconf 79' lang='lat' dir='ltr'>contentionem.</span> <span class='ocrx_word' id='word_1_105' title='bbox 1387 963 1484 992; x_wconf 85' lang='lat' dir='ltr'>tuus</span> <span class='ocrx_word' id='word_1_106' title='bbox 1506 966 1633 1006; x_wconf 89' lang='lat' dir='ltr'>porro</span> 
     </span>
     <span class='ocr_line' id='line_1_16' title="bbox 186 1006 1634 1064; baseline 0 -16"><span class='ocrx_word' id='word_1_107' title='bbox 186 1008 403 1049; x_wconf 87' lang='lat' dir='ltr'>exercitus</span> <span class='ocrx_word' id='word_1_108' title='bbox 425 1008 497 1048; x_wconf 83' lang='lat' dir='ltr'>vix</span> <span class='ocrx_word' id='word_1_109' title='bbox 521 1022 655 1048; x_wconf 87' lang='lat' dir='ltr'>unum</span> <span class='ocrx_word' id='word_1_110' title='bbox 678 1006 833 1048; x_wconf 84' lang='lat' dir='ltr'>saltum</span> <span class='ocrx_word' id='word_1_111' title='bbox 856 1008 964 1049; x_wconf 87' lang='lat' dir='ltr'>tueri</span> <span class='ocrx_word' id='word_1_112' title='bbox 989 1017 1146 1064; x_wconf 74' lang='lat' dir='ltr'>potest.</span> <span class='ocrx_word' id='word_1_113' title='bbox 1192 1011 1230 1042; x_wconf 79' lang='lat'>57</span> <span class='ocrx_word' id='word_1_114' title='bbox 1249 1008 1376 1050; x_wconf 87' lang='lat' dir='ltr'>Hanc</span> <span class='ocrx_word' id='word_1_115' title='bbox 1397 1019 1538 1049; x_wconf 87' lang='lat' dir='ltr'>autem</span> <span class='ocrx_word' id='word_1_116' title='bbox 1558 1022 1634 1048; x_wconf 89' lang='lat' dir='ltr'>ne-</span> 
     </span>
     <span class='ocr_line' id='line_1_17' title="bbox 194 1065 1635 1118; baseline -0.001 -12"><span class='ocrx_word' id='word_1_117' title='bbox 194 1079 268 1106; x_wconf 88' lang='lat' dir='ltr'>mo</span> <span class='ocrx_word' id='word_1_118' title='bbox 299 1065 421 1106; x_wconf 85' lang='lat' dir='ltr'>ducit</span> <span class='ocrx_word' id='word_1_119' title='bbox 452 1065 690 1106; x_wconf 85' lang='lat' dir='ltr'>rationem:</span> <span class='ocrx_word' id='word_1_120' title='bbox 724 1065 796 1105; x_wconf 91' lang='lat' dir='ltr'>sed</span> <span class='ocrx_word' id='word_1_121' title='bbox 826 1066 974 1106; x_wconf 84' lang='lat' dir='ltr'>omnia</span> <span class='ocrx_word' id='word_1_122' title='bbox 994 1065 1290 1107; x_wconf 82' lang='lat' dir='ltr'>desiderantur</span> <span class='ocrx_word' id='word_1_123' title='bbox 1321 1067 1375 1106; x_wconf 86' lang='lat' dir='ltr'>ab</span> <span class='ocrx_word' id='word_1_124' title='bbox 1407 1080 1473 1115; x_wconf 91' lang='lat' dir='ltr'>eo,</span> <span class='ocrx_word' id='word_1_125' title='bbox 1504 1069 1635 1118; x_wconf 85' lang='lat' dir='ltr'>(tam-</span> 
     </span>
     <span class='ocr_line' id='line_1_18' title="bbox 192 1121 1635 1178; baseline 0.001 -16"><span class='ocrx_word' id='word_1_126' title='bbox 192 1136 323 1178; x_wconf 86' lang='lat' dir='ltr'>quam</span> <span class='ocrx_word' id='word_1_127' title='bbox 346 1121 455 1163; x_wconf 81' lang='lat' dir='ltr'>nihil</span> <span class='ocrx_word' id='word_1_128' title='bbox 477 1121 737 1177; x_wconf 84' lang='lat' dir='ltr'>denegatum</span> <span class='ocrx_word' id='word_1_129' title='bbox 757 1122 812 1162; x_wconf 89' lang='lat' dir='ltr'>sit</span> <span class='ocrx_word' id='word_1_130' title='bbox 833 1122 888 1172; x_wconf 90' lang='lat' dir='ltr'>ei,</span> <span class='ocrx_word' id='word_1_131' title='bbox 909 1136 995 1176; x_wconf 93' lang='lat' dir='ltr'>quo</span> <span class='ocrx_word' id='word_1_132' title='bbox 1018 1123 1160 1163; x_wconf 86' lang='lat' dir='ltr'>minus</span> <span class='ocrx_word' id='word_1_133' title='bbox 1184 1138 1314 1177; x_wconf 91' lang='lat' dir='ltr'>quam</span> <span class='ocrx_word' id='word_1_134' title='bbox 1338 1123 1635 1178; x_wconf 85' lang='lat' dir='ltr'>paratissimus</span> 
     </span>
     <span class='ocr_line' id='line_1_19' title="bbox 188 1178 1634 1235; baseline -0.001 -15"><span class='ocrx_word' id='word_1_135' title='bbox 188 1181 335 1230; x_wconf 85' lang='lat' dir='ltr'>esset,)</span> <span class='ocrx_word' id='word_1_136' title='bbox 366 1178 440 1235; x_wconf 92' lang='lat' dir='ltr'>qui</span> <span class='ocrx_word' id='word_1_137' title='bbox 472 1178 648 1234; x_wconf 90' lang='lat' dir='ltr'>publico</span> <span class='ocrx_word' id='word_1_138' title='bbox 679 1179 857 1234; x_wconf 84' lang='lat' dir='ltr'>negotio</span> <span class='ocrx_word' id='word_1_139' title='bbox 891 1179 1149 1234; x_wconf 68' lang='lat' dir='ltr'>praepositus</span> <span class='ocrx_word' id='word_1_140' title='bbox 1181 1189 1260 1220; x_wconf 88' lang='lat' dir='ltr'>est.</span> <span class='ocrx_word' id='word_1_141' title='bbox 1322 1181 1507 1221; x_wconf 86' lang='lat' dir='ltr'>Accedit</span> <span class='ocrx_word' id='word_1_142' title='bbox 1534 1179 1634 1231; x_wconf 87' lang='lat' dir='ltr'>huc,</span> 
     </span>
     <span class='ocr_line' id='line_1_20' title="bbox 186 1234 1635 1290; baseline 0 -13"><span class='ocrx_word' id='word_1_143' title='bbox 186 1236 303 1290; x_wconf 90' lang='lat' dir='ltr'>quod</span> <span class='ocrx_word' id='word_1_144' title='bbox 327 1235 640 1277; x_wconf 83' lang='lat' dir='ltr'>successionem</span> <span class='ocrx_word' id='word_1_145' title='bbox 673 1234 880 1286; x_wconf 86' lang='lat' dir='ltr'>futuram,</span> <span class='ocrx_word' id='word_1_146' title='bbox 915 1245 1092 1290; x_wconf 89' lang='lat' dir='ltr'>propter</span> <span class='ocrx_word' id='word_1_147' title='bbox 1121 1235 1361 1277; x_wconf 80' lang='lat' dir='ltr'>Galliarum</span> <span class='ocrx_word' id='word_1_148' title='bbox 1384 1247 1635 1277; x_wconf 87' lang='lat' dir='ltr'>controver-</span> 
     </span>
     <span class='ocr_line' id='line_1_21' title="bbox 190 1290 1776 1348; baseline 0.001 -15"><span class='ocrx_word' id='word_1_149' title='bbox 190 1293 312 1342; x_wconf 82' lang='lat' dir='ltr'>siam,</span> <span class='ocrx_word' id='word_1_150' title='bbox 335 1294 374 1323; x_wconf 77' lang='grc'>58</span> <span class='ocrx_word' id='word_1_151' title='bbox 391 1306 479 1333; x_wconf 91' lang='lat' dir='ltr'>non</span> <span class='ocrx_word' id='word_1_152' title='bbox 503 1291 644 1332; x_wconf 91' lang='lat' dir='ltr'>video.</span> <span class='ocrx_word' id='word_1_153' title='bbox 675 1290 867 1332; x_wconf 82' lang='lat' dir='ltr'>Tametsi</span> <span class='ocrx_word' id='word_1_154' title='bbox 891 1290 972 1333; x_wconf 81' lang='lat' dir='ltr'>hac</span> <span class='ocrx_word' id='word_1_155' title='bbox 993 1292 1047 1332; x_wconf 89' lang='lat' dir='ltr'>de</span> <span class='ocrx_word' id='word_1_156' title='bbox 1069 1307 1113 1333; x_wconf 89' lang='lat' dir='ltr'>re</span> <span class='ocrx_word' id='word_1_157' title='bbox 1137 1303 1243 1348; x_wconf 87' lang='lat' dir='ltr'>puto</span> <span class='ocrx_word' id='word_1_158' title='bbox 1268 1303 1308 1333; x_wconf 88' lang='lat' dir='ltr'>te</span> <span class='ocrx_word' id='word_1_159' title='bbox 1330 1294 1679 1344; x_wconf 87' lang='lat' dir='ltr'>constitutum‚p.</span> <span class='ocrx_word' id='word_1_160' title='bbox 1699 1305 1776 1335; x_wconf 74' lang='lat'>115.</span> 
     </span>
     <span class='ocr_line' id='line_1_22' title="bbox 190 1347 1681 1404; baseline 0.001 -14"><span class='ocrx_word' id='word_1_161' title='bbox 190 1349 293 1404; x_wconf 90' lang='lat' dir='ltr'>quid</span> <span class='ocrx_word' id='word_1_162' title='bbox 317 1347 509 1390; x_wconf 76' lang='lat' dir='ltr'>facturus</span> <span class='ocrx_word' id='word_1_163' title='bbox 532 1362 659 1399; x_wconf 87' lang='lat' dir='ltr'>esses,</span> <span class='ocrx_word' id='word_1_164' title='bbox 679 1347 860 1390; x_wconf 85' lang='lat' dir='ltr'>habere:</span> <span class='ocrx_word' id='word_1_165' title='bbox 883 1356 1042 1400; x_wconf 86' lang='lat' dir='ltr'>tamen,</span> <span class='ocrx_word' id='word_1_166' title='bbox 1063 1364 1148 1404; x_wconf 81' lang='lat' dir='ltr'>quo</span> <span class='ocrx_word' id='word_1_167' title='bbox 1170 1351 1378 1391; x_wconf 80' lang='lat' dir='ltr'>maturius</span> <span class='ocrx_word' id='word_1_168' title='bbox 1397 1351 1634 1392; x_wconf 86' lang='lat' dir='ltr'>constitue·</span> <span class='ocrx_word' id='word_1_169' title='bbox 1648 1357 1681 1377; x_wconf 87' lang='lat' dir='ltr'>a.</span> 
     </span>
     <span class='ocr_line' id='line_1_23' title="bbox 189 1405 1636 1461; baseline 0.003 -16"><span class='ocrx_word' id='word_1_170' title='bbox 189 1419 271 1456; x_wconf 68' lang='grc' dir='ltr'>τες,</span> <span class='ocrx_word' id='word_1_171' title='bbox 301 1420 402 1446; x_wconf 88' lang='lat' dir='ltr'>cum</span> <span class='ocrx_word' id='word_1_172' title='bbox 430 1405 545 1446; x_wconf 86' lang='lat' dir='ltr'>hunc</span> <span class='ocrx_word' id='word_1_173' title='bbox 568 1415 772 1446; x_wconf 87' lang='lat' dir='ltr'>eventum</span> <span class='ocrx_word' id='word_1_174' title='bbox 795 1405 1093 1461; x_wconf 85' lang='lat' dir='ltr'>providebam,</span> <span class='ocrx_word' id='word_1_175' title='bbox 1117 1409 1157 1441; x_wconf 87' lang='lat'>59</span> <span class='ocrx_word' id='word_1_176' title='bbox 1174 1407 1313 1448; x_wconf 88' lang='lat' dir='ltr'>visum</span> <span class='ocrx_word' id='word_1_177' title='bbox 1334 1418 1414 1458; x_wconf 83' lang='lat' dir='ltr'>est,</span> <span class='ocrx_word' id='word_1_178' title='bbox 1437 1418 1484 1448; x_wconf 90' lang='lat' dir='ltr'>ut</span> <span class='ocrx_word' id='word_1_179' title='bbox 1508 1417 1549 1448; x_wconf 85' lang='lat' dir='ltr'>te</span> <span class='ocrx_word' id='word_1_180' title='bbox 1572 1408 1636 1450; x_wconf 84' lang='lat' dir='ltr'>fa-</span> 
     </span>
     <span class='ocr_line' id='line_1_24' title="bbox 190 1462 1636 1506; baseline 0.001 -2"><span class='ocrx_word' id='word_1_181' title='bbox 190 1477 330 1504; x_wconf 90' lang='lat' dir='ltr'>cerem</span> <span class='ocrx_word' id='word_1_182' title='bbox 364 1463 607 1504; x_wconf 85' lang='lat' dir='ltr'>certiorem.</span> <span class='ocrx_word' id='word_1_183' title='bbox 670 1462 799 1503; x_wconf 85' lang='lat' dir='ltr'>Nosti</span> <span class='ocrx_word' id='word_1_184' title='bbox 838 1463 953 1503; x_wconf 89' lang='lat' dir='ltr'>enim</span> <span class='ocrx_word' id='word_1_185' title='bbox 991 1463 1087 1504; x_wconf 83' lang='lat' dir='ltr'>haec</span> <span class='ocrx_word' id='word_1_186' title='bbox 1124 1464 1362 1505; x_wconf 83' lang='lat' dir='ltr'>tralaticia:</span> <span class='ocrx_word' id='word_1_187' title='bbox 1410 1465 1463 1505; x_wconf 90' lang='lat' dir='ltr'>de</span> <span class='ocrx_word' id='word_1_188' title='bbox 1497 1465 1636 1506; x_wconf 87' lang='lat' dir='ltr'>Gallis</span> 
     </span>
     <span class='ocr_line' id='line_1_25' title="bbox 189 1519 1634 1577; baseline 0.002 -17"><span class='ocrx_word' id='word_1_189' title='bbox 189 1519 500 1561; x_wconf 85' lang='lat' dir='ltr'>constituetur:</span> <span class='ocrx_word' id='word_1_190' title='bbox 524 1519 620 1570; x_wconf 89' lang='lat' dir='ltr'>erit,</span> <span class='ocrx_word' id='word_1_191' title='bbox 642 1519 715 1575; x_wconf 93' lang='lat' dir='ltr'>qui</span> <span class='ocrx_word' id='word_1_192' title='bbox 741 1519 1006 1561; x_wconf 83' lang='lat' dir='ltr'>intercedat:</span> <span class='ocrx_word' id='word_1_193' title='bbox 1029 1519 1185 1562; x_wconf 88' lang='lat' dir='ltr'>deinde</span> <span class='ocrx_word' id='word_1_194' title='bbox 1203 1521 1310 1562; x_wconf 86' lang='lat' dir='ltr'>alius</span> <span class='ocrx_word' id='word_1_195' title='bbox 1330 1522 1524 1574; x_wconf 81' lang='lat' dir='ltr'>exsistet,</span> <span class='ocrx_word' id='word_1_196' title='bbox 1543 1523 1634 1577; x_wconf 90' lang='lat' dir='ltr'>qui,</span> 
     </span>
     <span class='ocr_line' id='line_1_26' title="bbox 189 1575 1634 1632; baseline 0.001 -14"><span class='ocrx_word' id='word_1_197' title='bbox 189 1577 273 1618; x_wconf 89' lang='lat' dir='ltr'>nisi</span> <span class='ocrx_word' id='word_1_198' title='bbox 296 1576 428 1618; x_wconf 90' lang='lat' dir='ltr'>libere</span> <span class='ocrx_word' id='word_1_199' title='bbox 450 1575 577 1617; x_wconf 85' lang='lat' dir='ltr'>liceat</span> <span class='ocrx_word' id='word_1_200' title='bbox 605 1575 658 1617; x_wconf 90' lang='lat' dir='ltr'>de</span> <span class='ocrx_word' id='word_1_201' title='bbox 687 1576 888 1617; x_wconf 90' lang='lat' dir='ltr'>omnibus</span> <span class='ocrx_word' id='word_1_202' title='bbox 920 1578 1155 1632; x_wconf 86' lang='lat' dir='ltr'>provinciis</span> <span class='ocrx_word' id='word_1_203' title='bbox 1187 1578 1416 1620; x_wconf 88' lang='lat' dir='ltr'>decernere</span> <span class='ocrx_word' id='word_1_204' title='bbox 1450 1580 1634 1631; x_wconf 89' lang='lat' dir='ltr'>senatui,</span> 
     </span>
     <span class='ocr_line' id='line_1_27' title="bbox 191 1633 1634 1691; baseline 0.002 -17"><span class='ocrx_word' id='word_1_205' title='bbox 191 1634 375 1688; x_wconf 87' lang='lat' dir='ltr'>reliquas</span> <span class='ocrx_word' id='word_1_206' title='bbox 397 1633 621 1689; x_wconf 85' lang='lat' dir='ltr'>impediat.</span> <span class='ocrx_word' id='word_1_207' title='bbox 645 1633 706 1675; x_wconf 88' lang='lat' dir='ltr'>sic</span> <span class='ocrx_word' id='word_1_208' title='bbox 730 1633 912 1674; x_wconf 86' lang='lat' dir='ltr'>multum</span> <span class='ocrx_word' id='word_1_209' title='bbox 935 1649 986 1675; x_wconf 88' lang='lat' dir='ltr'>ac</span> <span class='ocrx_word' id='word_1_210' title='bbox 1008 1635 1081 1675; x_wconf 89' lang='lat' dir='ltr'>diu</span> <span class='ocrx_word' id='word_1_211' title='bbox 1102 1635 1287 1685; x_wconf 86' lang='lat' dir='ltr'>ludetur,</span> <span class='ocrx_word' id='word_1_212' title='bbox 1310 1645 1439 1691; x_wconf 85' lang='lat' dir='ltr'>atque</span> <span class='ocrx_word' id='word_1_213' title='bbox 1462 1637 1523 1678; x_wconf 82' lang='lat' dir='ltr'>ita</span> <span class='ocrx_word' id='word_1_214' title='bbox 1543 1637 1634 1688; x_wconf 86' lang='lat' dir='ltr'>diu,</span> 
     </span>
     <span class='ocr_line' id='line_1_28' title="bbox 193 1689 1636 1748; baseline 0.003 -18"><span class='ocrx_word' id='word_1_215' title='bbox 193 1690 235 1721; x_wconf 79' lang='lat'>⁶⁰</span> <span class='ocrx_word' id='word_1_216' title='bbox 249 1703 295 1731; x_wconf 83' lang='lat' dir='ltr'>ut</span> <span class='ocrx_word' id='word_1_217' title='bbox 320 1690 415 1746; x_wconf 91' lang='lat' dir='ltr'>plus</span> <span class='ocrx_word' id='word_1_218' title='bbox 443 1689 666 1731; x_wconf 89' lang='lat' dir='ltr'>biennium</span> <span class='ocrx_word' id='word_1_219' title='bbox 697 1691 740 1731; x_wconf 92' lang='lat' dir='ltr'>in</span> <span class='ocrx_word' id='word_1_220' title='bbox 765 1690 831 1730; x_wconf 88' lang='lat' dir='ltr'>his</span> <span class='ocrx_word' id='word_1_221' title='bbox 854 1691 972 1731; x_wconf 87' lang='lat' dir='ltr'>tricis</span> <span class='ocrx_word' id='word_1_222' title='bbox 996 1701 1200 1733; x_wconf 86' lang='lat' dir='ltr'>moretur.</span> <span class='ocrx_word' id='word_1_223' title='bbox 1262 1693 1306 1733; x_wconf 86' lang='lat' dir='ltr'>Si</span> <span class='ocrx_word' id='word_1_224' title='bbox 1331 1693 1434 1748; x_wconf 90' lang='lat' dir='ltr'>quid</span> <span class='ocrx_word' id='word_1_225' title='bbox 1459 1694 1559 1735; x_wconf 89' lang='lat' dir='ltr'>novi</span> <span class='ocrx_word' id='word_1_226' title='bbox 1582 1694 1636 1735; x_wconf 86' lang='lat' dir='ltr'>de</span> 
     </span>
     <span class='ocr_line' id='line_1_29' title="bbox 192 1747 1637 1803; baseline 0.002 -14"><span class='ocrx_word' id='word_1_227' title='bbox 192 1747 429 1803; x_wconf 86' lang='lat' dir='ltr'>republica,</span> <span class='ocrx_word' id='word_1_228' title='bbox 459 1747 576 1802; x_wconf 91' lang='lat' dir='ltr'>quod</span> <span class='ocrx_word' id='word_1_229' title='bbox 609 1747 690 1788; x_wconf 90' lang='lat' dir='ltr'>tibi</span> <span class='ocrx_word' id='word_1_230' title='bbox 721 1747 969 1799; x_wconf 85' lang='lat' dir='ltr'>scriberem,</span> <span class='ocrx_word' id='word_1_231' title='bbox 997 1748 1218 1800; x_wconf 85' lang='lat' dir='ltr'>haberem,</span> <span class='ocrx_word' id='word_1_232' title='bbox 1250 1765 1349 1790; x_wconf 86' lang='lat' dir='ltr'>usus</span> <span class='ocrx_word' id='word_1_233' title='bbox 1380 1765 1515 1791; x_wconf 87' lang='lat' dir='ltr'>essem</span> <span class='ocrx_word' id='word_1_234' title='bbox 1542 1766 1637 1793; x_wconf 84' lang='lat' dir='ltr'>mea</span> 
     </span>
     <span class='ocr_line' id='line_1_30' title="bbox 192 1804 1637 1863; baseline 0.003 -19"><span class='ocrx_word' id='word_1_235' title='bbox 192 1804 520 1856; x_wconf 88' lang='lat' dir='ltr'>consuetudine,</span> <span class='ocrx_word' id='word_1_236' title='bbox 548 1812 594 1845; x_wconf 85' lang='lat' dir='ltr'>ut</span> <span class='ocrx_word' id='word_1_237' title='bbox 616 1804 859 1860; x_wconf 86' lang='lat' dir='ltr'>diligenter,</span> <span class='ocrx_word' id='word_1_238' title='bbox 881 1815 925 1845; x_wconf 91' lang='lat' dir='ltr'>et</span> <span class='ocrx_word' id='word_1_239' title='bbox 946 1806 1050 1861; x_wconf 89' lang='lat' dir='ltr'>quid</span> <span class='ocrx_word' id='word_1_240' title='bbox 1072 1816 1218 1848; x_wconf 87' lang='lat' dir='ltr'>actum</span> <span class='ocrx_word' id='word_1_241' title='bbox 1240 1816 1366 1858; x_wconf 91' lang='lat' dir='ltr'>esset,</span> <span class='ocrx_word' id='word_1_242' title='bbox 1389 1818 1432 1849; x_wconf 90' lang='lat' dir='ltr'>et</span> <span class='ocrx_word' id='word_1_243' title='bbox 1455 1809 1558 1863; x_wconf 91' lang='lat' dir='ltr'>quid</span> <span class='ocrx_word' id='word_1_244' title='bbox 1581 1823 1637 1850; x_wconf 81' lang='lat' dir='ltr'>ex</span> 
     </span>
     <span class='ocr_line' id='line_1_31' title="bbox 191 1860 1638 1921; baseline 0.003 -18"><span class='ocrx_word' id='word_1_245' title='bbox 191 1875 244 1903; x_wconf 87' lang='lat' dir='ltr'>eo</span> <span class='ocrx_word' id='word_1_246' title='bbox 275 1860 470 1902; x_wconf 85' lang='lat' dir='ltr'>futurum</span> <span class='ocrx_word' id='word_1_247' title='bbox 503 1875 732 1917; x_wconf 83' lang='lat' dir='ltr'>sperarem,</span> <span class='ocrx_word' id='word_1_248' title='bbox 766 1863 1090 1917; x_wconf 87' lang='lat' dir='ltr'>perscriberem.</span> <span class='ocrx_word' id='word_1_249' title='bbox 1152 1864 1264 1905; x_wconf 84' lang='lat' dir='ltr'>Sane</span> <span class='ocrx_word' id='word_1_250' title='bbox 1294 1865 1332 1895; x_wconf 84' lang='lat'>61</span> <span class='ocrx_word' id='word_1_251' title='bbox 1350 1875 1566 1921; x_wconf 85' lang='lat' dir='ltr'>tamquam</span> <span class='ocrx_word' id='word_1_252' title='bbox 1595 1867 1638 1907; x_wconf 89' lang='lat' dir='ltr'>in</span> 
     </span>
     <span class='ocr_line' id='line_1_32' title="bbox 192 1918 1635 1974; baseline 0.003 -15"><span class='ocrx_word' id='word_1_253' title='bbox 192 1918 380 1974; x_wconf 84' lang='lat' dir='ltr'>quodam</span> <span class='ocrx_word' id='word_1_254' title='bbox 404 1918 520 1961; x_wconf 86' lang='lat' dir='ltr'>incili</span> <span class='ocrx_word' id='word_1_255' title='bbox 538 1919 633 1974; x_wconf 84' lang='lat' dir='ltr'>jam</span> <span class='ocrx_word' id='word_1_256' title='bbox 656 1920 803 1960; x_wconf 87' lang='lat' dir='ltr'>omnia</span> <span class='ocrx_word' id='word_1_257' title='bbox 825 1919 1114 1962; x_wconf 65' lang='lat' dir='ltr'>adhaeserunt.</span> <span class='ocrx_word' id='word_1_258' title='bbox 1148 1921 1381 1963; x_wconf 85' lang='lat' dir='ltr'>Marcellus</span> <span class='ocrx_word' id='word_1_259' title='bbox 1402 1923 1515 1964; x_wconf 87' lang='lat' dir='ltr'>idem</span> <span class='ocrx_word' id='word_1_260' title='bbox 1535 1923 1635 1964; x_wconf 88' lang='lat' dir='ltr'>illud</span> 
     </span>
     <span class='ocr_line' id='line_1_33' title="bbox 192 1975 1640 2034; baseline 0.003 -18"><span class='ocrx_word' id='word_1_261' title='bbox 192 1976 247 2016; x_wconf 85' lang='lat' dir='ltr'>de</span> <span class='ocrx_word' id='word_1_262' title='bbox 270 1975 504 2032; x_wconf 86' lang='lat' dir='ltr'>provinciis</span> <span class='ocrx_word' id='word_1_263' title='bbox 527 1985 676 2031; x_wconf 86' lang='lat' dir='ltr'>urget:</span> <span class='ocrx_word' id='word_1_264' title='bbox 711 1990 849 2031; x_wconf 85' lang='lat' dir='ltr'>neque</span> <span class='ocrx_word' id='word_1_265' title='bbox 872 1978 1013 2019; x_wconf 87' lang='lat' dir='ltr'>adhuc</span> <span class='ocrx_word' id='word_1_266' title='bbox 1037 1978 1305 2034; x_wconf 85' lang='lat' dir='ltr'>frequentem</span> <span class='ocrx_word' id='word_1_267' title='bbox 1328 1991 1524 2020; x_wconf 83' lang='lat' dir='ltr'>senatum</span> <span class='ocrx_word' id='word_1_268' title='bbox 1547 1981 1640 2021; x_wconf 86' lang='lat' dir='ltr'>effi-</span> 
     </span>
     <span class='ocr_line' id='line_1_34' title="bbox 192 2032 1642 2091; baseline 0.003 -17"><span class='ocrx_word' id='word_1_269' title='bbox 192 2046 289 2074; x_wconf 83' lang='lat' dir='ltr'>cere</span> <span class='ocrx_word' id='word_1_270' title='bbox 310 2033 469 2089; x_wconf 83' lang='lat' dir='ltr'>potuit.</span> <span class='ocrx_word' id='word_1_271' title='bbox 531 2032 701 2080; x_wconf 83' lang='lat' dir='ltr'>Quodsi</span> <span class='ocrx_word' id='word_1_272' title='bbox 729 2048 843 2076; x_wconf 88' lang='lat' dir='ltr'>anno</span> <span class='ocrx_word' id='word_1_273' title='bbox 874 2036 1096 2091; x_wconf 89' lang='lat' dir='ltr'>praeterito</span> <span class='ocrx_word' id='word_1_274' title='bbox 1128 2036 1168 2067; x_wconf 72' lang='lat'>62</span> <span class='ocrx_word' id='word_1_275' title='bbox 1184 2036 1318 2077; x_wconf 86' lang='lat' dir='ltr'>Curio</span> <span class='ocrx_word' id='word_1_276' title='bbox 1350 2038 1565 2089; x_wconf 85' lang='lat' dir='ltr'>tribunus,</span> <span class='ocrx_word' id='word_1_277' title='bbox 1596 2047 1642 2079; x_wconf 90' lang='lat' dir='ltr'>et</span> 
     </span>
    </p>
   </div>
   <div class='ocr_carea' id='block_1_6' title="bbox 1550 102 1667 250">
    <p class='ocr_par' dir='ltr' id='par_1_6' title="bbox 1550 102 1667 250">
     <span class='ocr_line' id='line_1_35' title="bbox 1550 102 1626 142; baseline 0.066 -6"><span class='ocrx_word' id='word_1_278' title='bbox 1550 102 1626 142; x_wconf 77' lang='lat'>187</span> 
     </span>
     <span class='ocr_line' id='line_1_36' title="bbox 1641 209 1667 250; baseline 0 0"><span class='ocrx_word' id='word_1_279' title='bbox 1641 209 1667 250; x_wconf 84' lang='lat'><em>5</em></span> 
     </span>
    </p>
   </div>
   <div class='ocr_carea' id='block_1_7' title="bbox 235 2161 1643 2206">
    <p class='ocr_par' dir='ltr' id='par_1_7' title="bbox 235 2161 1643 2206">
     <span class='ocr_line' id='line_1_37' title="bbox 235 2161 1643 2206; baseline 0.004 -13"><span class='ocrx_word' id='word_1_280' title='bbox 235 2164 275 2193; x_wconf 84' lang='lat'>55</span> <span class='ocrx_word' id='word_1_281' title='bbox 293 2161 389 2194; x_wconf 84' lang='lat' dir='ltr'>Nam</span> <span class='ocrx_word' id='word_1_282' title='bbox 398 2164 427 2194; x_wconf 76' lang='grc' dir='ltr'>π’</span> <span class='ocrx_word' id='word_1_283' title='bbox 438 2164 495 2194; x_wconf 79' lang='lat' dir='ltr'>hoe</span> <span class='ocrx_word' id='word_1_284' title='bbox 506 2162 684 2203; x_wconf 69' lang='lat' dir='ltr'>moderare]</span> <span class='ocrx_word' id='word_1_285' title='bbox 702 2162 791 2195; x_wconf 84' lang='lat' dir='ltr'>Olim</span> <span class='ocrx_word' id='word_1_286' title='bbox 804 2168 890 2195; x_wconf 81' lang='lat' dir='ltr'>erat:</span> <span class='ocrx_word' id='word_1_287' title='bbox 979 2168 1020 2199; x_wconf 85' lang='lat'>59</span> <span class='ocrx_word' id='word_1_288' title='bbox 1033 2167 1142 2197; x_wconf 75' lang='lat' dir='ltr'>vis-um</span> <span class='ocrx_word' id='word_1_289' title='bbox 1156 2169 1216 2202; x_wconf 68' lang='lat' dir='ltr'>est,</span> <span class='ocrx_word' id='word_1_290' title='bbox 1231 2170 1270 2197; x_wconf 79' lang='lat' dir='ltr'>ut</span> <span class='ocrx_word' id='word_1_291' title='bbox 1284 2165 1472 2206; x_wconf 75' lang='lat' dir='ltr'>testreerem</span> <span class='ocrx_word' id='word_1_292' title='bbox 1487 2167 1531 2206; x_wconf 61' lang='grc'>[3.]</span> <span class='ocrx_word' id='word_1_293' title='bbox 1548 2167 1598 2198; x_wconf 88' lang='lat' dir='ltr'>An</span> <span class='ocrx_word' id='word_1_294' title='bbox 1610 2171 1643 2198; x_wconf 71' lang='lat' dir='ltr'>te</span> 
     </span>
    </p>
   </div>
   <div class='ocr_carea' id='block_1_8' title="bbox 193 2204 1642 2250">
    <p class='ocr_par' dir='ltr' id='par_1_8' title="bbox 193 2204 1642 2250">
     <span class='ocr_line' id='line_1_38' title="bbox 193 2204 1642 2250; baseline 0.004 -16"><span class='ocrx_word' id='word_1_295' title='bbox 193 2205 222 2234; x_wconf 70' lang='lat' dir='ltr'>oi</span> <span class='ocrx_word' id='word_1_296' title='bbox 248 2204 304 2234; x_wconf 81' lang='lat' dir='ltr'>hoc</span> <span class='ocrx_word' id='word_1_297' title='bbox 333 2214 432 2237; x_wconf 83' lang='lat' dir='ltr'>more.</span> <span class='ocrx_word' id='word_1_298' title='bbox 465 2205 501 2236; x_wconf 88' lang='lat' dir='ltr'>in</span> <span class='ocrx_word' id='word_1_299' title='bbox 530 2206 593 2236; x_wconf 93' lang='lat' dir='ltr'>Gu.</span> <span class='ocrx_word' id='word_1_300' title='bbox 624 2210 675 2236; x_wconf 87' lang='lat' dir='ltr'>est</span> <span class='ocrx_word' id='word_1_301' title='bbox 702 2212 893 2246; x_wconf 78' lang='lat' dir='ltr'>utrumque.</span> <span class='ocrx_word' id='word_1_302' title='bbox 923 2206 1046 2247; x_wconf 80' lang='lat' dir='ltr'>facere</span> <span class='ocrx_word' id='word_1_303' title='bbox 1061 2209 1243 2246; x_wconf 82' lang='lat' dir='ltr'>certiorem,</span> <span class='ocrx_word' id='word_1_304' title='bbox 1258 2214 1298 2239; x_wconf 90' lang='lat' dir='ltr'>ut</span> <span class='ocrx_word' id='word_1_305' title='bbox 1312 2209 1473 2239; x_wconf 74' lang='lat' dir='ltr'>Lambino</span> <span class='ocrx_word' id='word_1_306' title='bbox 1483 2212 1554 2250; x_wconf 81' lang='lat' dir='ltr'>jam</span> <span class='ocrx_word' id='word_1_307' title='bbox 1571 2212 1642 2250; x_wconf 87' lang='lat' dir='ltr'>pla·</span> 
     </span>
    </p>
   </div>
   <div class='ocr_carea' id='block_1_9' title="bbox 192 2246 896 2794">
    <p class='ocr_par' dir='ltr' id='par_1_9' title="bbox 192 2246 894 2321">
     <span class='ocr_line' id='line_1_39' title="bbox 192 2246 894 2289; baseline 0.006 -13"><span class='ocrx_word' id='word_1_308' title='bbox 192 2247 280 2277; x_wconf 80' lang='lat' dir='ltr'>forte</span> <span class='ocrx_word' id='word_1_309' title='bbox 293 2246 357 2277; x_wconf 82' lang='lat' dir='ltr'>fuit</span> <span class='ocrx_word' id='word_1_310' title='bbox 371 2249 428 2278; x_wconf 78' lang='lat' dir='ltr'>hot:</span> <span class='ocrx_word' id='word_1_311' title='bbox 442 2249 533 2278; x_wconf 85' lang='lat' dir='ltr'>modo</span> <span class='ocrx_word' id='word_1_312' title='bbox 545 2260 554 2277; x_wconf 85' lang='lat'>.-</span> <span class='ocrx_word' id='word_1_313' title='bbox 577 2252 615 2277; x_wconf 86' lang='lat' dir='ltr'>ut</span> <span class='ocrx_word' id='word_1_314' title='bbox 635 2248 767 2288; x_wconf 83' lang='lat' dir='ltr'>quidam</span> <span class='ocrx_word' id='word_1_315' title='bbox 784 2250 894 2289; x_wconf 83' lang='lat' dir='ltr'>conje-</span> 
     </span>
     <span class='ocr_line' id='line_1_40' title="bbox 192 2289 655 2321; baseline 0.004 -2"><span class='ocrx_word' id='word_1_316' title='bbox 192 2298 276 2319; x_wconf 86' lang='lat' dir='ltr'>cere.</span> <span class='ocrx_word' id='word_1_317' title='bbox 300 2289 414 2320; x_wconf 84' lang='lat' dir='ltr'>malim</span> <span class='ocrx_word' id='word_1_318' title='bbox 429 2294 543 2321; x_wconf 70' lang='lat' dir='ltr'>tamen</span> <span class='ocrx_word' id='word_1_319' title='bbox 559 2291 586 2320; x_wconf 77' lang='grc' dir='ltr'>εἰ</span> <span class='ocrx_word' id='word_1_320' title='bbox 601 2291 655 2321; x_wconf 77' lang='lat' dir='ltr'>sic.</span> 
     </span>
    </p>

    <p class='ocr_par' dir='ltr' id='par_1_10' title="bbox 193 2332 895 2490">
     <span class='ocr_line' id='line_1_41' title="bbox 236 2332 894 2372; baseline 0.005 -12"><span class='ocrx_word' id='word_1_321' title='bbox 236 2332 277 2361; x_wconf 82' lang='lat'>56</span> <span class='ocrx_word' id='word_1_322' title='bbox 293 2341 329 2370; x_wconf 82' lang='lat' dir='ltr'>p.</span> <span class='ocrx_word' id='word_1_323' title='bbox 352 2335 383 2361; x_wconf 78' lang='lat' dir='ltr'>et</span> <span class='ocrx_word' id='word_1_324' title='bbox 399 2342 437 2371; x_wconf 82' lang='lat' dir='ltr'>g.</span> <span class='ocrx_word' id='word_1_325' title='bbox 460 2334 554 2364; x_wconf 83' lang='lat' dir='ltr'>illam</span> <span class='ocrx_word' id='word_1_326' title='bbox 572 2333 827 2372; x_wconf 73' lang='lat' dir='ltr'>dimicationem]</span> <span class='ocrx_word' id='word_1_327' title='bbox 851 2333 894 2364; x_wconf 76' lang='lat' dir='ltr'>il-</span> 
     </span>
     <span class='ocr_line' id='line_1_42' title="bbox 193 2372 894 2416; baseline 0.006 -14"><span class='ocrx_word' id='word_1_328' title='bbox 193 2372 262 2403; x_wconf 80' lang='lat' dir='ltr'>lam</span> <span class='ocrx_word' id='word_1_329' title='bbox 277 2373 358 2403; x_wconf 80' lang='lat' dir='ltr'>mihi</span> <span class='ocrx_word' id='word_1_330' title='bbox 374 2382 562 2414; x_wconf 70' lang='lat' dir='ltr'>suspectum</span> <span class='ocrx_word' id='word_1_331' title='bbox 578 2383 639 2406; x_wconf 85' lang='lat' dir='ltr'>est.</span> <span class='ocrx_word' id='word_1_332' title='bbox 661 2385 704 2405; x_wconf 88' lang='lat' dir='ltr'>an</span> <span class='ocrx_word' id='word_1_333' title='bbox 719 2377 867 2416; x_wconf 77' lang='lat' dir='ltr'>aliquam</span> <span class='ocrx_word' id='word_1_334' title='bbox 878 2377 894 2405; x_wconf 70' lang='lat'>&gt;⁹</span> 
     </span>
     <span class='ocr_line' id='line_1_43' title="bbox 193 2415 895 2459; baseline 0.007 -15"><span class='ocrx_word' id='word_1_335' title='bbox 193 2415 279 2445; x_wconf 75' lang='lat' dir='ltr'>sicut</span> <span class='ocrx_word' id='word_1_336' title='bbox 292 2417 386 2446; x_wconf 80' lang='lat' dir='ltr'>illam</span> <span class='ocrx_word' id='word_1_337' title='bbox 398 2423 433 2446; x_wconf 88' lang='lat' dir='ltr'>et</span> <span class='ocrx_word' id='word_1_338' title='bbox 445 2418 563 2454; x_wconf 72' lang='lat' dir='ltr'>aliam,</span> <span class='ocrx_word' id='word_1_339' title='bbox 575 2417 662 2448; x_wconf 70' lang='lat' dir='ltr'>illud</span> <span class='ocrx_word' id='word_1_340' title='bbox 671 2423 706 2448; x_wconf 91' lang='lat' dir='ltr'>et</span> <span class='ocrx_word' id='word_1_341' title='bbox 717 2419 812 2449; x_wconf 76' lang='lat' dir='ltr'>aliud</span> <span class='ocrx_word' id='word_1_342' title='bbox 823 2429 895 2459; x_wconf 86' lang='lat' dir='ltr'>per-</span> 
     </span>
     <span class='ocr_line' id='line_1_44' title="bbox 193 2458 607 2490; baseline 0.01 -4"><span class='ocrx_word' id='word_1_343' title='bbox 193 2459 315 2488; x_wconf 78' lang='lat' dir='ltr'>mutari</span> <span class='ocrx_word' id='word_1_344' title='bbox 332 2459 366 2487; x_wconf 86' lang='lat' dir='ltr'>in</span> <span class='ocrx_word' id='word_1_345' title='bbox 382 2458 474 2489; x_wconf 84' lang='lat' dir='ltr'>libris</span> <span class='ocrx_word' id='word_1_346' title='bbox 487 2460 607 2490; x_wconf 76' lang='lat' dir='ltr'>soient.</span> 
     </span>
    </p>

    <p class='ocr_par' dir='ltr' id='par_1_11' title="bbox 194 2500 896 2617">
     <span class='ocr_line' id='line_1_45' title="bbox 237 2500 893 2542; baseline 0.008 -13"><span class='ocrx_word' id='word_1_347' title='bbox 237 2503 276 2533; x_wconf 80' lang='grc'>57</span> <span class='ocrx_word' id='word_1_348' title='bbox 300 2500 621 2542; x_wconf 59' lang='lat' dir='ltr'>Plane—rationem]</span> <span class='ocrx_word' id='word_1_349' title='bbox 649 2503 711 2533; x_wconf 84' lang='lat' dir='ltr'>Pro</span> <span class='ocrx_word' id='word_1_350' title='bbox 733 2502 830 2541; x_wconf 73' lang='lat' dir='ltr'>huius</span> <span class='ocrx_word' id='word_1_351' title='bbox 846 2503 893 2534; x_wconf 81' lang='lat' dir='ltr'>rei</span> 
     </span>
     <span class='ocr_line' id='line_1_46' title="bbox 194 2542 896 2587; baseline 0.01 -17"><span class='ocrx_word' id='word_1_352' title='bbox 194 2542 371 2579; x_wconf 76' lang='lat' dir='ltr'>rationem,</span> <span class='ocrx_word' id='word_1_353' title='bbox 389 2548 427 2573; x_wconf 90' lang='lat' dir='ltr'>ut</span> <span class='ocrx_word' id='word_1_354' title='bbox 440 2544 533 2576; x_wconf 80' lang='lat' dir='ltr'>Verr.</span> <span class='ocrx_word' id='word_1_355' title='bbox 551 2544 580 2582; x_wconf 89' lang='lat' dir='ltr'>l,</span> <span class='ocrx_word' id='word_1_356' title='bbox 596 2548 649 2576; x_wconf 72' lang='lat'>43.</span> <span class='ocrx_word' id='word_1_357' title='bbox 663 2555 758 2576; x_wconf 84' lang='lat' dir='ltr'>suam</span> <span class='ocrx_word' id='word_1_358' title='bbox 774 2555 896 2587; x_wconf 82' lang='lat' dir='ltr'>quoque</span> 
     </span>
     <span class='ocr_line' id='line_1_47' title="bbox 196 2585 516 2617; baseline 0.013 -4"><span class='ocrx_word' id='word_1_359' title='bbox 196 2585 357 2614; x_wconf 76' lang='lat' dir='ltr'>rationem</span> <span class='ocrx_word' id='word_1_360' title='bbox 375 2586 516 2617; x_wconf 70' lang='lat' dir='ltr'>duceret.</span> 
     </span>
    </p>

    <p class='ocr_par' dir='ltr' id='par_1_12' title="bbox 195 2627 895 2794">
     <span class='ocr_line' id='line_1_48' title="bbox 238 2627 894 2667; baseline 0.008 -11"><span class='ocrx_word' id='word_1_361' title='bbox 238 2629 277 2657; x_wconf 76' lang='lat'>53</span> <span class='ocrx_word' id='word_1_362' title='bbox 295 2637 356 2657; x_wconf 85' lang='lat' dir='ltr'>non</span> <span class='ocrx_word' id='word_1_363' title='bbox 368 2627 472 2667; x_wconf 80' lang='lat' dir='ltr'>video]</span> <span class='ocrx_word' id='word_1_364' title='bbox 484 2627 624 2659; x_wconf 69' lang='lat' dir='ltr'>Videtur</span> <span class='ocrx_word' id='word_1_365' title='bbox 633 2638 695 2660; x_wconf 80' lang='lat' dir='ltr'>non</span> <span class='ocrx_word' id='word_1_366' title='bbox 705 2639 774 2660; x_wconf 85' lang='lat' dir='ltr'>esse</span> <span class='ocrx_word' id='word_1_367' title='bbox 786 2629 894 2661; x_wconf 86' lang='lat' dir='ltr'>alieno</span> 
     </span>
     <span class='ocr_line' id='line_1_49' title="bbox 195 2664 895 2708; baseline 0.01 -12"><span class='ocrx_word' id='word_1_368' title='bbox 195 2664 282 2705; x_wconf 83' lang='lat' dir='ltr'>loco,</span> <span class='ocrx_word' id='word_1_369' title='bbox 305 2676 340 2699; x_wconf 83' lang='lat' dir='ltr'>et</span> <span class='ocrx_word' id='word_1_370' title='bbox 361 2670 401 2700; x_wconf 81' lang='lat' dir='ltr'>ad</span> <span class='ocrx_word' id='word_1_371' title='bbox 412 2668 577 2708; x_wconf 78' lang='lat' dir='ltr'>futuram</span> <span class='ocrx_word' id='word_1_372' title='bbox 593 2671 824 2704; x_wconf 79' lang='lat' dir='ltr'>revocandum.</span> <span class='ocrx_word' id='word_1_373' title='bbox 846 2673 895 2703; x_wconf 89' lang='lat' dir='ltr'>di-</span> 
     </span>
     <span class='ocr_line' id='line_1_50' title="bbox 195 2709 894 2751; baseline 0.009 -11"><span class='ocrx_word' id='word_1_374' title='bbox 195 2709 253 2745; x_wconf 83' lang='lat' dir='ltr'>cit,</span> <span class='ocrx_word' id='word_1_375' title='bbox 266 2720 298 2740; x_wconf 84' lang='lat' dir='ltr'>se</span> <span class='ocrx_word' id='word_1_376' title='bbox 312 2712 509 2751; x_wconf 74' lang='lat' dir='ltr'>intelligere,</span> <span class='ocrx_word' id='word_1_377' title='bbox 523 2713 674 2744; x_wconf 76' lang='lat' dir='ltr'>Ciceroni</span> <span class='ocrx_word' id='word_1_378' title='bbox 688 2724 755 2745; x_wconf 89' lang='lat' dir='ltr'>non</span> <span class='ocrx_word' id='word_1_379' title='bbox 768 2724 894 2746; x_wconf 75' lang='lat' dir='ltr'>succes-</span> 
     </span>
     <span class='ocr_line' id='line_1_51' title="bbox 196 2753 892 2794; baseline 0.01 -14"><span class='ocrx_word' id='word_1_380' title='bbox 196 2759 269 2781; x_wconf 76' lang='lat' dir='ltr'>sum</span> <span class='ocrx_word' id='word_1_381' title='bbox 289 2753 342 2788; x_wconf 79' lang='lat' dir='ltr'>iri,</span> <span class='ocrx_word' id='word_1_382' title='bbox 359 2759 492 2794; x_wconf 85' lang='lat' dir='ltr'>propter</span> <span class='ocrx_word' id='word_1_383' title='bbox 507 2755 599 2786; x_wconf 85' lang='lat' dir='ltr'>illam</span> <span class='ocrx_word' id='word_1_384' title='bbox 614 2757 870 2788; x_wconf 68' lang='lat' dir='ltr'>controversiam</span> <span class='ocrx_word' id='word_1_385' title='bbox 884 2769 892 2787; x_wconf 73' lang='grc' dir='ltr'><strong>ι</strong></span> 
     </span>
    </p>
   </div>
   <div class='ocr_carea' id='block_1_10' title="bbox 195 2797 893 2869">
    <p class='ocr_par' dir='ltr' id='par_1_13' title="bbox 195 2797 893 2869">
     <span class='ocr_line' id='line_1_52' title="bbox 196 2797 893 2841; baseline 0.014 -19"><span class='ocrx_word' id='word_1_386' title='bbox 196 2802 258 2840; x_wconf 72' lang='lat' dir='ltr'>qua</span> <span class='ocrx_word' id='word_1_387' title='bbox 275 2803 341 2825; x_wconf 88' lang='lat' dir='ltr'>non</span> <span class='ocrx_word' id='word_1_388' title='bbox 358 2797 552 2835; x_wconf 83' lang='lat' dir='ltr'>composita,</span> <span class='ocrx_word' id='word_1_389' title='bbox 575 2797 614 2830; x_wconf 84' lang='lat' dir='ltr'>de</span> <span class='ocrx_word' id='word_1_390' title='bbox 629 2799 745 2831; x_wconf 82' lang='lat' dir='ltr'>ceteris</span> <span class='ocrx_word' id='word_1_391' title='bbox 762 2801 893 2841; x_wconf 83' lang='lat' dir='ltr'>pruvin-</span> 
     </span>
     <span class='ocr_line' id='line_1_53' title="bbox 195 2836 514 2869; baseline 0.019 -6"><span class='ocrx_word' id='word_1_392' title='bbox 195 2844 253 2865; x_wconf 76' lang='lat' dir='ltr'>cus</span> <span class='ocrx_word' id='word_1_393' title='bbox 270 2836 316 2867; x_wconf 92' lang='lat' dir='ltr'>nil</span> <span class='ocrx_word' id='word_1_394' title='bbox 331 2843 443 2869; x_wconf 76' lang='lat' dir='ltr'>actum</span> <span class='ocrx_word' id='word_1_395' title='bbox 463 2838 514 2869; x_wconf 86' lang='lat' dir='ltr'>iri.</span> 
     </span>
    </p>
   </div>
   <div class='ocr_carea' id='block_1_11' title="bbox 935 2250 1649 2883">
    <p class='ocr_par' dir='ltr' id='par_1_14' title="bbox 937 2250 1031 2280">
     <span class='ocr_line' id='line_1_54' title="bbox 937 2250 1031 2280; baseline 0.011 -1"><span class='ocrx_word' id='word_1_396' title='bbox 937 2250 1005 2280; x_wconf 81' lang='lat' dir='ltr'>cuit</span> <span class='ocrx_word' id='word_1_397' title='bbox 1019 2251 1031 2280; x_wconf 84' lang='lat'>?</span> 
     </span>
    </p>

    <p class='ocr_par' dir='ltr' id='par_1_15' title="bbox 937 2292 1638 2461">
     <span class='ocr_line' id='line_1_55' title="bbox 979 2292 1638 2335; baseline 0.003 -13"><span class='ocrx_word' id='word_1_398' title='bbox 979 2292 1021 2323; x_wconf 91' lang='grc'>60</span> <span class='ocrx_word' id='word_1_399' title='bbox 1044 2293 1285 2333; x_wconf 70' lang='lat' dir='ltr'>zat—moretur]</span> <span class='ocrx_word' id='word_1_400' title='bbox 1315 2293 1491 2334; x_wconf 76' lang='lat' dir='ltr'>Accipiunt</span> <span class='ocrx_word' id='word_1_401' title='bbox 1517 2295 1638 2335; x_wconf 84' lang='lat' dir='ltr'>imper-</span> 
     </span>
     <span class='ocr_line' id='line_1_56' title="bbox 937 2334 1638 2378; baseline 0.003 -14"><span class='ocrx_word' id='word_1_402' title='bbox 937 2334 1096 2366; x_wconf 80' lang='lat' dir='ltr'>sonaliter</span> <span class='ocrx_word' id='word_1_403' title='bbox 1117 2335 1257 2373; x_wconf 84' lang='lat' dir='ltr'>dictum,</span> <span class='ocrx_word' id='word_1_404' title='bbox 1281 2346 1351 2378; x_wconf 89' lang='lat' dir='ltr'>pro,</span> <span class='ocrx_word' id='word_1_405' title='bbox 1377 2347 1468 2367; x_wconf 85' lang='lat' dir='ltr'>mora</span> <span class='ocrx_word' id='word_1_406' title='bbox 1488 2338 1558 2367; x_wconf 78' lang='lat' dir='ltr'>fiat.</span> <span class='ocrx_word' id='word_1_407' title='bbox 1582 2337 1638 2366; x_wconf 78' lang='lat' dir='ltr'>sed</span> 
     </span>
     <span class='ocr_line' id='line_1_57' title="bbox 937 2377 1637 2410; baseline 0.004 -4"><span class='ocrx_word' id='word_1_408' title='bbox 937 2377 1054 2407; x_wconf 82' lang='lat' dir='ltr'>melius</span> <span class='ocrx_word' id='word_1_409' title='bbox 1084 2387 1260 2408; x_wconf 71' lang='lat' dir='ltr'>moremur.</span> <span class='ocrx_word' id='word_1_410' title='bbox 1298 2389 1374 2409; x_wconf 85' lang='lat' dir='ltr'>nam</span> <span class='ocrx_word' id='word_1_411' title='bbox 1406 2379 1494 2410; x_wconf 76' lang='lat' dir='ltr'>iuius</span> <span class='ocrx_word' id='word_1_412' title='bbox 1520 2380 1637 2409; x_wconf 75' lang='lat' dir='ltr'>forma·</span> 
     </span>
     <span class='ocr_line' id='line_1_58' title="bbox 938 2420 1299 2461; baseline 0.006 -12"><span class='ocrx_word' id='word_1_413' title='bbox 938 2420 1126 2461; x_wconf 76' lang='lat' dir='ltr'>exemplum</span> <span class='ocrx_word' id='word_1_414' title='bbox 1142 2420 1299 2451; x_wconf 81' lang='lat' dir='ltr'>desidero.</span> 
     </span>
    </p>

    <p class='ocr_par' dir='ltr' id='par_1_16' title="bbox 935 2462 1638 2754">
     <span class='ocr_line' id='line_1_59' title="bbox 980 2462 1638 2503; baseline 0 -11"><span class='ocrx_word' id='word_1_415' title='bbox 980 2463 1016 2492; x_wconf 81' lang='lat'>61</span> <span class='ocrx_word' id='word_1_416' title='bbox 1042 2466 1067 2493; x_wconf 85' lang='lat' dir='ltr'>t.</span> <span class='ocrx_word' id='word_1_417' title='bbox 1090 2463 1122 2492; x_wconf 73' lang='lat' dir='ltr'>iu</span> <span class='ocrx_word' id='word_1_418' title='bbox 1139 2463 1279 2502; x_wconf 68' lang='lat' dir='ltr'>quodam</span> <span class='ocrx_word' id='word_1_419' title='bbox 1294 2464 1385 2494; x_wconf 71' lang='lat' dir='ltr'>incili</span> <span class='ocrx_word' id='word_1_420' title='bbox 1398 2462 1477 2503; x_wconf 81' lang='lat' dir='ltr'>jam</span> <span class='ocrx_word' id='word_1_421' title='bbox 1493 2473 1554 2494; x_wconf 82' lang='lat' dir='ltr'>om.</span> <span class='ocrx_word' id='word_1_422' title='bbox 1578 2462 1638 2493; x_wconf 71' lang='lat' dir='ltr'>ael-</span> 
     </span>
     <span class='ocr_line' id='line_1_60' title="bbox 936 2503 1638 2544; baseline 0.004 -11"><span class='ocrx_word' id='word_1_423' title='bbox 936 2503 1028 2544; x_wconf 75' lang='lat' dir='ltr'>hoes.]</span> <span class='ocrx_word' id='word_1_424' title='bbox 1055 2505 1108 2535; x_wconf 89' lang='lat' dir='ltr'>Sic</span> <span class='ocrx_word' id='word_1_425' title='bbox 1122 2505 1210 2535; x_wconf 80' lang='lat' dir='ltr'>hunc</span> <span class='ocrx_word' id='word_1_426' title='bbox 1228 2506 1334 2536; x_wconf 79' lang='lat' dir='ltr'>locum</span> <span class='ocrx_word' id='word_1_427' title='bbox 1352 2507 1385 2536; x_wconf 87' lang='lat' dir='ltr'>in</span> <span class='ocrx_word' id='word_1_428' title='bbox 1403 2506 1492 2535; x_wconf 69' lang='lat' dir='ltr'>lilii-is</span> <span class='ocrx_word' id='word_1_429' title='bbox 1513 2515 1576 2535; x_wconf 83' lang='lat' dir='ltr'>scr.</span> <span class='ocrx_word' id='word_1_430' title='bbox 1602 2510 1638 2536; x_wconf 75' lang='lat' dir='ltr'>et</span> 
     </span>
     <span class='ocr_line' id='line_1_61' title="bbox 937 2546 1636 2588; baseline 0.004 -13"><span class='ocrx_word' id='word_1_431' title='bbox 937 2546 1008 2576; x_wconf 84' lang='lat' dir='ltr'>edd.</span> <span class='ocrx_word' id='word_1_432' title='bbox 1041 2546 1134 2578; x_wconf 79' lang='lat' dir='ltr'>valde</span> <span class='ocrx_word' id='word_1_433' title='bbox 1162 2555 1355 2588; x_wconf 71' lang='lat' dir='ltr'>corruptum</span> <span class='ocrx_word' id='word_1_434' title='bbox 1387 2548 1561 2578; x_wconf 74' lang='lat' dir='ltr'>constituit</span> <span class='ocrx_word' id='word_1_435' title='bbox 1599 2547 1636 2579; x_wconf 81' lang='lat' dir='ltr'>P.</span> 
     </span>
     <span class='ocr_line' id='line_1_62' title="bbox 938 2588 1636 2629; baseline 0.004 -11"><span class='ocrx_word' id='word_1_436' title='bbox 938 2588 1126 2625; x_wconf 67' lang='lat' dir='ltr'>Manutius,</span> <span class='ocrx_word' id='word_1_437' title='bbox 1144 2590 1305 2629; x_wconf 82' lang='lat' dir='ltr'>probante</span> <span class='ocrx_word' id='word_1_438' title='bbox 1321 2590 1480 2620; x_wconf 77' lang='lat' dir='ltr'>Salmasio</span> <span class='ocrx_word' id='word_1_439' title='bbox 1495 2595 1528 2620; x_wconf 85' lang='lat' dir='ltr'>et</span> <span class='ocrx_word' id='word_1_440' title='bbox 1544 2589 1636 2621; x_wconf 84' lang='lat' dir='ltr'>aliis:</span> 
     </span>
     <span class='ocr_line' id='line_1_63' title="bbox 937 2630 1638 2672; baseline -0.001 -10"><span class='ocrx_word' id='word_1_441' title='bbox 937 2636 1068 2662; x_wconf 78' lang='lat' dir='ltr'>secutus</span> <span class='ocrx_word' id='word_1_442' title='bbox 1083 2638 1133 2662; x_wconf 83' lang='lat' dir='ltr'>est</span> <span class='ocrx_word' id='word_1_443' title='bbox 1148 2631 1324 2662; x_wconf 65' lang='lat' dir='ltr'>Lambinus</span> <span class='ocrx_word' id='word_1_444' title='bbox 1337 2638 1370 2662; x_wconf 86' lang='lat' dir='ltr'>et</span> <span class='ocrx_word' id='word_1_445' title='bbox 1385 2633 1543 2662; x_wconf 61' lang='lat' dir='ltr'>Graevius.</span> <span class='ocrx_word' id='word_1_446' title='bbox 1556 2630 1638 2672; x_wconf 83' lang='lat' dir='ltr'>jam</span> 
     </span>
     <span class='ocr_line' id='line_1_64' title="bbox 937 2673 1638 2713; baseline 0.001 -10"><span class='ocrx_word' id='word_1_447' title='bbox 937 2674 1054 2704; x_wconf 84' lang='lat' dir='ltr'>melius</span> <span class='ocrx_word' id='word_1_448' title='bbox 1071 2683 1120 2704; x_wconf 85' lang='lat' dir='ltr'>est</span> <span class='ocrx_word' id='word_1_449' title='bbox 1143 2684 1240 2713; x_wconf 63' lang='lat' dir='ltr'>qnam</span> <span class='ocrx_word' id='word_1_450' title='bbox 1264 2684 1302 2704; x_wconf 83' lang='lat' dir='ltr'>ea</span> <span class='ocrx_word' id='word_1_451' title='bbox 1326 2674 1358 2703; x_wconf 86' lang='lat' dir='ltr'>in</span> <span class='ocrx_word' id='word_1_452' title='bbox 1382 2673 1432 2704; x_wconf 87' lang='lat' dir='ltr'>ed.</span> <span class='ocrx_word' id='word_1_453' title='bbox 1457 2674 1554 2704; x_wconf 83' lang='lat' dir='ltr'>Grut.</span> <span class='ocrx_word' id='word_1_454' title='bbox 1579 2673 1638 2704; x_wconf 86' lang='lat' dir='ltr'>sed</span> 
     </span>
     <span class='ocr_line' id='line_1_65' title="bbox 935 2715 1575 2754; baseline 0 -8"><span class='ocrx_word' id='word_1_455' title='bbox 935 2716 1074 2753; x_wconf 68' lang='lat' dir='ltr'>fortasse</span> <span class='ocrx_word' id='word_1_456' title='bbox 1092 2716 1208 2746; x_wconf 69' lang='lat' dir='ltr'>melius</span> <span class='ocrx_word' id='word_1_457' title='bbox 1223 2722 1400 2754; x_wconf 79' lang='lat' dir='ltr'>utrumque</span> <span class='ocrx_word' id='word_1_458' title='bbox 1414 2715 1575 2746; x_wconf 74' lang='lat' dir='ltr'>deleatur.</span> 
     </span>
    </p>

    <p class='ocr_par' dir='ltr' id='par_1_17' title="bbox 935 2757 1649 2883">
     <span class='ocr_line' id='line_1_66' title="bbox 978 2757 1637 2790; baseline -0.002 -2"><span class='ocrx_word' id='word_1_459' title='bbox 978 2757 1020 2790; x_wconf 70' lang='lat'>6⁶2</span> <span class='ocrx_word' id='word_1_460' title='bbox 1039 2758 1074 2789; x_wconf 88' lang='lat' dir='ltr'>C.</span> <span class='ocrx_word' id='word_1_461' title='bbox 1092 2760 1243 2788; x_wconf 80' lang='lat' dir='ltr'>tribunus</span> <span class='ocrx_word' id='word_1_462' title='bbox 1255 2762 1285 2787; x_wconf 76' lang='lat' dir='ltr'>et</span> <span class='ocrx_word' id='word_1_463' title='bbox 1297 2758 1407 2787; x_wconf 74' lang='lat' dir='ltr'>eadem</span> <span class='ocrx_word' id='word_1_464' title='bbox 1424 2759 1508 2788; x_wconf 80' lang='lat' dir='ltr'>actio</span> <span class='ocrx_word' id='word_1_465' title='bbox 1520 2757 1637 2788; x_wconf 74' lang='lat' dir='ltr'>introi-</span> 
     </span>
     <span class='ocr_line' id='line_1_67' title="bbox 935 2799 1649 2840; baseline 0.001 -11"><span class='ocrx_word' id='word_1_466' title='bbox 935 2800 998 2840; x_wconf 78' lang='lat' dir='ltr'>vit]</span> <span class='ocrx_word' id='word_1_467' title='bbox 1025 2801 1120 2831; x_wconf 80' lang='lat' dir='ltr'>Varie</span> <span class='ocrx_word' id='word_1_468' title='bbox 1137 2805 1287 2830; x_wconf 80' lang='lat' dir='ltr'>tentatur</span> <span class='ocrx_word' id='word_1_469' title='bbox 1301 2799 1354 2830; x_wconf 89' lang='lat' dir='ltr'>hic</span> <span class='ocrx_word' id='word_1_470' title='bbox 1368 2800 1470 2831; x_wconf 73' lang='lat' dir='ltr'>locus,</span> <span class='ocrx_word' id='word_1_471' title='bbox 1517 2801 1649 2831; x_wconf 71' lang='lat' dir='ltr'>Putem</span> 
     </span>
     <span class='ocr_line' id='line_1_68' title="bbox 937 2842 1636 2883; baseline -0.001 -10"><span class='ocrx_word' id='word_1_472' title='bbox 937 2842 1071 2882; x_wconf 74' lang='lat' dir='ltr'>defungi</span> <span class='ocrx_word' id='word_1_473' title='bbox 1088 2851 1146 2873; x_wconf 82' lang='lat' dir='ltr'>nos</span> <span class='ocrx_word' id='word_1_474' title='bbox 1161 2851 1267 2883; x_wconf 82' lang='lat' dir='ltr'>posse,</span> <span class='ocrx_word' id='word_1_475' title='bbox 1284 2842 1310 2873; x_wconf 76' lang='lat' dir='ltr'>si</span> <span class='ocrx_word' id='word_1_476' title='bbox 1324 2843 1505 2874; x_wconf 74' lang='lat' dir='ltr'>scribamus</span> <span class='ocrx_word' id='word_1_477' title='bbox 1519 2853 1595 2874; x_wconf 79' lang='lat' dir='ltr'>cum</span> <span class='ocrx_word' id='word_1_478' title='bbox 1607 2852 1636 2873; x_wconf 81' lang='lat' dir='ltr'>e.</span> 
     </span>
    </p>
   </div>
  </div>
 </body>
</html>
