1903 3218
324 87 403 124 280
642 83 821 123 nms‘r.
850 83 1036 124 LtBER
1062 82 1426 135 UNDEcmus

329 197 392 229 tas
415 187 647 244 impeditur
670 199 799 229 metu.
861 188 1085 230 Postremo
1110 199 1308 245 suscepta
1330 188 1409 229 tibi
1429 202 1558 229 causa
1580 186 1672 242 jam
1697 187 1763 228 bi·

329 257 407 295 est,
422 257 468 286 ut
483 261 566 287 non
582 246 635 287 sit
651 248 889 302 integrum:
915 247 1097 301 primum
1114 245 1263 287 Idibus
1281 245 1477 297 Martum
1496 244 1651 286 deinde
1666 257 1763 300 pro-

331 303 462 352 xime,
476 304 673 350 exercitu
698 317 810 344 novo
833 314 875 343 et
894 304 1030 358 copiis
1058 304 1331 358 comparatis.
1390 301 1682 349 Quamobrem
1707 300 1762 342 ad

330 362 476 400 omnia
497 361 557 400 ita
580 370 764 415 paratus,
784 373 854 399 seu
879 361 1090 400 animatus
1111 360 1240 400 debes
1269 373 1374 410 esse,
1397 374 1483 400 non
1504 369 1550 399 ut
1569 358 1673 399 nihil
1696 357 1759 399 fa-

330 418 432 467 cias,
456 417 721 472 nisijussus;
753 417 825 458 scd
857 425 901 456 ut
935 431 985 456 ea
1013 430 1149 471 geras,
1179 430 1275 471 quae
1296 418 1351 458 ab
1373 416 1572 458 omnibus
1594 428 1761 456 summa

329 488 427 515 cum
450 474 731 516 admiratione
752 473 990 514 laudentur.

293 554 318 592 8
843 555 1037 593 ARGUM
1044 555 1245 594 ENTUM.

330 621 394 658 De
412 621 539 668 legatis
558 621 606 656 ad
623 621 820 659 Antonium
849 620 893 654 cle
917 630 1006 666 pace
1023 620 1159 660 missis,
1176 630 1323 667 quaeque
1338 621 1388 667 sit
1405 621 1561 656 omnium
1581 619 1625 655 de
1643 618 1761 656 Bruto

528 674 745 719 exspectatio
764 672 813 707 ad
832 671 1031 707 libertatem
1052 672 1347 718 recuperandam,
1366 672 1563 719 perscribit.

285 748 319 780 b·-
433 732 496 775 M.
531 732 764 777 CICERO
796 732 841 772 S.
878 731 932 772 D.
968 730 1175 774 BRUTO
1207 730 1341 775 IMP.
1374 731 1503 774 Cos.
1542 730 1668 774 DES.

336 788 432 842 EO
454 812 646 854 tempore
671 798 790 840 Polla
814 809 886 840 tua
911 799 1041 848 misit,
1065 809 1110 839 ut
1134 799 1185 839 ad
1218 808 1273 848 te,
1309 801 1340 838 si
1375 798 1479 853 quid
1504 800 1665 848 vellem,
1687 797 1761 839 da-

333 871 420 898 rem
465 856 717 906 litterarum‚
757 869 871 905 cum,
912 856 1080 912 &quod
1124 856 1368 905 scriberem,
1407 869 1491 895 uon
1534 855 1759 896 habebam.

335 912 494 954 Omnia
515 913 627 954 enim
651 923 771 954 erant
794 927 996 968 suspensa
1021 924 1193 967 propter
1210 912 1579 968 exspectationem
1599 914 1761 967 legato-

333 983 452 1014 rum:
484 970 555 1025 qui
589 970 692 1024 quid
723 970 926 1026 egissent,
958 969 1168 1011 nihildum
1200 969 1493 1011 nuntiabatur.
1554 968 1666 1012 Haee
1699 977 1761 1008 ta-

332 1040 431 1069 men
455 1027 681 1068 scribenda
709 1027 980 1068 existimavi:
1015 1027 1214 1082 primum,
1247 1028 1290 1068 S.
1324 1026 1374 1069 P.
1403 1026 1461 1073 Q.
1491 1025 1540 1067 R.
1563 1027 1616 1067 de
1638 1036 1680 1066 te
1704 1025 1761 1065 la-

332 1085 499 1134 boi-are,
534 1098 618 1125 non
652 1083 788 1124 solutu
821 1083 967 1124 salutis
997 1097 1086 1126 suae
1114 1098 1257 1133 causa,
1279 1084 1349 1125 sed
1374 1093 1504 1125 etiam
1534 1082 1759 1138 dignitatis

334 1149 436 1181 tuae.
495 1141 773 1183 Admirabilis
806 1141 919 1181 enim
954 1150 1018 1180 est
1049 1141 1246 1195 quaedam
1282 1141 1343 1182 tui
1379 1140 1562 1180 nominis
1592 1139 1761 1188 caritas,

334 1212 537 1254 amorque
559 1198 601 1239 in
626 1208 669 1239 te
690 1198 915 1252 singularis
937 1198 1130 1238 omnium
1152 1197 1330 1238 civium.
1363 1196 1430 1240 lta
1451 1197 1564 1238 enim
1589 1204 1762 1252 sperant

333 1265 461 1310 atque
491 1255 730 1304 confidunt,
764 1264 807 1294 ut
841 1266 966 1295 antea
998 1268 1110 1309 rege,
1142 1255 1203 1295 sic
1235 1254 1318 1296 boc
1351 1264 1541 1309 tempore
1564 1267 1695 1309 regno
1719 1263 1762 1296 te

333 1311 640 1368 rempublicam
664 1311 955 1352 liberaturum.
988 1310 1140 1353 Romae
1163 1310 1344 1352 dilectus
1367 1310 1563 1360 habetur,
1587 1321 1761 1365 totaque

334 1367 480 1410 Italia:
505 1369 538 1409 si
564 1369 633 1409 hic
655 1368 834 1409 dilectus
856 1367 1132 1424 appellandus
1155 1379 1234 1417 cst,
1255 1382 1352 1409 cuin
1377 1368 1487 1408 ultro
1510 1382 1553 1408 se
1575 1367 1762 1408 offerunt

331 1439 506 1467 omues:
541 1435 683 1466 tantus
705 1425 830 1467 ardor
852 1426 1082 1480 occupavit
1103 1426 1267 1466 animos
1298 1425 1518 1465 hominum
1549 1423 1760 1465 desiderio

332 1480 543 1523 libertatis
573 1482 761 1536 odioque
791 1481 971 1524 diutinae
1003 1481 1233 1522 servitutis.
1298 1481 1364 1522 De
1396 1481 1566 1535 reliquis
1591 1482 1714 1521 rebus
1737 1494 1763 1520 a

333 1547 376 1578 te
400 1538 494 1593 jam
527 1548 778 1594 exspectare
809 1538 970 1579 litteras
1001 1537 1221 1588 debemus,
1252 1538 1355 1592 quid
1388 1538 1478 1593 ipse
1509 1552 1626 1593 agas,
1658 1535 1761 1591 quid

331 1595 374 1625 26
387 1606 531 1637 noster
554 1595 738 1645 Hirtius,
762 1595 862 1651 quid
890 1594 1037 1637 Caesar
1058 1609 1200 1636 meus:
1234 1609 1340 1650 quos
1363 1608 1486 1650 spero
1515 1594 1629 1635 brevi
1656 1605 1762 1634 tem-

332 1666 437 1707 pore
469 1653 675 1695 societate
708 1653 899 1694 victoriae
933 1662 1073 1693 tecum
1106 1651 1329 1707 copulatos
1362 1652 1467 1692 fore.
1529 1650 1762 1705 Reliquum

333 1719 413 1759 est,
447 1719 495 1751 ut
525 1710 579 1750 de
617 1724 684 1750 me
718 1710 758 1751 id
792 1709 991 1760 scribam,
1023 1709 1137 1764 quod
1177 1719 1217 1749 te
1248 1723 1302 1750 ex
1336 1717 1505 1749 tuorum
1539 1707 1689 1748 litteris
1719 1715 1764 1747 et

333 1780 457 1822 spero
489 1776 531 1808 et
562 1767 674 1807 malo
702 1779 989 1822 cognoscere;
1022 1780 1089 1807 me
1113 1780 1248 1821 neque
1270 1766 1414 1807 deesse
1438 1764 1522 1805 ulla
1543 1764 1586 1806 in
1609 1778 1667 1817 re,
1691 1777 1763 1805 ne·

330 1836 415 1878 que
438 1838 640 1879 umquam
664 1823 911 1865 defuturum
935 1823 1137 1879 dignitati
1162 1832 1263 1865 tuae.

291 1904 320 1946 9
844 1906 1039 1944 ARGUM
1047 1906 1249 1944 ENTUM.

334 1970 558 2020 Prospiciat,
576 1974 698 2019 rogat,
718 1982 774 2012 ne,
794 1969 996 2006 consulibus
1019 1971 1172 2007 amissis,
1201 1969 1317 2005 hostes
1341 1970 1431 2017 reip.
1457 1968 1700 2006 invalescant.-
1728 1973 1764 2004 et

734 2023 823 2070 quid
840 2023 1019 2069 agendum
1035 2022 1214 2063 videatur,
1236 2025 1363 2057 monet.

576 2082 634 2129 D.
667 2082 909 2136 BRUTUS,
941 2083 985 2124 S.
1011 2082 1066 2124 D.
1100 2082 1167 2124 M.
1200 2080 1523 2124 CICERONI.

334 2138 547 2193 PANSA
566 2152 739 2201 amisso,
765 2159 973 2206 quantum
994 2149 1240 2192 detrimenti
1272 2149 1513 2206 respublica
1532 2147 1763 2205 acceperit,

331 2222 420 2254 non
443 2218 485 2248 te
515 2209 720 2265 praeterit.
754 2222 866 2248 nunc
894 2208 1150 2249 auctoritate
1170 2216 1213 2248 et
1242 2207 1467 2262 prudentia
1495 2215 1566 2246 tua
1597 2205 1761 2262 prospi-

334 2266 422 2307 cias
443 2276 630 2320 oportet,
651 2279 702 2306 ne
727 2265 888 2306 inimici
911 2264 1061 2314 nostri,
1089 2264 1338 2306 consulibus
1368 2263 1560 2313 sublatis,
1591 2270 1761 2319 sperent

334 2336 379 2363 se
401 2322 697 2364 convalescere
720 2336 857 2378 posse.
919 2321 1030 2378 Ego,
1060 2335 1113 2362 ne
1140 2320 1374 2362 consistere
1404 2320 1539 2377 possit
1569 2319 1611 2360 in
1637 2319 1761 2360 ltalia

202 2380 234 2414 P·
253 2372 322 2405 ¹⁷²·
335 2378 567 2428 Antonius,
596 2379 708 2420 dabo
737 2393 926 2434 operam.
959 2392 1110 2433 sequar
1138 2391 1234 2418 eum
1258 2378 1500 2419 confestim.
1533 2388 1759 2430 utrumque

294 2425 323 2445 a.
334 2449 403 2477 me
427 2445 726 2492 praestaturum
749 2449 887 2491 spero,
918 2449 969 2476 ne
990 2444 1064 2476 aut
1089 2434 1314 2475 Ventidius
1334 2434 1541 2483 elabatur,
1571 2441 1643 2474 aut
1667 2431 1758 2473 An-

335 2493 478 2535 tonius
501 2492 543 2533 in
569 2490 695 2533 Italia
716 2502 918 2533 moretur.
980 2491 1030 2533 In
1055 2492 1203 2548 primis
1232 2505 1337 2547 rogo
1370 2501 1424 2540 te,
1457 2490 1509 2530 ad
1542 2489 1760 2530 hominem

333 2549 696 2599 ventosissimum,
728 2548 955 2605 Lepidum,
975 2551 1014 2583 2ἰ’
1032 2549 1191 2601 mittas,
1213 2562 1265 2601 ne
1291 2547 1447 2590 bellum
1469 2546 1595 2588 nobis
1618 2546 1758 2588 redin-

369 2666 410 2695 25
425 2662 505 2704 quid
513 2660 698 2702 scriberem]
723 2659 911 2700 Legendum
925 2662 1022 2703 qu0d‚·
1066 2662 1181 2702 picius.

327 2712 368 2736 ut
383 2705 459 2736 alibi
473 2706 546 2745 jam
567 2703 764 2736 monuimus.
787 2713 806 2734 e
827 2703 1022 2745 compendio
1099 2703 1139 2734 26
1152 2702 1287 2735 fflrtius
1296 2706 1412 2738 noster,
1431 2700 1650 2742 Coesctrmeus]
1662 2710 1758 2731 suum

327 2752 438 2779 ortum
467 2752 516 2777 est
539 2746 628 2787 quid.
664 2745 787 2784 Legati
814 2744 875 2775 int.
901 2745 956 2784 qui
980 2745 1021 2777 ad
1064 2750 1158 2775 vocat
1175 2746 1349 2780 Caesarem,
1363 2745 1439 2783 quia
1455 2745 1522 2784 ipse
1537 2753 1613 2774 eum
1626 2743 1760 2774 amabat·

328 2790 509 2820 Antonium
523 2789 610 2819 missi
627 2793 721 2819 crant
736 2797 756 2817 a
768 2794 899 2823 senatu,
914 2793 951 2817 ut
965 2787 1023 2817 ob·
1066 2792 1099 2819 et
1109 2788 1241 2826 juverat
1259 2787 1410 2817 maxime.

327 2831 485 2863 sidionem
503 2830 644 2862 Mutina
664 2829 810 2868 tolleret,
825 2830 861 2861 in
885 2828 935 2860 bis
948 2829 1023 2860 Sul·
1108 2831 1148 2864 27
1165 2829 1290 2868 mittas,
1305 2827 1496 2869 rue-possit]
1514 2826 1763 2865 minaeum-as,
