1865 3223
429 95 508 133 AD
536 96 577 132 C.
604 91 912 132 MEMMIUM
938 91 1013 128 ET
1041 91 1225 130 ALIOS.
1477 96 1551 130 361

124 201 299 251 diosius,
321 200 466 255 quod
459 215 500 241 m
523 199 651 253 longa
675 195 945 252 apparitione
978 194 1236 249 singularem
1258 204 1300 235 et
1324 208 1456 250 prope
1490 195 1554 236 in-

123 258 369 299 credibilem
400 257 534 320 patris
558 254 746 295 Marcilii
770 253 913 303 fidem,
936 251 1181 292 abstinenti
1173 265 1257 301 xm
1277 251 1554 292 modestiam·

125 330 207 370 que
226 329 426 370 cognovi.

633 365 1034 403 ARGUMENTUM.
1565 372 1616 406 55

172 437 349 470 Anneium
369 432 604 472 commendat,
623 431 781 477 legatum
798 441 912 471 suum,
930 430 1110 476 proecipue
1130 429 1168 463 in
1186 439 1295 463 causa
1313 427 1508 464 sardiana.

378 499 444 539 M.
466 497 515 538 T.
542 497 592 538 C.
612 496 898 547 THERMO,
922 495 1146 537 PROPR.
1172 496 1214 536 S.
1242 494 1298 536 D.
1564 499 1679 534 1)-294-

129 556 273 608 E'lSI
309 567 412 607 mihi
448 566 591 606 videor
625 565 897 628 intellexisse,
927 579 1024 605 cum
1061 574 1200 604 tecum
1238 562 1394 619 Ephesi
1426 563 1479 603 de
1509 550 1594 604 rea'

126 623 193 665 Μ.
216 624 387 673 Anneii,
420 623 551 679 legati
586 622 683 672 mei,
718 622 883 662 locutus
916 636 1024 671 sum,
1049 630 1088 660 te
1121 621 1254 676 ipsius
1277 636 1403 661 causa
1427 620 1553 661 vehe-

124 691 286 722 menter
307 682 451 721 omnia
476 680 605 721 velle:
636 689 778 719 tamen
810 688 853 719 et
887 678 953 718 M.
977 677 1190 718 Anneium
1221 678 1328 718 tanti
1355 678 1482 728 facio,
1505 687 1553 718 ut

122 738 226 778 mihi
250 737 356 778 nihil
381 749 527 793 putem
552 735 980 792 praetermittendum,
1002 735 1117 789 quod
1149 734 1259 775 illius
1283 735 1476 775 intersit:
1510 744 1554 776 et

121 807 190 834 me
211 808 236 834 a
260 804 300 835 te
325 795 429 835 tanti
455 794 543 835 fieri
578 803 697 849 puto,
722 803 767 833 ut
791 807 874 833 non
897 793 1105 842 dubitem,
1129 792 1231 847 quin
1263 792 1315 832 ad
1340 802 1452 832 tuam
1480 807 1554 832 vo·

119 850 328 892 luntatem
366 865 546 915 magnus
579 850 773 891 cumulus
806 850 982 890 accedat
1012 824 1396 890 commendationis
1431 863 1552 890 meae.

121 907 234 948 Nam
267 922 364 949 cum
392 923 485 964 Jam
522 907 595 948 diu
627 907 847 962 diligerem
887 906 952 947 Μ
978 907 1208 971 Anneium,
1241 906 1378 961 deque
1410 921 1460 947 eo
1492 907 1553 948 sic

119 965 426 1015 existimarem,
450 974 497 1006 ut
528 978 591 1004 res
613 964 813 1014 declar-‚at
835 963 949 1018 quod
984 963 1094 1004 ultro
1117 964 1155 1004 ei
1181 964 1405 1004 detulerim
1438 965 1553 1019 lega-

121 1022 298 1072 tionem,
332 1037 428 1064 cum
473 1021 617 1062 multis
660 1021 904 1076 petentibus
943 1021 1244 1077 deneffassem:
1297 1030 1387 1060 tum
1437 1035 1552 1071 vero,

122 1087 407 1143 posteaquam
424 1092 591 1120 mecum
625 1078 667 1118 in
700 1077 809 1119 bello
831 1087 959 1132 atque
993 1078 1035 1118 in
1070 1092 1112 1118 re
1145 1077 1314 1118 militari
1340 1077 1435 1128 fuit,
1461 1087 1553 1118 tan-

120 1145 207 1175 tam
232 1150 274 1176 m
297 1150 347 1178 eo
368 1137 586 1184 virtutem,
619 1135 903 1190 prudentiam,
926 1134 1068 1183 fidem,
1091 1144 1340 1189 tantamque
1361 1148 1464 1190 erga
1484 1149 1554 1175 me

121 1192 456 1234 benivolentiam
479 1192 681 1247 cognovi,
696 1202 742 1232 ut
761 1191 979 1231 hominem
997 1192 1209 1232 neminem
1231 1192 1362 1246 pluris
1382 1191 1552 1232 faciam.

123 1247 232 1289 Eum
257 1264 353 1290 cum
386 1249 601 1290 Sardianis
622 1249 776 1289 habere
793 1247 1126 1288 controversiam
1150 1248 1256 1289 scis:
1280 1262 1450 1289 causam
1472 1249 1552 1289 tibi

118 1308 398 1361 exposuimus
420 1305 606 1361 Ephesi:
638 1318 766 1359 quam
791 1315 834 1345 tu
860 1315 1001 1346 tamen
1023 1319 1165 1345 coram
1190 1304 1357 1346 facilius
1382 1305 1553 1345 melius-

118 1377 202 1417 que
223 1377 473 1418 cognosces.
534 1361 602 1403 De
636 1361 797 1416 reliquo
828 1362 949 1412 mihi,
982 1361 1237 1413 mehercule,
1270 1362 1343 1403 diu
1372 1361 1551 1403 dubium

118 1419 217 1469 fuit,
239 1419 341 1474 quid
365 1419 416 1460 ad
442 1429 482 1460 te
513 1419 783 1474 potissimum
808 1419 1052 1471 scriberem.
1109 1419 1189 1461 Jus
1211 1419 1325 1460 enim
1348 1418 1553 1474 quemad-

117 1476 294 1516 modum
316 1477 448 1526 dicas,
470 1475 631 1516 clarum
654 1484 697 1515 et
729 1490 885 1531 magua
907 1490 1005 1517 cum
1038 1486 1112 1516 tua
1141 1476 1263 1517 laude
1291 1487 1441 1516 notum
1472 1485 1551 1516 est.

117 1532 259 1573 Nobis
293 1543 435 1573 autern
468 1533 510 1573 in
542 1532 622 1573 hac
644 1547 772 1573 causa
800 1533 905 1573 nihil
938 1533 1051 1573 aliud
1075 1547 1182 1588 opus
1204 1542 1284 1584 est,
1306 1533 1386 1573 nisi
1409 1542 1450 1573 te
1477 1532 1550 1587 jus

118 1589 317 1630 instituto
341 1601 415 1629 tuo
436 1589 590 1630 dicere
625 1589 707 1630 Sed
732 1599 872 1630 tamen
896 1604 994 1630 cum
1016 1604 1081 1631 me
1104 1604 1188 1631 non
1213 1589 1368 1654 fugiat,
1390 1598 1551 1644 quanta·

118 1646 173 1686 sit
196 1646 238 1686 in
263 1657 446 1702 praetore
476 1647 722 1697 auctoritas,
755 1647 989 1702 praesertim
1023 1647 1103 1688 ista
1126 1648 1387 1702 integritate,
1410 1661 1511 1702 max
1518 1661 1552 1686 1-

119 1712 221 1754 tate,
243 1704 483 1752 clementia,
506 1717 590 1758 qua
612 1714 653 1743 te
682 1717 771 1744 esse
804 1703 915 1744 inter
947 1718 1094 1744 omnes
1127 1715 1319 1745 constat.
1353 1714 1453 1758 peto
1475 1703 1551 1744 abs

119 1768 176 1809 te,
218 1774 294 1815 pro
338 1769 483 1800 nostra
522 1760 876 1815 conjunctissima
921 1761 1232 1801 necessitudine
1266 1759 1552 1824 plulimisque

117 1816 272 1857 officiis
305 1816 477 1872 paribus
509 1831 559 1857 ac
580 1817 754 1867 mutuis,
787 1828 833 1858 ut
856 1817 1089 1868 voluntate,
1111 1817 1385 1868 auctoritate,
1407 1817 1552 1858 studio

118 1881 192 1913 tuo
216 1873 426 1929 perficias,
452 1882 498 1913 ut
534 1873 600 1914 Μ
623 1873 815 1915 Anneius
850 1873 1075 1930 intelligat,
1099 1885 1140 1915 te
1172 1884 1216 1915 et
1248 1874 1329 1915 sibi
1363 1874 1552 1915 amicum

117 1945 222 1980 esse,
245 1930 357 1985 quod
383 1944 467 1971 non
490 1930 674 1980 dubitat,
696 1935 829 1986 (saepe
850 1946 963 1972 emm
997 1946 1165 1972 mecum
1196 1931 1364 1972 locutus
1386 1941 1450 1971 est
1454 1933 1486 1981 ,)
1507 1939 1551 1972 et

119 1987 253 2029 multo
275 1987 521 2028 imiciorem
545 1987 610 2028 his
634 2002 736 2028 mels
760 1988 910 2029 litteris
933 2003 1023 2028 esse
1045 1988 1222 2029 factum.
1285 1988 1335 2029 In
1360 1997 1433 2028 tuo
1457 1997 1596 2033 totob.

117 2044 300 2108 imperio
322 2053 450 2099 atque
475 2044 695 2100 provincia
718 2045 822 2086 nihil
844 2054 923 2096 est,
944 2045 1059 2109 quod
1089 2044 1195 2086 mihi
1228 2046 1390 2101 gratius
1413 2044 1553 2086 facere

119 2102 270 2156 possis.
329 2100 445 2151 Jam,
479 2101 591 2157 apud
635 2102 776 2157 ipsum
816 2103 1108 2157 gratissimum
1151 2102 1386 2153 hominem,
1424 2110 1553 2158 atque

117 2159 330 2213 optimum
356 2158 508 2208 virum,
530 2173 658 2213 quam
683 2159 789 2199 bene
812 2160 1027 2214 positurus
1047 2160 1102 2200 sis
1133 2159 1322 2201 studium
1344 2169 1466 2200 tuum
1487 2169 1553 2200 at-

116 2228 201 2269 que
224 2214 432 2266 officium,
454 2215 651 2256 dubitare
674 2225 715 2256 te
737 2230 824 2257 non
846 2216 1063 2258 existimo.

632 2320 1036 2360 ARGUMENTUM.
1563 2341 1618 2382 56

449 2383 608 2431 Negotia
628 2384 729 2420 Clur'
720 2386 746 2420 zi
766 2386 961 2421 Puteolani
980 2387 1214 2423 commendat.

362 2448 431 2491 M.
454 2450 505 2492 Τ.
529 2451 580 2492 C.
612 2451 898 2504 THERMO,
925 2453 1148 2495 PROPR.
1181 2454 1226 2495 S
1249 2453 1307 2495 D.

120 2503 392 2559 CLUVIUS
431 2518 692 2560 Puteolanus
732 2521 852 2561 valde
889 2536 956 2562 me
988 2522 1138 2563 observ
1130 2530 1200 2573 at,
1240 2521 1446 2576 valdeque
1483 2530 1548 2562 est

118 2574 227 2614 mihi
248 2574 484 2617 familiaris.
546 2576 587 2616 ls
614 2578 673 2618 ita
694 2577 774 2618 sibi
810 2578 1046 2632 persuadet,
1068 2579 1183 2633 quod
1214 2579 1258 2619 in
1281 2589 1354 2618 tua
1375 2578 1549 2641 provin-

120 2630 187 2672 cia
210 2632 373 2686 negotii
395 2633 567 2683 habeat,
588 2634 684 2683 nisi,
706 2645 746 2676 te
771 2636 1033 2690 provinciam
1054 2637 1291 2685 obtinente,
1311 2648 1415 2675 mels
1434 2649 1553 2676 com-

120 2688 467 2731 mendationibus
489 2691 739 2742 confecerit,
762 2693 804 2732 id
827 2707 871 2732 se
894 2693 935 2733 in
960 2692 1137 2748 perditis
1159 2702 1202 2733 et
1223 2692 1458 2755 desperatis
1478 2691 1555 2733 ha-

120 2744 327 2785 biturum.
388 2747 532 2799 Nunc,
555 2763 687 2803 quum
720 2749 827 2789 mihi
857 2749 911 2790 ab
944 2750 1083 2790 amico
1115 2748 1431 2790 officiosissimo
1460 2758 1555 2790 tau-

123 2810 213 2842 tum
234 2801 374 2843 oneris
395 2804 648 2860 imponitur,
670 2820 752 2862 ego
774 2820 946 2862 quoque
969 2806 1080 2848 tibi
1070 2819 1290 2862 imponam
1310 2820 1388 2862 pro
1406 2806 1489 2848 tuis
1511 2806 1555 2847 in
