1860 3228
187 1192 244 1230 ’ΞΟ

144 1953 245 1992 p.93·
287 1990 295 1997 .
352 1989 359 1996 .

239 2004 378 2032 431501.

256 105 329 139 148
641 100 817 138 EPIST.
844 100 1026 138 LIBER
1051 101 1280 141 SEXTUS

254 203 355 244 satis
384 211 449 245 est
478 204 530 245 ad
560 205 812 245 comitatum
846 214 1036 246 nostrum
1079 205 1385 261 recipiendum.
1446 203 1678 257 Ceteroqui

252 260 358 302 mihi
381 260 499 301 locus
522 276 608 302 non
633 260 855 316 displicet:
888 276 966 302 nec
999 277 1048 302 ea
1082 277 1126 303 re
1158 262 1380 303 Petrinum
1410 269 1529 301 tuum
1561 259 1680 300 dese-

253 332 359 358 ram.
419 317 533 359 Nam
565 327 608 359 et
627 318 738 367 villa,
770 327 814 358 et
848 319 1077 359 amoenitas
1112 318 1197 369 illa,
1229 316 1580 360 commorationis
1601 325 1681 367 est,

253 389 342 415 non
365 374 610 415 deversorii.
641 378 680 405 85
701 374 767 414 De
788 376 1008 416 curatione
1031 375 1173 429 aliqua
1195 389 1417 416 munerum
1441 374 1682 430 regionum,

255 446 353 472 cum
388 431 534 487 Oppio
568 431 734 473 locutus
769 444 876 470 sum.
910 446 1009 472 narn
1048 431 1246 482 Balbum,
1270 442 1546 488 posteaquam
1570 438 1615 471 tu
1638 443 1683 470 es

255 488 488 544 profectus,
510 502 595 528 non
620 487 721 527 vidi.
746 487 874 526 tantis
898 487 1052 542 pedum
1083 487 1301 529 doloribus
1335 489 1535 537 afficitur,
1568 496 1617 527 ut
1639 499 1684 527 se

255 546 478 586 conveniri
504 544 624 584 nolit.
684 542 875 584 Omnino
899 543 951 584 de
980 553 1070 584 tota
1103 558 1160 594 re,
1183 554 1230 585 ut
1263 545 1368 585 mihi
1402 545 1585 594 videtur,
1619 557 1684 583 sa-

257 602 443 657 pientius
467 601 641 650 faceres,
664 600 697 640 si
726 614 811 640 non
843 615 1026 641 curares.
1059 600 1174 656 quod
1196 601 1310 641 enim
1331 617 1382 642 eo
1405 602 1549 642 labore
1571 613 1683 640 asse-

256 659 329 713 qui
365 659 442 708 vis,
470 658 585 698 nullo
616 657 744 697 modo
770 672 1005 711 assequere.
1040 666 1159 698 tanta
1190 667 1255 697 est
1285 659 1398 698 enim
1432 659 1683 699 intimorum

256 714 504 764 multitudo,
529 724 575 755 ut
597 729 650 755 ex
674 713 777 753 86iis
799 713 951 768 aliquis
985 714 1128 770 potius
1149 714 1310 765 effluat,
1333 729 1461 769 quam
1494 729 1607 755 novo
1630 714 1686 754 sit·

257 771 422 812 aditus:
457 770 692 826 praesertim
715 769 787 823 qui
808 770 914 810 nihil
933 771 1097 820 afferat,
1121 779 1274 826 praeter
1305 786 1501 826 operam3
1535 772 1577 812 in
1601 785 1686 825 qua

257 828 326 869 ille
362 842 405 868 se
441 828 607 868 dedisse
643 825 899 866 beneficium
939 829 1124 883 putabit,
1158 831 1193 860 87
1210 828 1262 879 (si
1299 827 1427 868 modo
1465 828 1507 868 id
1543 829 1685 883 ipsum

257 885 398 935 sciet)
434 898 520 924 non
555 882 786 938 accepisse.
847 882 930 925 Sed
971 896 1114 926 tamen
1156 884 1316 939 aliquid
1351 884 1605 934 videbimus,
1642 885 1685 924 in

255 956 341 995 quo
361 941 416 981 sit
437 941 613 996 species.
635 940 757 980 aliter
778 940 952 995 quidem
984 956 1070 982 non
1100 941 1229 982 modo
1262 955 1347 981 non
1381 941 1686 997 appetendum,

255 997 327 1038 sed
349 997 478 1038 etiam
511 996 762 1053 fugiendum
804 1004 924 1052 puto.
986 997 1081 1053 Ego
1117 1012 1185 1038 me
1218 997 1389 1039 Asturae
1427 998 1587 1039 diutius
1622 1010 1688 1038 ar-

253 1054 392 1151 lelitror
440 1063 820 1105 commoraturum,
863 1055 1056 1110 88quoad
1107 1054 1175 1095 ille
1223 1055 1479 1110 quandoque
1530 1054 1687 1096 veniat.

298 1126 376 1152 ae.

774 1184 1174 1222 ARGUMENTUM.

259 1247 434 1284 Toranius
458 1247 558 1283 exsul
586 1248 700 1283 voluit
721 1247 936 1283 Caesarianis
963 1259 1004 1283 ez
1034 1248 1216 1295 Hispania
1243 1249 1402 1284 venturis
1418 1259 1614 1289 occurrere,
1634 1252 1687 1287 ut,

303 1304 456 1348 captata
483 1300 628 1335 illoram
645 1300 783 1346 gratia,
803 1298 962 1348 facilius
998 1299 1131 1335 Caesari
1159 1300 1478 1335 reconciliaretur:
1507 1301 1604 1348 quod
1629 1300 1689 1335 Ci-

303 1363 384 1387 cero
416 1353 611 1395 dissuadet,
641 1356 676 1386 et
704 1363 848 1387 manere
870 1350 985 1397 jubet,
1006 1352 1067 1387 ubi
1096 1356 1188 1393 erat,
1211 1352 1330 1399 quoad
1346 1353 1437 1387 scire
1453 1353 1581 1399 possit,
1600 1351 1689 1399 qaid

304 1405 484 1451 agendum
500 1405 560 1439 sit.
616 1404 733 1439 Addit
752 1404 1030 1439 consolationem
1059 1416 1082 1439 a
1109 1406 1288 1439 communi
1316 1404 1527 1440 calamitate
1549 1408 1584 1439 et
1601 1404 1689 1439 recti

306 1457 538 1492 conscientia.

653 1520 889 1562 CICERO
912 1520 1216 1572 TORANIO,
1249 1521 1294 1563 S.

257 1577 587 1631 DEDERAM
611 1589 753 1630 triduo
775 1598 874 1630 ante
906 1589 1046 1645 pueris
1079 1588 1161 1630 Cn.
1186 1588 1352 1630 Plancii
1374 1588 1536 1630 litteras
1558 1589 1611 1630 ad
1635 1597 1691 1631 te.

253 1663 306 1689 eo
328 1662 443 1688 nunc
465 1661 537 1687 ero
558 1646 742 1697 brevior,
764 1656 906 1701 teque,
939 1656 987 1687 ut
1019 1655 1145 1687 antea
1177 1645 1444 1697 consolabar,
1477 1645 1560 1688 hoc
1585 1654 1692 1687 tem-

255 1718 359 1760 pore
384 1704 586 1745 monebo.
648 1702 771 1743 Nihil
808 1712 914 1758 puto
945 1703 1024 1744 tibi
1058 1718 1149 1744 esse
1183 1703 1344 1753 utilius,
1367 1717 1495 1758 quarn
1530 1703 1691 1744 ibidem

256 1761 460 1817 opperiri,
482 1759 624 1815 quoad
646 1760 754 1800 scire
776 1760 927 1815 possiS‚
958 1760 1061 1815 quid
1096 1760 1175 1801 tibi
1209 1761 1423 1816 agendum
1446 1760 1515 1800 sit.
1577 1760 1693 1801 Nam

256 1827 413 1874 praeter
444 1816 733 1873 navigationis
764 1816 923 1872 longae,
945 1828 989 1858 et
1018 1816 1228 1867 hiemalis,
1250 1826 1293 1857 et
1317 1817 1492 1857 minime
1515 1825 1692 1872 portuo-

257 1890 316 1916 sae
339 1873 591 1931 periculum,
613 1873 729 1929 quod
761 1873 974 1925 vitaveris,
1007 1887 1059 1914 ne
1091 1874 1190 1915 illud
1217 1873 1391 1928 quidem
1413 1887 1500 1914 non
1521 1874 1693 1929 quanti-

258 1932 338 1983 vis,
360 1932 519 1982 subito,
538 1945 637 1971 cum
666 1930 773 1971 certi
800 1930 960 1985 aliquid
980 1930 1177 1983 audieris,
1201 1940 1243 1971 te
1266 1931 1393 1971 istinc
1415 1945 1540 1986 posse
1562 1930 1693 1986 profi-

440 1988 564 2030 Nihil
592 1995 657 2028 est
694 1996 917 2043 praeterea,
949 1991 987 2022 89
1004 2003 1079 2030 cur
1109 1988 1436 2030 advenientibus
1469 1996 1510 2028 te
1540 1987 1693 2029 offerre

257 2046 432 2104 gestias.
464 2045 601 2086 multa
629 2052 839 2100 praeterea
872 2053 1034 2097 metuo,
1073 2060 1169 2100 quae
1211 2059 1310 2087 cum
1350 2044 1504 2085 Cilone
1544 2053 1693 2086 nostro

258 2102 592 2146 communicavi.
655 2100 774 2148 Quid
817 2101 980 2144 multa?
1033 2102 1149 2144 Loco
1193 2103 1502 2159 opportuniore
1546 2102 1588 2142 in
1627 2101 1694 2142 his

301 2245 341 2273 85
363 2242 418 2274 De
443 2251 471 2272 c.
498 2250 673 2271 munerum
695 2240 880 2280 regionum]
904 2251 955 2270 re-

256 2286 393 2323 gionam
406 2288 457 2314 cst
475 2293 552 2313 vera
566 2283 675 2319 lectio,
693 2293 791 2322 quam
806 2287 841 2313 et
855 2283 955 2313 habet

259 2326 324 2357 Ms.
349 2335 453 2356 meuS.
479 2325 548 2355 ludi
569 2325 766 2363 regionatim
787 2325 864 2355 editi
876 2329 954 2355 sunt

257 2372 293 2399 et
308 2367 394 2408 apud
408 2368 543 2398 Sueton.
559 2368 593 2397 in
610 2367 692 2397 Caes.
708 2369 760 2401 39.
776 2367 830 2406 qui
843 2367 903 2406 ipsi
920 2367 952 2397 h.

258 2410 283 2441 l.
300 2414 378 2441 sunt
391 2409 608 2448 intelligendi.
624 2410 724 2439 miror
738 2408 831 2439 illum
846 2409 954 2439 locum

258 2452 312 2483 hic
328 2452 447 2491 fugisse
461 2451 546 2481 viros
560 2450 685 2481 doctos.
729 2450 795 2481 Alii
818 2450 892 2481 libri
918 2455 955 2481 ut

258 2495 323 2525 Gu.
339 2498 475 2533 uterque
490 2493 667 2532 regiorum.

302 2537 343 2568 86
363 2537 404 2566 iis
427 2536 545 2575 aliquis
569 2535 676 2574 potius
696 2532 823 2574 effluat,
838 2534 951 2575 quam]

260 2578 377 2609 Potius
398 2588 464 2608 non
481 2577 596 2618 placet.
640 2576 726 2607 Puto
746 2577 952 2607 scribendum

258 2622 372 2652 citius.-
396 2620 482 2660 quod
503 2625 552 2650 est
575 2618 710 2649 verbum
735 2618 768 2647 in
792 2617 853 2648 hac
880 2628 953 2649 sen-

259 2662 364 2693 tentia
380 2661 577 2702 legitimum,
587 2662 696 2701 potius
710 2670 923 2699 nequaquam.

302 2708 340 2737 87
363 2705 390 2734 sc·
418 2704 509 2735 modo
534 2705 642 2744 ipsum
664 2702 755 2741 sciet]
781 2702 844 2732 Hic
872 2706 953 2741 puto

259 2746 444 2777 addendum
458 2747 504 2783 id,
522 2746 571 2776 vel
588 2747 655 2781 hoc,
673 2744 758 2783 quod
773 2749 807 2774 et
822 2744 954 2783 quidam

259 2788 333 2818 libri
347 2787 480 2819 habent.
526 2787 588 2817 Sed
601 2787 636 2817 id
647 2787 750 2825 magis
765 2784 882 2825 placet.
915 2786 955 2816 ln

260 2829 325 2861 Ms.
343 2834 455 2861 nostro
476 2834 526 2862 est
539 2830 567 2861 si
582 2829 731 2867 modoad,
746 2829 815 2860 sine
828 2828 934 2868 ipsum
946 2840 955 2857 :

998 2241 1084 2280 quod
1111 2248 1161 2273 est
1189 2248 1276 2272 certe
1304 2242 1435 2280 melius,
1463 2251 1562 2282 quam
1587 2243 1694 2282 zPsum

996 2284 1066 2314 tine
1080 2284 1126 2315 id.
1169 2284 1289 2324 Recepi
1304 2285 1349 2316 id.

1039 2328 1078 2356 88
1113 2327 1218 2366 quoad
1257 2328 1312 2357 ille
1346 2327 1534 2367 quandoque
1567 2324 1692 2364 veniat]

997 2367 1112 2398 Paullo
1134 2368 1264 2399 durius:
1289 2369 1390 2400 donec
1414 2369 1524 2399 Caesar
1545 2368 1699 2406 aliquan-¹

997 2409 1038 2440 do
1053 2410 1188 2441 tandem
1203 2411 1325 2441 veniat.

1040 2455 1080 2485 89
1102 2462 1163 2482 cnr
1189 2452 1378 2483 adventibus
1406 2457 1436 2482 te
1469 2451 1526 2492 ff
1550 2451 1603 2491 g.]
1639 2451 1693 2481 Sic

997 2492 1098 2524 edidit
1126 2494 1302 2531 Victorius,
1329 2504 1404 2524 cum
1426 2499 1510 2524 esset
1533 2493 1630 2534 vulgo
1659 2495 1693 2523 in

997 2534 1069 2566 edd.
1086 2536 1339 2573 advenientibus,
1362 2541 1396 2566 et
1416 2536 1629 2567 vehementer
1640 2535 1694 2565 de-

997 2577 1101 2608 fendit
1115 2577 1315 2609 Gebhardus.
1339 2587 1391 2608 me
1414 2587 1482 2608 non
1503 2584 1574 2608 tam
1588 2578 1691 2609 offen—

996 2618 1045 2649 dit
1060 2619 1115 2649 ille
1131 2620 1278 2659 pluraliS‚
1293 2621 1384 2659 cujus
1399 2620 1586 2660 exemplum
1601 2624 1691 2651 attu-

997 2661 1036 2691 lit
1051 2661 1209 2699 Graevius,
1224 2671 1322 2700 quam
1343 2661 1480 2702 phrasis,
1503 2662 1695 2692 adventibus

994 2711 1027 2732 se
1041 2701 1171 2742 offerre.
1216 2703 1281 2733 Ms.
1298 2713 1389 2734 meus
1399 2704 1507 2734 adhuc
1521 2705 1692 2739 mentibus,

997 2744 1082 2783 quod
1100 2755 1139 2774 ex
1157 2745 1401 2776 advenientibus
1414 2746 1539 2777 factum
1554 2746 1693 2777 videtur.

998 2786 1061 2816 Gu.
1088 2790 1114 2817 l.
1129 2790 1239 2817 totum
1264 2788 1523 2827 Nihil—gestias
1545 2797 1611 2819 non
1634 2788 1693 2818 ha-

999 2828 1066 2859 bet.
1085 2832 1113 2859 2.
1129 2829 1382 2862 advenientibus.
1426 2830 1530 2862 Vetus
1544 2831 1685 2862 restitui.
