1817 3196
299 120 349 156 14
683 116 861 156 EPIST.
889 117 1070 156 LIBER
1095 117 1321 157 PRIMUS

296 234 398 275 erga
429 231 470 262 te
498 219 827 262 benivolentiam
867 220 990 262 facile
1021 222 1278 277 perspicias·
1321 235 1499 277 quorum
1535 220 1712 262 alterum

295 277 417 327 mini,
442 290 487 319 ut
511 288 550 318 te
573 279 799 333 plutimum
823 278 1012 333 diligam,
1042 278 1178 318 facere
1212 293 1379 319 necesse
1400 289 1477 326 est,
1499 279 1531 319 si
1560 279 1685 318 volo·
1677 293 1712 318 ls

295 348 399 384 esse,
423 349 546 389 quem
572 345 616 374 tu
639 349 706 374 me
727 349 816 375 esse
838 335 1029 375 voluisti:
1061 334 1238 374 alterum
1272 334 1382 375 facio
1418 335 1619 385 libenter3
1653 345 1713 386 ut,

294 393 496 445 quoniam
537 391 669 431 interv
675 391 755 431 ·1llo
789 394 978 431 locorum
1007 399 1049 430 et
1084 400 1320 454 temporum
1354 394 1392 421 ²3
1409 391 1608 446 disjuncti
1645 406 1713 431 su-

293 461 402 510 muS,
427 463 499 503 per
520 448 678 487 litter-is
710 458 850 488 tecum
880 461 1007 501 quam
1038 462 1270 502 saepissime
1293 447 1521 502 colloquar.
1582 447 1712 493 Quod

293 504 327 543 si
349 505 478 545 rarius
502 504 588 553 fiet,
608 518 734 557 quam
758 515 802 544 tu
829 504 1113 559 exspectabis,
1136 504 1177 544 id
1199 504 1279 544 erit
1310 518 1463 552 causae,
1486 505 1598 558 quod
1625 518 1710 544 non

292 560 384 614 ejus
420 561 585 616 geneiis
619 574 724 601 mece
753 561 904 601 litterae
928 569 1039 610 sunt,
1062 570 1110 600 ut
1131 574 1198 600 eas
1221 560 1397 601 audeam
1422 570 1579 601 temere
1598 575 1715 601 com·

291 617 475 657 mittere.
537 617 717 662 Quoties
755 618 856 657 mihi
891 626 1101 657 certorum
1143 616 1362 658 hominum
1402 628 1586 681 potestas
1616 618 1713 668 erit,

289 674 445 726 quibus
467 683 578 714 recte
599 674 709 724 dem,
733 688 815 714 non
843 674 1180 728 praeterinitt·1m.
1242 674 1369 719 Quod
1393 673 1498 713 scite
1530 674 1606 724 vis,
1629 688 1715 728 qua

288 730 467 785 quisque
491 730 531 770 in
556 740 596 771 te
619 730 701 770 fide
723 731 777 770 sit
798 741 840 770 et
864 730 1105 771 vzoluntate
1138 730 1311 771 difficile
1329 730 1446 770 dictu
1469 739 1532 770 est
1554 731 1605 770 de
1628 733 1713 770 sin-

288 785 413 841 gulis.
475 786 616 828 Unum
639 787 740 827 illud
762 787 912 836 audeo,
941 787 1053 841 quod
1077 796 1201 827 antea
1225 787 1300 827 tibi
1326 801 1438 842 saepe
1457 786 1711 841 significavi,

287 856 402 884 nunc
424 858 607 898 quoque,
631 857 672 884 re
696 854 916 899 perspecta
936 854 978 883 et
999 844 1188 899 cognita,
1210 845 1416 884 scribere:
1442 844 1713 884 vehementer

288 900 493 952 quosdam
519 901 724 949 homines,
747 903 838 940 ‘Met
860 914 930 941 eos
952 902 1151 950 maxime,
1173 901 1245 955 qui
1284 911 1323 941 te
1361 908 1403 940 et
1433 900 1618 940 maxime
1639 901 1713 940 de-

289 955 470 997 buerunt
493 967 534 997 et
559 956 783 1011 plurimum
811 957 907 1011 juv
895 971 964 997 me
1001 967 1246 1011 potuerunt,
1276 957 1477 997 inuidisse
1510 956 1712 1012 dignitati

289 1013 773 1076 tuae:simillim1mque
806 1028 847 1053 m
885 1027 926 1053 re
956 1014 1166 1063 dissimili,
1197 1014 1259 1054 tui
1294 1014 1496 1069 temporis
1521 1028 1646 1064 nuuc,
1669 1022 1711 1054 et

266 1071 421 1110 ·nostri
456 1070 671 1124 quondam
703 1069 832 1109 fuisse
863 1070 1098 1111 rationem:
1150 1079 1210 1120 ut,
1241 1085 1347 1124 quos
1386 1081 1430 1109 tu
1463 1070 1710 1125 reipublicae

286 1140 414 1166 causa
441 1125 623 1176 laeseias,
660 1126 798 1182 palam
839 1135 879 1166 te
901 1136 1225 1182 oppu0··:na1ent
1265 1140 1447 1181 quorum
1480 1128 1712 1167 auctorita-

284 1190 386 1233 tem,
407 1183 678 1239 diunitatem,
715 1183 1063 1237 voluntatemque
1094 1183 1357 1246 defenderas,
1386 1197 1470 1224 non
1505 1193 1591 1223 tam
1621 1197 1711 1223 me-

280 1252 422 1280 mores
444 1249 583 1281 essent
606 1240 774 1281 virtutis
797 1248 896 1288 tuae‚
925 1254 1055 1303 ’quam
1088 1239 1221 1280 laudis
1255 1240 1432 1280 inimici.
1494 1240 1594 1285 Quo
1616 1241 1711 1294 qui-

281 1295 377 1336 dem
403 1306 606 1352 tempore,
628 1307 676 1337 ut
710 1296 934 1352 perscripsi
969 1296 1020 1336 ad
1057 1306 1098 1336 te
1129 1306 1267 1347 antea,
1296 1295 1481 1352 co<rnovi
1518 1296 1710 1338 Horten-

279 1353 390 1394 sium
414 1354 693 1410 pelcupidum
717 1353 793 1403 tui,
824 1352 1059 1393 studiosum
1086 1353 1335 1394 Lucullum:
1368 1367 1421 1393 ex
1446 1353 1709 1409 magistrati-

279 1409 357 1449 bus
380 1420 520 1451 autem
547 1411 594 1451 L.
625 1410 837 1450 Racilium
874 1418 916 1449 et
949 1409 1031 1450 fide
1062 1419 1106 1449 et
1138 1411 1281 1450 animo
1314 1387 1543 1465 singulari?
1594 1410 1708 1451 Nam

276 1474 424 1507 nostra
448 1466 733 1522 propugnatio
755 1481 804 1506 ac
826 1465 1017 1506 defensio
1050 1466 1271 1522 dignitatis
1301 1475 1401 1516 tuae,
1423 1475 1596 1522 propter
1617 1481 1708 1507 ma-

275 1523 546 1578 gnitudinem
572 1522 767 1564 beneficii
791 1523 868 1573 tui,
896 1522 1074 1563 fortasse
1095 1501 1312 1578 {flerisque
1340 1523 1471 1563 officii
1497 1523 1707 1578 majorem

275 1581 574 1621 auctoritatem
608 1580 764 1620 habere
797 1579 1003 1630 videatur,
1031 1594 1160 1634 quam
1190 1579 1429 1620 sententiae.
1491 1579 1706 1621 Praeterea

274 1637 446 1691 quidem
469 1638 522 1678 de
542 1636 835 1677 consula-uibus
856 1636 1016 1677 nemini
1040 1651 1211 1691 possum
1247 1649 1320 1676 aut
1356 1635 1486 1676 studii
1518 1650 1619 1692 erga
1646 1647 1703 1688 te,

273 1702 348 1733 aut
369 1693 517 1744 officii,
538 1704 612 1734 aut
630 1693 755 1733 amici
779 1692 910 1733 animi
931 1707 1021 1733 esse
1043 1696 1176 1734 testis.
1238 1693 1410 1734 Etenim
1429 1692 1702 1749 Pompeium,

271 1750 344 1804 qui
377 1764 545 1792 mecum
576 1750 823 1806 saepissime,
856 1764 941 1790 non
972 1750 1108 1791 solum
1146 1765 1171 1791 a
1210 1765 1278 1791 me
1314 1758 1584 1813 provocatus,
1628 1751 1701 1792 sed

271 1807 400 1847 etiam
425 1823 500 1848 sua
521 1818 674 1863 sponte
695 1806 746 1846 de
772 1815 814 1846 te
835 1807 1152 1849 communicare
1174 1806 1294 1856 solet,
1316 1822 1412 1857 sels,
1434 1807 1700 1862 temporibus

271 1863 353 1904 illis
373 1878 458 1905 non
491 1879 604 1920 saepe
635 1864 678 1904 in
710 1873 857 1904 senatu
890 1863 1033 1904 fuisse.
1095 1864 1176 1905 Cui
1208 1864 1381 1918 quidem
1412 1863 1565 1904 litterae
1598 1873 1700 1915 tuae,

268 1934 373 1974 quas
396 1922 591 1976 proxime
612 1921 800 1970 miseras,
821 1920 934 1974 quod
958 1920 1081 1961 facile
1102 1920 1398 1971 intellexerim,
1422 1920 1699 1976 perjucundae

268 1976 454 2018 fuerunt.
480 1978 583 2018 mihi
606 1977 777 2032 quidem
802 1977 1042 2018 humanitas
1066 1987 1151 2028 tua,
1181 1977 1245 2018 vel
1276 1991 1442 2018 summa
1468 1977 1610 2032 potius
1634 1992 1699 2018 sa-

269 2034 444 2088 pientia,
467 2034 763 2089 nonjucunda
783 2033 934 2084 solum,
964 2034 1037 2075 sed
1066 2035 1195 2075 etiam
1218 2033 1477 2075 admirabilis
1507 2034 1597 2074 visa
1617 2043 1698 2075 est.

269 2089 419 2131 Virum
441 2092 555 2132 enim
577 2090 871 2140 excellentem,
892 2101 936 2131 et
955 2091 1033 2131 tibi
1058 2100 1131 2131 tua
1157 2094 1196 2121 25
1213 2091 1433 2146 praestanti
1458 2090 1498 2129 in
1521 2104 1618 2130 eum
1645 2091 1696 2130 li-

267 2147 489 2188 beralitate
511 2148 773 2198 devinctum,
795 2148 990 2188 nonnihil
1012 2148 1313 2203 suspicantem,
1337 2156 1511 2202 propter
1532 2146 1696 2201 aliquo-

264 2217 359 2244 rum
380 2205 627 2258 opinionem
661 2219 748 2244 suae
781 2204 1046 2267 cupiditatis,
1077 2214 1117 2245 te
1142 2205 1196 2245 ab
1226 2219 1269 2244 se
1300 2204 1602 2254 abalienatum,
1623 2203 1695 2244 illa

264 2260 446 2323 epistola
472 2260 699 2302 retinuisti.
721 2276 793 2315 qui
826 2261 930 2302 mihi
964 2275 1062 2302 cum
1097 2275 1263 2317 semper
1297 2270 1380 2301 tuae
1415 2260 1528 2300 laudi
1551 2235 1694 2301 fa'vere

265 2331 379 2358 visus
412 2327 489 2369 est,
517 2318 643 2358 etiam
677 2318 769 2381 ipso
812 2318 1169 2373 suspiciosissimo
1201 2328 1390 2373 tempore
1424 2316 1690 2358 Caniniano.

264 2383 355 2413 tum
378 2388 490 2424 vero,
507 2374 627 2415 lectis
649 2375 732 2414 tuis
755 2374 921 2425 litteris,
942 2387 1186 2430 perspectus
1205 2384 1269 2414 est
1289 2390 1314 2414 a
1337 2387 1417 2423 me,
1436 2382 1527 2413 toto
1546 2374 1691 2414 animo

262 2430 314 2471 de
337 2439 377 2471 te
399 2446 448 2472 ac
471 2432 523 2472 de
545 2432 628 2472 tuis
657 2432 917 2472 ornamentis
947 2440 990 2472 et
1020 2431 1256 2472 commodis
1278 2431 1485 2486 cogitaime
1545 2429 1691 2476 Quare

300 2544 340 2574 93
363 2543 516 2584 disjuncti
543 2543 669 2583 sumus]
710 2543 774 2574 Alii
803 2543 954 2584 dffuncti,
997 2544 1092 2575 foret.
1107 2545 1132 2574 si
1148 2548 1231 2575 esset
1245 2544 1290 2574 sic
1302 2554 1321 2574 a
1337 2543 1504 2577 Cicerone,
1519 2546 1550 2571 et
1564 2552 1613 2572 eos
1622 2544 1694 2582 qui-

259 2585 343 2624 quod
359 2586 404 2615 sic
424 2595 490 2616 non
505 2586 634 2617 dicitur.
680 2585 718 2615 In
741 2586 800 2616 hac
823 2592 955 2617 senten·
997 2587 1067 2617 dem
1083 2587 1197 2617 dixisse
1213 2585 1384 2616 videretur.
1409 2584 1484 2614 Non
1499 2589 1608 2613 antem
1627 2584 1694 2614 dis-

259 2627 306 2657 tia
320 2637 447 2667 semper
460 2627 604 2668 disiungi
617 2628 746 2658 dicitur.
792 2628 845 2658 Sic
855 2634 887 2658 et
902 2638 953 2667 ep.
997 2628 1096 2667 plicet
1124 2629 1180 2659 illa
1208 2627 1371 2668 repetitio,
1400 2635 1472 2665 quae
1501 2631 1534 2656 et
1570 2625 1695 2665 aliquid

258 2673 288 2702 9.
304 2675 498 2702 correctum.
543 2672 594 2701 Sic
610 2670 733 2701 habent
753 2669 825 2700 edd.
851 2681 900 2710 pr.
920 2675 954 2700 et
995 2671 1146 2701 efficaciae
1161 2670 1270 2700 habet.

257 2710 321 2740 GU·
1038 2714 1077 2743 25
1095 2713 1267 2751 pioestanti
1280 2712 1314 2741 in
1327 2721 1400 2741 eum
1413 2709 1621 2748 liberalitate]
1639 2710 1695 2740 ln-

298 2755 340 2783 524
361 2757 391 2782 et
417 2764 466 2785 eos
492 2752 647 2793 maz-ime]
673 2753 819 2783 Gra-wius
847 2754 953 2783 maxi·
995 2753 1156 2793 telligitur
1171 2754 1215 2790 id,
1233 2753 1318 2792 quod
1340 2762 1436 2793 supra
1455 2752 1592 2787 dixerat,
1617 2761 1692 2782 eum

257 2803 308 2823 me
323 2794 422 2826 deleri
438 2797 518 2833 vult,
535 2798 610 2836 quia
626 2796 738 2826 statim
755 2796 873 2825 iterum
890 2801 951 2827 (st.
994 2797 1129 2835 ornasti,
1168 2795 1370 2828 decernenda
1402 2794 1597 2836 praefectura
1633 2803 1693 2826 an,-

256 2835 319 2867 Sed
333 2840 364 2866 et
377 2847 427 2869 eos
441 2839 537 2869 nimis
553 2840 730 2880 abruptum
752 2843 786 2868 et
797 2838 950 2877 jejunum
994 2846 1102 2869 uonae.
