1903 3218
397 94 473 132 AD
499 93 555 132 M.
585 91 919 132 VARRONEM
943 92 1020 130 ET
1046 91 1329 131 CETEROS.
1501 97 1582 134 209

152 193 392 239 lumniabar
408 197 513 254 ipse.
528 195 530 197 ’
546 197 765 254 putabam,
786 195 859 251 qui
879 195 1051 237 obviam
1070 195 1177 237 mihi
1197 196 1396 246 venisset,
1419 203 1466 235 ut
1483 196 1575 237 cui-

149 267 234 307 que
254 255 529 296 commodum
549 262 683 305 esset3
713 253 1043 308 suspicaturum,
1062 261 1136 293 aut
1153 252 1385 302 dicturum,
1405 252 1614 306 etiamsip.
1631 267 1699 299 127.

151 323 237 352 non
261 312 571 367 suspicaretur:
607 309 694 351 Hic
715 319 790 351 aut
810 309 979 360 metuit,
1005 317 1050 350 et
1078 323 1129 350 ea
1158 323 1202 350 re
1233 308 1372 365 fugit;
1403 317 1476 348 aut
1496 308 1613 349 ali-a-

148 368 251 421 quid
274 369 454 424 cogitat,
475 378 518 409 et
538 367 669 408 habet
689 381 840 408 navem
865 374 1072 422 paratam.
1124 365 1339 421 Denique,
1361 365 1574 407 levissime

149 423 222 479 qui
247 427 546 481 suspicaretur,
566 433 611 465 et
631 424 705 479 qui
729 424 908 466 fortasse
931 437 998 465 me
1018 423 1182 479 optime
1203 423 1414 464 novisset:
1451 431 1574 477 puta-

148 492 213 521 ret
236 496 303 523 me
324 483 483 523 idcirco
503 481 735 532 discedere,
764 481 880 537 quod
903 480 1111 537 quosdam
1135 480 1330 522 homines
1352 478 1464 520 oculi
1488 479 1573 520 mei

148 537 257 579 ferre
296 553 381 579 non
423 547 611 594 possent.
673 538 785 580 Haec
826 552 909 595 ego
950 537 1186 593 suspicans,
1235 537 1376 578 adhuc
1418 535 1573 578 Romae

147 609 322 637 maneo:
371 604 414 635 et
456 606 598 637 tamen
640 599 823 640 λεληθότως
865 595 1132 637 consuetudo
1173 594 1376 635 diuturna
1416 592 1573 634 callum

139 651 234 706 jam
257 651 443 693 obduxit
464 653 687 695 stomacho
709 666 820 693 meo.
882 651 1031 693 Habes
1054 652 1264 693 rationem
1283 651 1366 692 mei
1388 648 1572 691 consilii.

146 707 244 749 Tibi
279 708 412 764 igitur
438 709 522 751 hoc
551 724 730 751 censeo:
762 709 981 751 latendum
1010 709 1217 766 tantisper
1239 708 1415 758 ibidem,
1437 707 1574 748 vdum

145 764 412 807 defervescat
469 767 562 810 haec
619 765 866 824 gratulatio,
916 776 961 807 et
1008 765 1134 808 simul
1182 766 1284 808 dum
1336 763 1573 815 audiamus,

143 822 506 877 quemadmodum
536 825 760 881 negotium
790 823 1038 866 confectum
1070 823 1150 875 sit3
1180 822 1426 865 confectum
1456 820 1573 862 enim

144 892 237 920 esse
267 880 486 922 existimo.
547 881 704 938 Magni
734 890 878 922 autem
909 880 1117 931 intererit,
1148 881 1220 936 qui
1244 879 1374 921 fuerit
1397 878 1571 920 victoris

144 936 328 988 animus,
360 939 434 993 qui
464 939 607 981 exitus
637 952 794 980 rerum.
824 952 1084 993 quamquam
1115 952 1201 992 quo
1234 951 1302 978 me
1321 934 1573 991 conjectura

143 993 288 1044 ducat,
310 993 471 1038 habeo:
503 996 576 1038 sed
596 1006 802 1052 exspecto
826 1005 984 1036 tamen.
1035 994 1097 1035 Te
1119 1009 1219 1035 vero
1240 993 1356 1046 nolo,
1377 992 1459 1034 nisi
1481 993 1572 1048 ipse

144 1064 291 1092 rumor
315 1051 409 1107 jam
440 1068 592 1095 raucus
614 1053 696 1094 erit
716 1053 869 1103 factus,
893 1052 948 1093 ad.
971 1051 1098 1093 Baias
1120 1053 1279 1093 venire.
1341 1049 1436 1091 Erit
1455 1045 1570 1091 enim

143 1108 270 1148 nobis
292 1108 528 1161 honestius,
551 1111 680 1152 etiam
697 1125 794 1151 cum
813 1109 914 1150 hinc
930 1109 1263 1159 discesserimus,
1283 1107 1416 1148 videri
1434 1106 1572 1147 venis-

145 1178 190 1205 se
212 1165 255 1205 in
281 1165 351 1206 illa
371 1166 466 1208 loca
487 1167 699 1224 ploratum
722 1167 866 1223 potius
889 1180 1018 1221 quam
1040 1175 1250 1206 natatum.
1303 1165 1386 1206 Sed
1408 1164 1503 1205 haec
1526 1172 1569 1204 tu

145 1222 320 1264 melius:
347 1225 476 1265 modo
494 1225 619 1265 nobis
639 1232 723 1264 stet
740 1223 858 1275 illud,
880 1237 966 1263 una
987 1222 1130 1263 vivere
1152 1222 1195 1263 in
1219 1222 1370 1263 studiis
1393 1220 1571 1271 nostris;

143 1293 169 1320 a
189 1279 345 1334 quibus
367 1290 494 1322 antea
513 1280 842 1322 delectationem
874 1279 1004 1320 modo
1036 1278 1303 1334 petebamus,
1335 1292 1449 1318 nunc
1473 1292 1572 1317 vero

142 1336 273 1377 etiam
296 1337 500 1379 salutem:
533 1352 619 1379 non
641 1338 801 1388 deesse,
824 1336 854 1377 si
881 1336 976 1391 quis
996 1335 1200 1376 adhibere
1223 1335 1350 1385 volet,
1372 1348 1457 1374 non
1483 1348 1574 1374 mo-

141 1392 199 1433 do
234 1402 284 1433 ut
314 1393 588 1444 architectos,
620 1408 767 1435 verum
797 1394 927 1434 etiam
963 1402 1010 1434 ut
1041 1392 1202 1444 fabros,
1235 1397 1253 1424 8
1272 1393 1324 1433 ad
1357 1390 1575 1432 aedifican-

140 1449 240 1491 dam
275 1452 602 1507 rempublicam,
633 1461 676 1492 et
708 1452 851 1507 potius
885 1451 1068 1491 libenter
1104 1463 1347 1492 accurrere:
1382 1449 1416 1489 si
1447 1463 1575 1489 nemo

140 1516 285 1549 utetur
305 1522 450 1564 opera,
481 1517 624 1549 tamen
648 1519 692 1549 et
714 1509 898 1549 scribere
919 1516 963 1548 et
984 1507 1127 1563 legere
1148 1509 1341 1550 πολιτείαιςε
1373 1514 1417 1545 et
1438 1506 1472 1545 si
1496 1506 1575 1546 mi-

140 1578 220 1605 nus
243 1565 287 1606 in
309 1565 428 1606 curia
448 1575 578 1620 atque
599 1566 641 1606 in
666 1566 760 1606 foro
779 1582 790 1617 3
822 1574 865 1605 at
888 1566 930 1605 in
952 1564 1105 1604 litteris
1128 1573 1171 1604 et
1192 1562 1326 1613 libris,
1348 1572 1396 1603 ut
1414 1562 1575 1604 doctis-

140 1621 238 1662 simi
261 1631 424 1663 veteres
447 1622 654 1674 fecerunt,
677 1627 696 1657 9
711 1636 866 1663 navare
890 1636 976 1662 rem
997 1621 1229 1676 publicam,
1252 1630 1294 1660 et
1311 1620 1365 1660 de
1381 1620 1574 1660 moribus

139 1692 190 1719 ac
227 1678 396 1734 legibus
433 1694 634 1735 quaerere.
699 1679 816 1720 Mihi
855 1678 950 1720 haec
983 1678 1194 1719 videntur.
1255 1676 1335 1727 Tu,
1374 1676 1478 1731 quid
1517 1677 1573 1717 sis

138 1743 327 1786 acturuS,
364 1744 422 1788 et,
457 1737 560 1792 quid
596 1737 673 1777 tibi
714 1737 895 1792 placeat,
932 1746 1178 1791 pergratum
1218 1734 1314 1785 erit,
1347 1734 1381 1773 si
1415 1734 1468 1774 ad
1505 1748 1572 1775 me

137 1792 371 1849 scripseris.

654 1849 1057 1888 ARGUMENTUM.
1586 1852 1609 1888 :3

138 1914 281 1951 Iturum
297 1925 335 1950 se
352 1915 401 1950 ad
422 1913 617 1950 Varronem
641 1914 790 1950 scribit:
819 1915 881 1949 secl
897 1912 988 1962 fore
1015 1915 1077 1961 qui
1105 1911 1381 1960 reprehendant,
1412 1913 1508 1959 quod
1535 1911 1574 1948 in

189 1970 294 2002 tanto
311 1967 475 2003 incendio
493 1968 653 2003 civitatis
671 1967 894 2002 amoenitates
914 1967 1069 2001 locorum
1090 1969 1266 2013 quoerant.
1321 1963 1368 1999 Se
1391 1976 1473 2000 vero
1493 1965 1572 2000 bar-

188 2017 358 2054 barorum
371 2031 473 2056 voces
490 2024 724 2061 contemnere,
747 2023 781 2054 et
799 2020 965 2066 persequi
979 2019 1222 2066 propositum,
1239 2021 1279 2052 ut
1298 2017 1335 2051 in
1355 2017 1486 2052 studiis
1500 2029 1573 2052 una

187 2071 324 2108 vivant.

571 2119 805 2163 CICERO
830 2119 1134 2161 VARRONI.

139 2174 302 2238 ETSI,
333 2189 449 2243 quod
471 2188 716 2239 scriberem,
746 2203 831 2228 non
856 2188 1096 2229 habebam:
1130 2195 1272 2227 tamen
1298 2185 1484 2228 Caninio
1513 2186 1566 2228 ad
1582 2198 1611 2230 b.

135 2252 180 2285 te
199 2244 334 2295 eunti,
357 2260 442 2286 non
466 2247 587 2301 potui
610 2245 715 2286 nihil
739 2245 854 2286 dare.
899 2245 1016 2292 Quid
1040 2258 1144 2300 ergo
1167 2243 1442 2300 potissimum
1465 2245 1570 2285 scri-

133 2301 262 2345 bam?
301 2303 417 2357 quod
451 2302 556 2343 velle
593 2311 636 2343 te
670 2312 790 2358 puto,
823 2302 911 2343 cito
943 2317 1013 2343 me
1043 2303 1097 2342 ad
1129 2311 1171 2341 te
1202 2315 1292 2342 esse
1326 2309 1568 2342 venturum.

135 2357 229 2400 Etsi
254 2359 365 2411 vide,
395 2374 557 2415 quaeso,
588 2359 746 2401 satisne
768 2369 933 2401 rectum
956 2360 1025 2410 sit,
1048 2373 1141 2410 nos,
1162 2358 1247 2399 hoc
1269 2367 1390 2399 tanto
1423 2359 1571 2400 incen-

176 2475 196 2506 7
223 2472 304 2503 dum
325 2470 518 2513 effervescit]
544 2473 597 2504 Sic
620 2483 682 2504 ser.
705 2479 739 2503 et
760 2473 832 2504 edd.
875 2481 909 2504 et
924 2474 987 2504 Gu.
1003 2476 1032 2505 2.

132 2513 279 2545 Graevius
301 2514 423 2554 recepit
437 2516 673 2546 correctionem
688 2515 833 2546 Manutii
916 2521 936 2551 9
958 2526 1083 2547 navare
1103 2513 1352 2556 rempublicam]
1378 2514 1430 2544 Sic
1453 2513 1535 2543 bene
1554 2522 1572 2543 e

135 2559 171 2586 et
191 2555 307 2588 Lamb.
329 2556 536 2598 defervescit.-
558 2559 654 2595 bene,
677 2568 741 2597 qua
762 2568 832 2588 ver·
877 2558 956 2588 Mss.
970 2558 1128 2589 edituma
1143 2557 1396 2589 recentioribus:
1420 2554 1508 2594 quod
1520 2559 1572 2585 ta·

135 2597 228 2629 bum.
251 2608 329 2630 nam
344 2600 524 2639 gratulatio
540 2600 612 2640 jam
628 2605 701 2630 tum
713 2599 830 2640 ferve-
874 2611 951 2631 men
966 2609 1000 2631 et
1016 2601 1087 2632 edd.
1109 2600 1208 2632 Rom.
1233 2598 1322 2630 Med.
1346 2598 1491 2627 habent:
1516 2596 1572 2627 sed

139 2639 206 2673 bac.
228 2645 264 2671 at
277 2641 408 2673 volebat
423 2642 545 2679 abesse,
561 2643 640 2673 dum
655 2642 832 2673 deferbuis-
874 2643 974 2673 divise
996 2643 1217 2679 scribendum,
1244 2648 1282 2671 ut
1305 2642 1338 2671 in
1361 2638 1422 2669 Ms.
1451 2640 1515 2670 Gu.
1543 2642 1572 2669 1.

137 2686 200 2712 set.
237 2683 301 2713 Sed
314 2693 382 2714 esse
397 2683 494 2715 debet
509 2684 716 2724 defervescat.
734 2691 832 2724 atque
874 2695 943 2715 rem
954 2687 1140 2725 publicam.-
1163 2690 1241 2714 ante
1254 2684 1288 2713 in
1302 2682 1414 2721 vulgg.
1430 2688 1501 2712 erat
1514 2691 1575 2711 πα-

134 2724 181 2754 sic
195 2723 291 2755 edidi.
327 2725 439 2756 lntell.
453 2726 710 2767 gratulationem
725 2728 833 2759 Caesa-
874 2737 954 2758 vare
990 2729 1072 2767 reip.
1109 2727 1160 2757 ed.
1189 2726 1272 2756 Ven.
1305 2727 1394 2757 1471.
1427 2733 1576 2762 gravare

138 2766 305 2798 rianorum
320 2767 360 2798 de
373 2768 512 2799 victoria
522 2769 688 2800 Africana.
875 2780 978 2809 remp.
995 2771 1100 2801 voluit
1123 2769 1200 2800 dare
1221 2776 1384 2806 gnavare,
1407 2771 1447 2796 ut
1468 2770 1518 2797 est
1539 2767 1576 2796 in

177 2810 196 2838 8
212 2808 258 2837 ad
270 2809 511 2850 oedficandam]
537 2811 684 2842 Graevius
699 2811 800 2843 edidit
815 2823 833 2843 e
876 2812 939 2843 Gu.
955 2815 986 2843 2.

138 2850 219 2881 Mss.
241 2851 482 2891 aedficandum,
504 2857 544 2883 ut
558 2858 593 2884 et
607 2858 720 2886 noster
735 2854 834 2886 habet

199 2905 310 2935 VOL·
334 2907 413 2936 111.
438 2908 480 2937 P.
504 2908 538 2936 1.
845 2910 871 2936 P
