1865 3223
459 85 537 124 AD
563 86 606 125 C.
623 81 931 123 MEMMIUM
957 82 1031 121 ET
1055 83 1240 123 Amos.
1492 88 1568 124 ³63

655 185 1056 225 ARGUMENTUM.
1582 181 1638 220 58

299 251 358 287 Ex
374 253 562 300 provincia
581 250 797 292 Clastidium,
816 249 1029 296 municipem
1048 257 1164 288 suum,
1183 250 1417 287 commendat.

147 325 214 367 M.
239 326 471 371 CICERO
495 328 545 370 C.
563 325 734 368 TITIO
759 325 807 367 L.
832 324 880 367 F.
906 322 1088 376 RUFO,
1111 322 1206 364 PR.
1229 324 1503 377 URBANO,
1527 327 1570 367 S.

148 393 213 446 L.
238 405 561 449 CUSTIDIUS
593 415 657 446 est
690 404 872 454 tribulis,
893 406 990 443 90et
1021 402 1257 458 municeps,
1280 411 1323 442 et
1357 403 1574 444 familiaris

145 476 282 504 meus.
345 462 385 504 Is
435 477 606 504 causam
657 462 811 513 habet3
843 475 970 517 quam
1016 473 1187 500 causam
1229 459 1279 499 ad
1323 469 1363 499 te
1400 461 1619 501 deferet.b-

150 517 418 560 Commendo
452 520 531 560 tibi
566 519 799 568 hominem,
822 517 947 559 sicuti
982 527 1054 557 tua
1087 516 1188 557 fides
1221 525 1263 556 et
1298 529 1413 557 meus
1445 518 1578 572 pudor

150 577 363 632 postulat:
396 586 576 627 tantum,
601 587 646 617 ut
670 576 814 617 faciles
836 575 888 616 ad
911 584 952 615 te
974 574 1113 614 aditus
1136 573 1316 615 habeat:
1339 587 1434 628 quae
1457 588 1581 628 aequa

152 633 401 688 postulabit,
437 643 482 674 nt
515 634 674 675 libente
710 644 752 673 te
791 634 1016 687 impetret:
1051 631 1290 685 sentiatque
1322 644 1460 670 meam
1499 630 1578 671 sibi

151 689 399 742 amicitiam,
422 692 551 732 etiam
574 705 672 732 cum
702 689 950 745 longissime
972 688 1123 739 absim,
1148 687 1346 743 prodesse
1368 687 1410 727 in
1434 687 1581 742 primis

149 746 260 801 apud
288 756 343 787 te.

664 817 1067 856 ARGUMENTUM.
1593 820 1648 862 59

475 883 706 920 Commendat
729 881 783 918 M.
797 881 944 918 Fabium
965 881 1089 917 Curtio
1103 881 1265 928 praetori.

196 956 264 998 M.
288 957 338 1000 T.
360 959 411 1001 C.
445 960 496 1001 C.
522 958 755 1002 CURTIO
788 956 1204 1056 PSEIJ))UCAEANO‚
1236 955 1543 1008 PRAETORI,

155 1067 238 1120 BL
265 1083 507 1126 FABIUM
543 1085 668 1125 unice
699 1083 848 1139 diligo,
872 1096 1121 1138 summaque
1156 1081 1261 1122 mihi
1292 1096 1390 1122 cum
1411 1095 1462 1122 eo
1484 1095 1586 1122 con-

154 1142 335 1181 suetudo
357 1151 400 1181 et
423 1141 686 1182 familiaritas
709 1151 773 1181 est
804 1150 1015 1196 pervetus.
1077 1139 1127 1179 In
1161 1139 1252 1193 ejus
1286 1139 1586 1179 controversiis

156 1198 258 1252 quid
299 1198 514 1248 decernas,
548 1213 572 1238 a
607 1208 646 1238 te
683 1212 768 1238 non
805 1206 919 1252 peto,
950 1196 1172 1248 (servabis,
1212 1205 1258 1235 ut
1293 1204 1367 1235 tua
1404 1195 1508 1235 fides
1544 1205 1588 1236 et

156 1255 346 1310 dignitas
390 1254 591 1310 postulat,
630 1255 817 1294 edictum
860 1263 902 1293 et
940 1252 1185 1293 institutum
1230 1253 1385 1302 tuum,)
1427 1253 1498 1292 sed
1540 1263 1590 1293 ut

155 1324 284 1365 quam
308 1310 534 1352 facillimos
556 1311 608 1351 ad
632 1321 673 1350 te
708 1310 847 1351 aditus
883 1310 1061 1350 habeat:
1095 1323 1190 1363 quae
1223 1315 1348 1348 erunt
1381 1323 1518 1363 aequa,
1539 1309 1590 1349 li-

157 1367 285 1408 bente
302 1377 349 1407 te
373 1369 591 1423 impetret:
616 1377 663 1408 ut
681 1381 820 1407 meam
843 1366 1076 1407 amicitiam
1102 1366 1197 1416 sibi,
1219 1365 1349 1405 etiam
1371 1379 1469 1406 cum
1492 1380 1590 1421 pro-

155 1423 228 1464 cul
261 1424 414 1474 absim,
440 1426 638 1479 prodesse
675 1426 848 1474 sentiat,
880 1424 1118 1479 praesertim
1151 1422 1264 1478 apud
1304 1432 1360 1463 te.
1423 1422 1522 1463 Hoc
1551 1432 1592 1464 te

157 1480 432 1521 vehementer
452 1482 584 1521 etiam
607 1490 734 1535 atque
757 1481 886 1521 etiam
910 1494 1030 1536 rogo.

677 1579 1080 1617 ARGUMENTUM.
1600 1579 1656 1623 60

553 1642 785 1679 Commendat
802 1643 1003 1679 Livineium
1024 1643 1201 1678 libertum.

439 1717 508 1761 M.
531 1719 581 1760 T.
606 1720 657 1761 C.
691 1719 1001 1770 MUNATIO,
1035 1719 1085 1761 C.
1110 1719 1158 1760 F.
1191 1718 1234 1760 S.
1260 1718 1317 1760 D.

163 1774 229 1828 L.
256 1784 574 1828 LIVINEIUS
608 1785 786 1843 Trypho
822 1791 937 1828 9¹est
974 1787 1151 1827 omnino
1188 1785 1236 1826 L.
1266 1786 1438 1843 Reguli,
1471 1785 1596 1839 fami-

159 1843 375 1884 liarissimi
414 1843 513 1894 mei,
543 1843 750 1885 libertus:
782 1845 904 1900 cujus
938 1845 1156 1884 calamitas
1196 1844 1324 1884 etiam
1363 1843 1596 1884 officiosio-

162 1914 252 1942 rem
285 1913 354 1940 me
386 1899 491 1941 facit
523 1900 567 1941 in
601 1900 735 1942 illum.
771 1916 870 1943 nam
904 1902 1231 1950 benivolentior‚
1264 1915 1391 1955 quam
1429 1914 1596 1956 semper

165 1956 243 2007 fui,
266 1970 357 1997 esse
376 1971 463 1997 non
495 1971 683 2012 possum.
745 1957 828 1999 Sed
849 1973 931 2014 ego
955 1958 1154 1998 libertum
1177 1957 1269 2012 ejus
1294 1972 1367 2012 per
1389 1971 1432 1997 se
1454 1959 1594 2013 ipsum

165 2013 315 2068 diligo.
351 2027 517 2054 summa
554 2014 668 2054 enim
710 2015 802 2069 ejus
837 2030 938 2071 erga
978 2029 1047 2056 me
1079 2014 1224 2055 officia
1261 2015 1499 2054 extiterunt
1530 2015 1595 2055 his

165 2070 323 2112 nostris
356 2069 637 2126 temporibuS,
659 2073 815 2126 quibus
850 2071 1050 2113 facillime
1083 2072 1241 2112 bonam
1264 2071 1598 2112 benivolentiam

162 2126 388 2168 hominum
421 2138 465 2167 et
496 2126 624 2169 fidem
655 2130 894 2184 perspicere
933 2128 1070 2185 potui.
1132 2127 1243 2168 Eum
1278 2129 1356 2169 tibi
1390 2129 1450 2169 ita
1481 2143 1599 2169 com-

163 2184 336 2234 mendo,
359 2192 406 2224 ut
440 2183 637 2225 homines
670 2186 782 2241 grati
816 2196 859 2226 et
890 2200 1100 2226 memores
1132 2187 1241 2226 bene
1274 2185 1448 2226 meritos
1480 2186 1533 2226 de
1555 2200 1598 2226 se

165 2240 467 2281 commendare
498 2241 671 2282 debent.
734 2242 988 2298 Pergratum
1027 2242 1134 2282 mihi
1167 2242 1333 2294 feceris,
1358 2243 1392 2283 si
1428 2242 1497 2284 ille
1531 2243 1728 2289 in-p.²26.

155 2296 392 2348 ‘tellexerit,
415 2311 472 2348 se,
495 2299 609 2353 quod
644 2313 719 2354 pro
757 2300 890 2341 salute
922 2314 1017 2341 mea
1045 2300 1180 2340 multa
1211 2299 1399 2356 pericula
1431 2300 1639 2351 adierit‚⁸·

158 2361 281 2410 'saepe
303 2354 443 2395 hieme
466 2369 633 2396 summa
653 2356 882 2412 navigarit,
904 2372 981 2414 pro
1005 2366 1078 2398 tua
1098 2371 1200 2414 erga
1219 2371 1288 2398 me
1310 2357 1600 2398 benivolentia

166 2421 337 2467 gratum
358 2411 488 2452 etiam
511 2413 591 2454 tibi
614 2412 779 2454 fecisse.

207 2571 250 2604 90
265 2572 297 2599 et
311 2568 491 2608 municeps]
507 2568 633 2600 Matius
647 2570 804 2610 opinion.
816 2570 863 2607 11,
909 2580 995 2611 ceps.

171 2610 204 2639 3.
226 2609 304 2641 hinc
327 2611 467 2651 colligit,
491 2620 558 2641 non
581 2621 695 2642 omnes
717 2612 864 2651 ejusdem
951 2617 986 2647 91
1027 2617 1075 2644 ese
1109 2612 1238 2642 omnino
1273 2611 1315 2642 L.
1347 2610 1597 2651 R.-l2·bertus]

169 2652 340 2692 municipii
355 2654 440 2684 cives
453 2653 600 2692 ejusdem
625 2655 731 2685 tribus
753 2654 864 2691 fuisse,
909 2655 996 2694 Quid
1025 2653 1180 2685 omnino?
1203 2661 1266 2689 est,
1290 2661 1329 2684 ut
1352 2654 1481 2694 opinor,
1505 2654 1601 2684 vitio-

168 2693 245 2731 quia
267 2693 381 2724 Cicero
407 2695 487 2726 alias
509 2695 564 2726 hic
586 2706 654 2726 non
677 2696 862 2727 addidisset.
911 2706 995 2728 sum.
1014 2698 1045 2727 id
1061 2697 1195 2727 verbum
1220 2696 1335 2735 passim
1353 2706 1373 2726 a
1388 2695 1527 2727 librariis
1542 2696 1603 2726 ali*

169 2734 280 2765 Immo
295 2744 363 2765 non
377 2747 490 2768 omnes
506 2739 645 2769 tribules
668 2739 766 2769 unius
789 2748 863 2769 mu·
911 2749 974 2769 eno
996 2739 1069 2770 loco
1093 2737 1242 2768 additum
1264 2748 1344 2777 esse,
1366 2739 1488 2779 passim
1510 2743 1605 2770 nota-

143 2779 145 2781 ’
169 2776 293 2816 nicipii.
307 2777 385 2808 hinc
403 2779 525 2810 arctior
540 2782 744 2820 conjunctio,
765 2781 791 2810 si
805 2782 864 2811 tri·
910 2786 985 2812 tum
999 2787 1049 2814 est
1063 2792 1083 2813 a
1099 2779 1243 2812 criticis.

170 2817 257 2849 bulis
282 2818 422 2861 aliquus
443 2827 529 2853 esset
553 2822 640 2854 idem
662 2823 732 2863 ejus
756 2823 865 2855 muni-
