1860 3228
585 79 769 118 COELII
795 78 875 116 AD
901 77 1269 116 CICERONEM.
1570 87 1642 123 199

214 183 291 225 tibi
314 183 437 226 dico:
468 183 501 225 si
525 184 724 225 omnibus
756 181 880 222 rebus
915 190 1109 236 prement
1129 180 1378 233 Curionem,
1402 182 1546 225 Caesar
1567 187 1640 227 de-

209 240 430 283 fendetur:
474 241 557 281 27si
602 241 922 281 intercessorem
961 238 1094 292 (quod
1136 238 1350 289 videntur)
1389 240 1638 283 reformida-

208 299 323 350 rint;
356 298 517 348 Caesar,
548 297 688 352 quoad
727 295 854 345 volet,
889 294 1094 335 manebit.
1154 294 1295 340 Quam
1330 297 1511 351 quisque
1544 312 1637 339 sen-

208 356 384 396 tentiam
409 354 580 403 dixerit,
603 354 644 394 in
667 351 977 394 commentario
999 362 1064 391 est
1091 366 1228 392 rerum
1261 353 1515 393 urbanarum
1538 371 1548 405 3
1581 370 1636 396 ex

206 426 292 467 quo
316 422 375 463 tu,
397 425 493 466 quae
515 411 646 465 digna
668 420 781 459 sunt,
804 409 949 465 selige.
978 408 1113 449 multa
1146 410 1291 459 transi,
1317 410 1356 449 in
1393 410 1540 464 primis
1573 410 1636 452 lu-

205 469 356 510 dorum
394 466 679 523 explosiones,
719 468 811 506 ‘28et
850 465 1061 516 funerum,
1098 475 1142 506 et
1179 466 1436 522 ineptiarum
1474 478 1634 508 cetera-

204 539 312 566 rum.
334 523 454 581 plura
475 524 606 564 habet
627 522 761 564 utilia.
824 522 1022 578 Denique
1045 522 1156 564 malo
1178 523 1221 563 in
1249 524 1360 564 hanc
1381 532 1544 579 partem
1569 538 1634 565 er-

202 596 307 632 rare,
330 591 389 632 ut,
412 595 509 636 quae
540 595 626 621 non
656 580 884 630 desideras,
914 579 1074 630 audias,
1097 594 1224 634 quarn
1246 580 1495 635 quidquam,
1517 582 1631 637 quod

200 653 307 694 opus
335 646 414 688 est,
437 638 804 693 praetermittatur.
864 635 963 677 Tibi
987 650 1100 677 curae
1122 636 1252 678 fuisse
1273 638 1326 678 de
1348 638 1534 679 Sittiano
1557 653 1629 680 ne·
1644 643 1759 680 p.122.

199 695 334 751 gotio,
371 695 552 750 gaudeo.
613 694 711 745 Sed,
746 696 926 749 29quum
960 693 1202 749 suspicaris,
1225 694 1365 735 minus
1395 705 1511 736 certa
1546 694 1671 738 fidea·

197 765 269 793 eos
291 751 369 793 tibi
394 751 534 803 visos3
567 760 784 806 tamquam
808 758 1073 807 procurator,
1096 751 1156 792 sic
1178 766 1295 807 agaS,
1316 766 1438 808 rogo.

709 840 1112 878 ARGUMENTUM.
1642 843 1691 881 12

196 903 367 946 Queritur
394 905 437 940 de
455 905 569 952 Appii
599 903 745 940 Claudii
773 906 925 940 censoris
953 905 1098 951 ingrato
1127 905 1248 940 animo
1275 909 1309 940 et
1337 903 1493 951 injuriis,
1523 919 1627 954 quem

245 968 323 992 cum
341 958 604 992 accusationem
622 958 784 1004 cogitare
810 957 1048 1004 comperisset,
1069 958 1275 997 antevertit,
1296 962 1330 993 et
1359 959 1475 1006 ipsum
1499 964 1625 1007 postu-

245 1008 336 1044 lavit
354 1009 430 1056 lege
451 1007 652 1044 Scantinia.

572 1074 812 1117 COELIUS
847 1074 1169 1127 CICERONI,
1201 1075 1245 1116 S.

193 1130 409 1184 PUDET
430 1156 498 1183 me
532 1143 610 1183 tibi
645 1141 856 1192 confiteri,
879 1152 922 1183 et
943 1143 1062 1196 queri
1096 1142 1148 1182 de
1172 1141 1318 1198 Appii,
1340 1142 1528 1185 hominis
1560 1145 1626 1186 in-

190 1199 439 1256 gratissimi,
475 1199 657 1254 injuriis,
691 1199 763 1253 qui
800 1213 868 1239 me
906 1199 1060 1249 odisse,
1090 1199 1192 1253 quia
1224 1213 1381 1254 magna
1413 1200 1519 1242 mihi
1552 1202 1626 1242 de-

191 1257 322 1298 bebat
350 1259 389 1286 30
403 1256 624 1306 beneficia,
658 1255 820 1310 coepit:
853 1263 911 1305 et,
947 1270 1045 1295 cum
1077 1254 1209 1295 homo
1243 1270 1409 1306 avarus,
1441 1259 1544 1298 31ut
1575 1273 1628 1299 ea

189 1314 385 1363 solveret,
409 1312 490 1353 sibi
524 1312 732 1367 imperare
762 1326 850 1352 non
887 1322 1046 1368 posset,
1075 1311 1292 1353 occultum
1328 1313 1485 1354 bellum
1517 1315 1626 1356 mihi

188 1370 372 1411 indixit:
406 1369 466 1409 ita
494 1369 712 1410 occultum
747 1378 903 1419 tamen,
936 1378 982 1409 ut
1016 1368 1141 1409 multi
1176 1369 1282 1410 mihi
1315 1371 1628 1424 renuntiarent,

186 1435 230 1468 et
259 1427 350 1482 ipse
380 1425 505 1467 facile
540 1426 936 1476 animadverterem,
959 1426 1068 1466 male
1100 1440 1196 1466 eum
1231 1426 1283 1467 de
1317 1441 1384 1468 me
1416 1429 1624 1483 cogitare.

189 1483 476 1538 Posteaquam
493 1497 592 1524 vero
609 1483 814 1538 comperi,
833 1497 931 1523 eum
950 1485 990 1513 32
1001 1481 1229 1538 collegium
1250 1492 1449 1535 tentasse,
1468 1485 1623 1527 deinde

185 1551 331 1597 aperte
353 1554 450 1582 curn
476 1539 732 1595 quibusdam
756 1539 973 1584 locutum:
1006 1554 1104 1581 cum
1130 1539 1178 1580 L.
1203 1539 1416 1592 Domitio,
1441 1552 1487 1582 ut
1507 1557 1622 1585 nunc

184 1607 264 1649 est,
283 1597 388 1637 mihi
412 1597 709 1637 inimicissimo
728 1595 918 1648 homine,
936 1597 1192 1638 deliberare:
1217 1597 1323 1637 velle
1344 1597 1427 1638 hoc
1445 1613 1623 1641 munus-

184 1655 328 1696 culum
351 1653 514 1695 deferre
549 1653 630 1694 Cn.
656 1653 891 1710 Pompeio:
925 1656 965 1684 33
981 1654 1120 1710 ipsum
1143 1663 1189 1694 ut
1212 1654 1479 1709 prenderem,
1501 1666 1544 1697 et
1565 1658 1621 1699 ab

183 1725 234 1752 eo
256 1711 506 1767 deprecarer
530 1710 747 1765 injuriam,
769 1725 894 1765 quem
922 1711 1052 1751 vitam
1084 1710 1190 1751 mihi
1221 1711 1376 1752 debere
1409 1722 1619 1768 putarem,

182 1769 411 1825 impetrare
432 1782 457 1808 a
477 1782 546 1808 me
568 1782 654 1808 non
679 1768 813 1822 potui.
875 1767 993 1814 Quid
1015 1781 1118 1823 ergo
1137 1770 1226 1809 est?
1256 1770 1297 1798 34
1309 1767 1420 1809 Tum
1443 1770 1617 1825 quidem

182 1840 279 1867 cum
302 1824 467 1880 aliquot
488 1824 652 1875 amicis,
673 1824 745 1879 qui
771 1832 898 1865 testes
935 1834 1057 1866 erant
1087 1838 1280 1866 meorum
1306 1825 1351 1866 in
1381 1825 1501 1867 illum
1529 1843 1619 1870 me-

221 1968 260 2000 27
282 1966 310 1996 .ςὶ
326 1962 871 2004 intercessorem—reformidai-int]

180 2007 225 2039 Et
239 2018 311 2039 eam
328 2008 369 2037 ob
386 2016 518 2037 causam
536 2007 581 2036 nil
598 2006 810 2037 decreverint.

221 2052 261 2082 28
283 2048 360 2089 ets.
377 2053 407 2079 et
422 2049 623 2089 ineptiarum
645 2048 719 2088 cet]
744 2048 877 2079 Excidit

178 2092 434 2127 substantivum,
461 2091 527 2121 sive
553 2090 728 2129 legendnm
754 2095 872 2121 cetera.

179 2142 257 2164 nam
281 2134 473 2173 explosiones
496 2132 545 2162 his
571 2142 638 2163 non
660 2133 873 2163 conveniunt.

179 2175 299 2206 Graevii
321 2176 493 2210 correctio,
509 2179 541 2204 ec
555 2178 740 2204 ceterarum
758 2176 875 2214 inepti-

178 2227 278 2248 arum
288 2219 405 2258 plura.
424 2217 518 2246 habet
540 2221 572 2247 et
592 2217 699 2246 utilia.
717 2226 784 2247 non
806 2217 876 2257 pla-

178 2265 232 2290 cet
245 2260 336 2290 satis.

220 2305 260 2336 29
282 2311 384 2341 quum
398 2301 574 2340 suspicaris
598 2300 673 2340 &c.]
698 2299 872 2340 Quomodo

175 2345 352 2384 suspicaris
366 2344 531 2374 consentit
545 2353 620 2373 cum
643 2348 798 2382 sequente
815 2344 872 2373 tibi

175 2387 256 2416 visos
270 2387 286 2416 ?
307 2386 378 2416 haec
401 2395 468 2416 non
487 2385 627 2425 suspicio
643 2385 715 2423 jam
740 2390 802 2421 est,
817 2385 873 2415 sed

168 2427 343 2467 judicium.
368 2428 517 2459 Pertinet
530 2432 641 2458 autem
656 2427 698 2457 ad
711 2436 779 2463 ece,
792 2437 871 2466 quos

175 2471 309 2501 miserat
336 2480 412 2501 cum
442 2469 640 2509 syngrapha,
671 2470 711 2501 ad
739 2470 871 2507 exigen-

175 2512 251 2543 dam
266 2513 459 2552 pecuniam:
483 2522 535 2551 ep.
552 2515 582 2542 8.
596 2517 681 2542 extr.
718 2511 873 2550 Suspicor

175 2554 399 2585 scribendum:
423 2554 564 2594 quando,
579 2559 618 2584 ut
633 2554 704 2585 edd.
720 2553 871 2592 quaedarn

176 2599 257 2628 vett.
286 2597 439 2636 sarpa-m:
469 2596 546 2626 huic
575 2597 751 2636 respondet
774 2594 869 2632 illud,

172 2641 344 2678 tamquam
363 2643 562 2678 procurator
583 2639 630 2669 sie
659 2639 724 2679 (vel
746 2637 802 2675 sis)
829 2647 866 2667 a-

170 2689 245 2718 gas,
259 2689 349 2719 rogo,
368 2681 393 2711 i.
408 2691 437 2711 e.
454 2682 521 2721 ipse
544 2680 670 2721 suscipe
691 2689 867 2721 personam

170 2725 204 2751 et
221 2731 338 2752 munus
354 2723 574 2762 procuratoris
590 2723 666 2760 mei,
679 2728 719 2753 ut
733 2732 783 2754 res
797 2731 866 2752 cer-

175 2768 211 2794 ta
224 2762 287 2794 fide
301 2769 430 2803 agatur.

213 2807 254 2836 30
277 2805 441 2848 beneficia]
458 2816 502 2838 sc.
518 2806 552 2840 in
567 2806 707 2848 pecunia
720 2805 855 2837 credita.

959 1967 996 1995 31
1022 1969 1060 1995 ut
1078 1974 1117 1995 ea
1139 1965 1288 2006 solveret]
1310 1967 1502 2005 Pecuniam,
1518 1978 1617 2008 quam

917 2005 1026 2079 depe&
1041 2017 1115 2047 quae
1133 2007 1215 2038 latet
1236 2009 1271 2037 in
1285 2009 1382 2039 verbo
1406 2010 1569 2050 beneficia.
1585 2022 1616 2043 v.

919 2058 951 2078 in
970 2059 1014 2080 ra.

959 2093 1000 2121 32
1022 2092 1195 2130 collegium
1217 2091 1369 2131 tentasse]
1395 2093 1542 2125 Graevius
1559 2106 1614 2126 vo-

918 2131 1004 2163 lebat
1020 2135 1191 2172 collegam,
1208 2143 1253 2163 sc.
1269 2133 1307 2164 L.
1323 2134 1474 2165 Pisonem
1492 2137 1616 2168 Censo-

919 2185 999 2205 rem.
1043 2176 1106 2206 Sed
1128 2180 1162 2206 et
1184 2174 1266 2206 illud
1289 2181 1430 2215 rectum,
1446 2182 1480 2210 et
1503 2181 1615 2219 exqui-

917 2218 1011 2247 sitius
1026 2222 1087 2248 est.

956 2261 996 2289 33
1019 2260 1125 2299 ipsam
1140 2259 1420 2299 reprehenderem]
1448 2261 1521 2293 Hoc
1543 2264 1614 2295 sine

914 2300 1013 2331 dubio
1036 2302 1189 2332 vitiosum
1213 2307 1273 2332 est.
1318 2301 1448 2333 Excidit
1469 2305 1612 2344 primum

914 2346 973 2372 ut:
1007 2343 1123 2374 deinde
1160 2344 1426 2383 reprehenderem
1460 2347 1611 2386 ineptum

915 2389 977 2416 est.
1021 2385 1110 2417 Bene
1132 2386 1165 2416 J.
1182 2386 1217 2416 F.
1234 2386 1430 2423 Gronovius,
1444 2388 1552 2427 ipsam
1574 2394 1614 2419 ut

910 2427 1119 2466 prenderem,
1132 2428 1279 2467 corrigit,
1297 2429 1456 2468 probante
1469 2430 1610 2464 Graevio.

907 2470 1070 2508 prendere
1091 2481 1150 2510 pro
1173 2479 1338 2510 prensare,
1354 2480 1480 2509 rogare,
1498 2477 1534 2502 ut
1556 2483 1610 2503 su.

916 2520 973 2550 pra
995 2522 1046 2552 ep.
1068 2515 1115 2544 11.
1160 2512 1241 2543 Mox
1265 2522 1392 2552 semper
1416 2514 1528 2551 putavi
1551 2525 1611 2554 pro

907 2557 1072 2593 putaram
1089 2565 1106 2585 e
1123 2554 1291 2585 latinitate
1314 2554 1489 2593 legendum
1507 2561 1611 2595 puta-

913 2605 995 2626 rem.
1015 2596 1217 2638 Reperijam
1231 2601 1265 2626 et
1279 2598 1313 2627 in
1328 2596 1398 2626 edd.
1416 2595 1513 2627 Rom.
1524 2598 1607 2630 Ven.

951 2683 993 2711 34
1017 2680 1055 2711 T.
1072 2691 1105 2720 q.
1130 2682 1253 2722 aliquot
1270 2679 1398 2719 amicis]
1423 2679 1497 2711 edd.
1522 2686 1606 2714 vett.

909 2731 984 2752 cam
1002 2724 1127 2762 aliquot
1150 2732 1218 2754 am.
1242 2727 1277 2754 et
1295 2722 1340 2752 sic
1355 2731 1454 2762 supra
1475 2728 1526 2754 est
1547 2723 1608 2761 hac

908 2764 979 2804 ipsa
992 2764 1143 2805 epistola.
1597 2762 1599 2764 ’

850 2853 928 2889 04
