1903 3218
430 108 509 146 AD
535 109 578 147 c,
613 98 872 146 CAs'sstJM
894 94 976 143 ἘΤ
1002 93 1190 142 Amos,
1457 105 1535 141 29⁹

98 212 287 254 hominis
315 213 489 268 impuri,
510 221 553 253 et
578 210 799 253 ‘servitutis
821 208 943 250 dolor
960 206 1174 263 'depulsus
1200 219 1291 246 esse
1314 204 1534 248 videatur:

101 270 343 325 respublica
370 271 514 323 jaceat
550 270 590 309 in
625 268 688 308 his
722 265 1133 322 perturbationibuS,
1156 262 1199 302 in
1224 276 1328 316 quas
1353 275 1446 302 eam
1470 263 1537 302 ille

93 327 304 382 conjecit.
367 325 478 368 Haec
499 324 644 366 omnia
668 325 790 365 vobis
821 332 920 363 sunt
941 319 1225 377 expedienda.
1257 333 1335 358 nec
1358 318 1441 359 hoc
1466 333 1537 359 co-

103 384 345 439 gitandum,
370 384 480 426 satis·
499 382 592 436 jam
625 381 782 421 habere
812 378 1168 435 rempublicamsa
1192 375 1329 438 vobis.
1391 374 1581 416 Habetb.

100 440 172 480 illa
202 440 373 495 quidem
407 449 592 489 tantum,
622 447 830 493 quantum
865 449 1098 491 numquam
1131 432 1234 473 mihi
1271 446 1313 472 m
1353 444 1539 496 mentem

107 497 226 538 venit
257 510 438 552 optat-03
479 495 550 536 sed
587 505 791 535 contenta
823 509 906 534 non
939 503 1018 543 est,
1048 502 1105 542 et,
1139 504 1214 546 pro
1246 490 1543 554 magnitudine

104 564 147 593 et
190 554 320 594 animi
355 563 407 593 et
453 552 647 593 beneficii
691 551 853 601 vestri,
881 566 905 591 a
948 550 1068 590 vobis
1113 562 1268 603 magna
1316 546 1543 610 tles1flerat.

104 609 260 652 Adhuc
292 609 379 650 ulta
410 623 508 650 suas
530 609 706 664 injurias
736 620 802 649 est
831 622 909 663 per
938 621 1027 657 vos,
1050 606 1226 646 interitu
1251 615 1448 658 tyranni:
1482 617 1545 642 nr-

106 666 168 708 hil
207 666 430 722 amplius.·
467 665 732 707 Ornamenta
772 679 871 706 vero
914 679 990 705 sua
1023 660 1450 718 quae-recuperavit?
1485 673 1547 722 ‘an

106 723 221 778 quod
244 724 281 763 ci
307 733 476 763 mortuo
503 733 635 779 paret,
652 737 778 778 quem
798 722 942 762 vivum
966 721 1075 762 ferre
1094 734 1178 760 non
1200 719 1394 775 poterat?
1425 731 1548 770 cujus

110 794 195 820 aera
225 779 403 835 refigere
437 780 715 830 debebamus,
748 780 840 834 ejus
872 780 1000 819 etiam
1036 775 1326 832 chirographa
1355 773 1550 833 defendi7

109 839 236 877 mus?
296 838 353 877 At
377 837 490 877 enirn
515 838 574 877 ita
599 837 880 879 decrevimus.
943 835 1140 876 Fecimus
1164 834 1206 874 id
1231 831 1420 886 quidem,
1444 841 1551 871 tem-

111 893 289 949 poribus
320 894 535 944 cedentes,
558 908 655 948 quae
685 894 825 934 valent
857 894 899 934 in
931 891 1150 948 republica
1190 890 1447 946 plurimum:
1480 887 1552 928 sed

113 950 393 991 immoderate
424 951 597 1005 quidam
622 961 665 991 et
691 952 858 1006 ingrate
888 960 1035 990 nostra
1066 948 1273 989 facilitate
1302 947 1553 1008 abutuntur.

115 1006 276 1047 Verum
310 1007 403 1048 hacc
435 1007 684 1063 propediem
715 1019 758 1048 et
788 1008 924 1048 multa
954 1007 1036 1047 alia
1065 1019 1225 1046 coram.
1287 1001 1464 1043 Interim
1495 1015 1557 1042 sue

114 1063 192 1103 tibi
218 1059 618 1119 per·suadea÷,'111il1i
651 1080 749 1105 cum
781 1064 1046 1119 reipublicae,
1068 1077 1196 1117 quam
1228 1074 1394 1115 semper
1425 1059 1556 1100 habui

115 1134 395 1171 carissimam,
428 1130 517 1161 tum
553 1123 712 1162 amoris
744 1121 876 1162 nostri
909 1135 1050 1170 causa,
1079 1121 1281 1160 rnaximae
1319 1131 1434 1158 curae
1467 1129 1558 1157 esse

118 1186 237 1218 tuam
259 1178 534 1233 dignitatem.
599 1177 666 1218 Da
687 1193 877 1234 operam,
900 1187 947 1218 ut
971 1177 1123 1217 valeas.

636 1248 1042 1298 ARGUMENTUM.
1328 1305 1337 1308 ἢ
1575 1272 1602 1308 2

118 1321 307 1359 Invehitur
329 1325 365 1359 in
383 1322 538 1390 ᾼηέονιὶὶ
564 1321 1081 1411 ὶνηνηοᾱεναὲιέζέγζὶῗξεηίὶᾱηι,
1099 1323 1223 1370 reique
1247 1318 1408 1370 publiea?>
1424 1326 1566 1357 statum

450 1435 518 1477 M.
541 1434 592 1476 Τ.
614 1435 666 1477 C.
701 1436 753 1477 C.
778 1435 996 1486 CASSIO
1033 1435 1077 1476 S.
1103 1435 1153 1476 P.
1180 1435 1238 1476 D.

123 1489 578 1544 VEHEMENTER
599 1503 738 1554 laetor,
762 1505 840 1545 tibi
864 1503 1034 1560 probari
1064 1503 1321 1544 sententiam
1345 1512 1388 1544 et
1409 1504 1570 1545 oratio-

125 1575 224 1602 nem
249 1574 412 1610 meam;
445 1564 530 1615 qua
552 1560 585 1600 si
606 1561 763 1616 saepius
786 1561 848 1601 uti
872 1561 1034 1612 liceret,
1054 1558 1165 1600 nihil
1183 1570 1293 1600 esset
1317 1562 1496 1616 negotii,
1519 1561 1569 1602 li-

128 1619 340 1659 bertatem
362 1626 406 1657 et
436 1617 746 1672 rempublicam
778 1618 1031 1674 reciperare.
1091 1617 1173 1657 Sed
1202 1617 1331 1657 homo
1358 1632 1504 1658 amens
1528 1626 1570 1659 et

129 1674 340 1731 perditus,
358 1673 578 1728 multoque
599 1674 794 1729 nequior,
811 1689 938 1729 quam
966 1675 1032 1715 ille
1055 1674 1159 1728 ipse,
1179 1689 1306 1729 quem
1330 1685 1373 1715 tu
1400 1676 1571 1730 nequis-

103 1733 285 1780 simum
317 1731 508 1772 occisum
543 1744 634 1770 esse
667 1731 833 1782 dixisti,
874 1731 1005 1772 caedis
1039 1731 1208 1771 initium
1250 1732 1430 1786 quaerit:
1479 1731 1572 1772 nul-

128 1788 300 1843 lamque
332 1787 456 1828 ali'am
489 1787 545 1827 ob
580 1802 769 1837 causam,
792 1802 858 1828 me
892 1799 1112 1828 auctorem
1138 1786 1269 1828 fuisse
1293 1787 1477 1829 Caesaris
1508 1789 1572 1832 ine·

132 1844 389 1895 terficiendi,
417 1844 684 1895 criminatur,
710 1845 807 1895 nisi,
839 1855 886 1885 ut
916 1846 957 1885 in
996 1859 1063 1886 me
1096 1847 1285 1886 veterani
1322 1846 1572 1887 incitentur.

133 1901 263 1949 Quod
298 1915 380 1956 ego
417 1900 653 1957 periculum
689 1916 773 1942 non
817 1903 1084 1943 extimesco:
1132 1903 1262 1943 modo
1299 1903 1426 1943 vestri
1471 1904 1575 1945 facti

133 1959 315 2015 gloriam
352 1972 448 1999 cum
495 1972 589 1998 mea
630 1959 753 1999 laude
802 1961 1109 2000 communicet.
1179 1958 1247 1999 Ita
1288 1974 1368 2000 nec
1410 1959 1576 2012 Pisoni,

134 2015 209 2071 qui
248 2016 289 2055 in
328 2029 426 2056 eum
464 2015 626 2071 primus
660 2016 855 2056 invectus
893 2026 972 2066 est,
1011 2015 1126 2056 nullo
1162 2017 1452 2067 assentiente3
1498 2032 1576 2059 nec

137 2072 261 2122 mihi,
291 2073 365 2127 qui
404 2072 517 2112 idem
558 2072 776 2113 tricesimo
816 2082 914 2128 post
943 2073 1012 2114 die
1043 2072 1152 2123 feci;
1184 2087 1262 2114 nec
1295 2073 1345 2113 P.
1378 2073 1575 2126 Servilio,

137 2130 210 2184 qui
235 2143 303 2169 me
327 2137 391 2169 est
419 2139 692 2179 consecutus,
714 2139 809 2170 tuto
841 2130 881 2169 in
910 2139 1104 2171 senatum
1126 2130 1271 2170 venire
1299 2130 1416 2171 licet.
1477 2131 1576 2174 Cae·

138 2187 236 2226 dem
259 2187 372 2226 enim
408 2186 621 2241 gladiator
651 2187 822 2240 quaerit,
843 2187 1022 2242 ejusque
1044 2187 1214 2227 initium
1236 2202 1274 2228 a.
1298 2188 1339 2229 d.
1364 2202 1463 2230 xnl
1490 2189 1707 2235 Ka-p.1ss4·

138 2242 252 2283 lend.
288 2241 449 2283 Octob.
481 2257 506 2282 a
535 2257 604 2283 me
637 2256 681 2283 se
714 2243 924 2284 facturum
959 2245 1143 2300 putavit.
1202 2243 1264 2285 At
1295 2260 1424 2300 quam
1457 2248 1620 2302 para-²¹·

141 2308 211 2340 tus
235 2307 422 2350 venerat,
445 2313 542 2340 cum
566 2300 610 2340 in
634 2299 732 2345 ,villa
751 2300 918 2341 Metelli
942 2301 1183 2357 complures
1205 2302 1295 2343 dies
1316 2314 1583 2344 commenta-

143 2365 212 2397 tus
235 2357 371 2398 esset!
433 2356 546 2404 Quae
583 2367 726 2398 autem
761 2357 804 2397 in
834 2357 976 2398 lustris
1007 2369 1049 2399 et
1069 2359 1110 2399 in
1141 2360 1241 2400 vino
1271 2361 1581 2401 commentatio

145 2415 289 2470 potuit
310 2416 431 2455 esse?
493 2413 646 2468 Itaque
669 2415 869 2455 omnibus
891 2425 954 2456 est
974 2417 1104 2466 visus,
1125 2425 1170 2456 ut
1193 2417 1244 2457 ad
1269 2426 1310 2457 te
1334 2427 1459 2457 antea
1482 2418 1584 2458 scri-

147 2471 228 2526 psi,
254 2484 424 2510 vomere
451 2485 528 2511 suo
554 2485 686 2522 more,
709 2485 793 2511 non
816 2472 973 2513 dicere.
1033 2473 1194 2524 Quare,
1216 2474 1329 2529 quod
1354 2475 1518 2524 scribis,
1543 2484 1585 2515 te

148 2526 380 2578 confidere,
409 2529 668 2568 auctoritate
701 2537 743 2568 et
779 2528 1025 2584 eloquentia
1062 2543 1207 2571 nostra
1240 2531 1399 2586 aliquid
1433 2531 1584 2586 profici

149 2598 298 2639 posse:
331 2584 543 2635 nonnihil,
560 2594 606 2625 ut
627 2586 670 2625 in
691 2586 821 2628 tantis
841 2587 978 2637 malis,
996 2597 1059 2627 est
1076 2586 1331 2642 profectum.
1375 2586 1586 2644 Intelligit.

151 2641 264 2680 enim
302 2638 488 2697 ‘populus
532 2641 768 2692 Romanus,
809 2655 890 2683 tres
928 2658 1018 2685 esse
1058 2645 1314 2695 consulares,
1349 2645 1439 2699 qui,
1471 2646 1586 2700 quia,

150 2699 170 2727 4
195 2706 292 2752 quae
313 2698 366 2738 de
389 2698 608 2754 republica
629 2700 736 2741 bene
757 2702 980 2752 senserint,
1001 2701 1132 2741 libere
1151 2701 1280 2743 locuti
1305 2701 1403 2752 sint,
1427 2713 1522 2743 tuto
1544 2703 1589 2744 in

197 2813 219 2841 4
240 2810 324 2850 quoe]
342 2811 489 2841 Graevius
510 2812 610 2849 tacite
625 2812 748 2843 omisit.
769 2801 857 2844 “Sed
899 2806 975 2844 dere
989 2814 1086 2844 debet
1107 2815 1174 2853 qui,
1190 2814 1280 2853 quia,
1295 2823 1365 2854 quae
1377 2828 1386 2843 :
1410 2820 1488 2848 sunt
1502 2816 1593 2848 simi-

153 2851 186 2891 ῥὰ
201 2852 310 2884 abesse
324 2862 390 2883 non
412 2857 617 2893 potest-”nm
632 2854 731 2885 nimis
745 2854 848 2886 offen.
889 2855 946 2886 lia'
958 2867 1011 2897 ap.
1030 2855 1239 2894 Ciceronem,
1256 2860 1295 2886 ut
1312 2857 1386 2896 jam
1408 2867 1508 2900 supra.
1521 2868 1592 2890 mo-
