1817 3196
195 2222 252 2259 20

236 91 308 127 113
616 90 792 130 EPIST.
820 92 1001 130 LIBER
1026 91 1290 132 QUINTUS

732 211 966 253 CICERO
1000 212 1181 254 RUFO.

244 263 389 318 ETSI
413 277 516 318 mihi
540 292 774 332 numquam
796 279 974 320 dubium
999 279 1096 329 fuit,
1105 281 1220 343 'quin
1245 278 1324 320 tibi
1346 291 1481 319 essem
1504 274 1671 318 carissi-

240 349 361 386 mus;
385 343 525 375 tamen
545 335 738 390 quotidie
757 337 893 390 mauis
914 337 952 376 id
977 337 1211 392 perspicio:
1235 346 1460 389 exstatque
1481 334 1537 384 id,
1555 331 1670 387 quod

240 390 348 432 mihi
370 392 614 432 ostenderas
637 391 892 445 quibusdam
916 393 1082 443 litteris,
1114 392 1196 433 hoc
1228 402 1267 433 te
1299 391 1597 432 studiosiorem
1629 389 1671 429 in

241 462 311 488 me
332 448 510 488 colendo
534 447 638 497 fore,
661 462 789 501 quam
807 448 850 487 in
871 448 1094 502 provincia
1116 448 1280 498 fuisses,
1303 449 1418 500 (etsi,
1444 461 1536 488 meo
1552 445 1673 501 judi·

243 505 326 555 cio,
350 504 453 545 nihil
477 504 528 544 ad
553 512 672 543 tuum
695 503 958 559 provinciale
980 504 1171 545 officium
1194 506 1290 546 addi
1317 506 1491 560 potest‚)
1514 518 1598 566 quo
1623 501 1672 542 li-

244 560 614 615 beriusjutliciuin
638 574 727 600 esse
752 571 894 616 posset
918 570 1053 601 tuum.
1117 561 1266 615 Itaque
1287 577 1352 602 mc
1374 572 1415 602 et
1438 560 1675 616 superiores

243 617 397 658 litterae
422 626 507 657 tuae
530 617 761 657 admodum
784 617 1119 667 delectaveiunt‚
1141 619 1295 672 quibus
1317 627 1360 658 et
1380 626 1679 673 exspectatum

244 688 388 714 meum
410 673 641 714 adventurn
665 675 739 714 abs
763 684 804 714 te
826 683 1018 715 amanter
1040 675 1253 724 videbam,
1276 683 1332 724 et,
1354 690 1451 715 cum
1471 675 1592 715 aliter
1615 686 1678 713 res

245 730 471 772 cecidisset
493 746 541 770 ac
565 740 771 793 putasses,
796 739 836 770 te
860 745 954 771 meo
974 731 1153 772 consilio
1174 745 1434 794 magnopere
1451 745 1542 772 esse
1561 730 1681 771 laeta-

248 799 365 828 tum:
388 797 431 827 et
454 786 518 827 his
544 787 752 841 proximis
775 786 927 827 litteris
949 802 1153 843 magnum
1176 802 1271 843 cepi
1295 787 1482 828 fructum
1504 786 1680 841 etjudi-

249 844 304 884 cii
328 852 372 883 et
402 842 534 883 officii
568 843 657 893 tui3
691 843 864 898 judicii,
896 844 1010 898 quod
1021 822 1253 899 &intelligm
1286 853 1341 894 te,
1373 844 1413 884 id
1446 844 1559 898 quod
1591 857 1683 883 om-

249 914 323 940 nes
347 899 478 939 fortes
500 914 549 939 ac
573 875 674 939 borii
699 914 776 940 vui
801 900 940 940 facere
962 900 1133 951 debent,
1157 901 1261 941 nihil
1287 911 1436 956 putare
1456 899 1559 940 utile
1576 913 1682 950 esse,

252 956 332 998 nisi
355 956 470 1011 quod
494 965 658 996 rectum
681 956 995 1011 honestumque
1017 958 1097 1010 sit;
1129 958 1278 1008 officii,
1300 957 1414 1013 quod
1439 966 1479 997 te
1502 970 1686 1006 mecum,

250 1012 553 1076 quodcumque
583 1013 792 1068 cepissem
824 1013 1008 1065 consilii,
1041 1015 1251 1069 polliceris
1284 1013 1401 1055 forze
1434 1029 1519 1069 quo
1549 1026 1687 1067 neque

249 1069 358 1111 mihi
399 1069 576 1125 gratim,
615 1084 767 1125 neque,
804 1079 851 1110 ut
882 1085 964 1126 ego
998 1072 1196 1121 arbitror,
1236 1071 1314 1110 tibi
1346 1071 1566 1111 honestius
1597 1083 1689 1110 esse

251 1128 486 1182 quidquam
511 1136 668 1182 potest.
731 1126 845 1167 Mihi
869 1127 1097 1168 consilium
1120 1136 1341 1182 captum
1333 1126 1493 1167 iamdiu
1515 1136 1603 1167 est:
1635 1125 1688 1166 de

233 1198 339 1248 ,quo
361 1183 413 1224 ad
437 1192 492 1234 te,
525 1197 610 1224 non
641 1198 726 1247 quo
753 1183 954 1225 celandus
984 1199 1110 1235 esses,
1140 1184 1246 1224 nihil
1274 1183 1422 1239 scripsi
1448 1193 1587 1233 antea,
1616 1182 1689 1223 sed

253 1241 355 1296 quia
375 1240 714 1281 communicatio
736 1241 919 1292 consilii,
951 1241 1023 1281 tali
1057 1250 1264 1304 tempore,
1294 1244 1414 1295 quasi
1437 1243 1476 1274 13
1490 1239 1690 1295 quaedam

253 1297 492 1341 admonitio
515 1297 682 1338 videtur
703 1312 793 1338 esse
815 1298 963 1348 officii,
987 1298 1052 1338 vel
1077 1298 1218 1353 potius
1236 1297 1491 1353 efflagitatio
1513 1297 1564 1337 ad
1588 1296 1691 1337 co'e-

254 1355 414 1396 undam
446 1354 696 1394 societatem
721 1355 785 1395 vel
818 1354 1010 1410 periculi,
1043 1355 1108 1396 vel
1140 1354 1311 1395 labmis.
1373 1353 1484 1394 Cum
1511 1368 1610 1394 vero
1642 1367 1693 1393 ea

257 1422 331 1452 tua
353 1411 407 1452 sit
432 1411 642 1461 voluntas,
666 1411 924 1462 humanitas,
948 1411 1239 1452 benivolentia
1266 1425 1367 1466 erga
1397 1424 1479 1459 me,
1510 1410 1693 1450 libenter

256 1467 495 1524 amplector
518 1467 646 1508 talem
669 1469 884 1509 animum:
919 1468 991 1508 sed
1020 1467 1079 1508 ita
1110 1472 1216 1520 (non
1239 1468 1353 1508 enim
1376 1467 1591 1507 dimittam
1616 1481 1695 1522 pu-

256 1525 437 1566 dorem
429 1539 470 1565 in
495 1524 686 1579 rogando
711 1527 874 1574 meum)
907 1525 941 1565 si
965 1524 1115 1565 feceris
1145 1524 1201 1574 id,
1232 1524 1345 1579 quod
1370 1523 1574 1574 ostendis,
1605 1537 1696 1563 ma·

258 1596 400 1646 gnam
410 1581 581 1622 habebo
599 1581 805 1637 oratiam:
830 1582 864 1621 si
888 1596 971 1622 non
996 1580 1189 1631 feceris,
1182 1595 1426 1637 ignoscam:
1450 1590 1492 1620 et
1514 1580 1694 1620 alterum

259 1639 420 1689 timoii,
455 1616 634 1678 alterum
676 1638 781 1678 mihi
820 1648 861 1678 te
895 1652 1050 1702 negare
1089 1653 1174 1678 non
1214 1638 1403 1693 potuisse
1438 1637 1694 1677 arbitrabor

261 1694 341 1737 Est
361 1695 475 1736 enim
500 1709 564 1734 ies
599 1694 792 1750 profecto
824 1710 1028 1736 maxima.
1060 1695 1162 1749 quid
1196 1704 1359 1735 rectum
1392 1694 1462 1744 sit,
1489 1701 1695 1758 apparet.

260 1752 364 1807 quid
385 1752 604 1807 expediat,
627 1753 857 1793 obscurum
880 1761 968 1792 est:
993 1753 1052 1792 ita
1071 1762 1228 1801 tamen,
1248 1762 1310 1801 ut,
1333 1752 1364 1791 si
1389 1765 1466 1791 nos
1487 1751 1514 1790 ir
1536 1764 1696 1801 sumus,

261 1824 335 1864 qui
358 1823 448 1849 esse
469 1809 692 1872 debemuS,
716 1809 757 1849 id
780 1819 859 1858 est,
879 1808 1021 1849 studio
1043 1809 1165 1864 digni
1188 1818 1230 1848 ct
1253 1807 1403 1848 litteris
1427 1807 1597 1857 nostris,
1620 1807 1703 1848 du-

263 1866 401 1906 bitare
425 1880 507 1905 non
531 1865 758 1920 possimus,
783 1866 886 1921 quin
910 1880 959 1905 ea
981 1867 1168 1905 maxime
1197 1865 1456 1914 conducant,
1479 1879 1574 1918 quae
1599 1872 1699 1904 sunt

262 1922 513 1963 rectissima.
547 1923 692 1968 Quare
712 1933 772 1973 tu,
792 1923 825 1962 si
844 1922 967 1963 simul
991 1922 1191 1978 placebit,
1214 1922 1359 1962 statim
1381 1922 1432 1962 ad
1454 1936 1522 1962 me
1539 1921 1699 1963 venies.

263 1980 328 2020 sin
361 1982 402 2013 74
416 1979 528 2020 idem
562 1979 764 2035 placebit,
797 1989 926 2034 atque
963 1979 1128 2028 eodem,
1165 1993 1243 2019 nec
1274 1979 1481 2020 continuo
1516 1977 1696 2042 poteris:

262 2036 408 2077 omnia
431 2036 509 2076 tibi
532 2046 579 2076 ut
602 2047 705 2076 nota
725 2036 825 2086 sint,
848 2036 1018 2077 faciam.
1072 2036 1294 2100 Quidquid
1318 2035 1530 2099 statueris,
1552 2043 1595 2075 te
1617 2049 1699 2074 mi-

264 2093 308 2133 hi
341 2093 549 2145 amicum3
592 2093 656 2133 sin
690 2093 732 2134 id
765 2068 880 2148 qu'od
920 2103 1040 2148 opto,
1078 2093 1208 2134 etiam
1244 2092 1550 2134 amicissimum
1578 2091 1699 2146 judi-

265 2150 391 2191 cabo.

783 2222 1185 2260 ARGUMENTUM.

268 2291 427 2328 Excusat
454 2302 491 2326 se
520 2290 630 2339 Rzgfo,
661 2294 835 2338 quaerenti,
859 2304 924 2339 per
943 2292 1097 2332 litteras,
1126 2292 1222 2339 quod
1248 2293 1406 2327 rationes
1430 2291 1626 2338 provinciae
1652 2291 1702 2325 acl

319 2344 500 2383 ‹ev-arium,
521 2354 560 2377 eo
578 2355 649 2377 ηοη
667 2348 883 2391 exspectaw,
904 2344 1098 2380 detulisset.
1138 2344 1259 2392 Ipsam
1278 2345 1371 2378 enim
1389 2343 1443 2377 vel
1461 2343 1589 2378 addita
1608 2353 1702 2389 (μισε-

320 2396 404 2430 dam
422 2394 478 2429 vel
496 2395 690 2430 immutata
710 2397 745 2430 ὶη
765 2397 809 2430 iis
829 2407 965 2443 cupere.
1016 2396 1106 2431 Tota
1125 2400 1176 2431 est
1196 2396 1238 2431 de
1255 2394 1454 2430 rationibus
1473 2397 1508 2429 et
1526 2394 1568 2430 ob
1588 2395 1626 2430 id
1642 2394 1702 2430 ob-

319 2458 438 2488 scura,
457 2447 580 2488 etiam,
600 2448 824 2483 variantibus
844 2447 956 2487 libris,
976 2449 1009 2483 si
1028 2459 1107 2495 quoe
1125 2448 1213 2489 alia,
1232 2451 1373 2482 vexata.

311 2597 351 2628 73
373 2593 519 2635 quoedam
544 2595 634 2625 adm.
657 2595 786 2624 videtur
807 2595 885 2634 esse]
910 2594 962 2625 vi-
1010 2599 1087 2631 ster,
1103 2595 1171 2625 sine
1188 2596 1290 2631 modo,
1314 2594 1399 2634 quod
1419 2594 1527 2634 plures
1549 2594 1622 2625 libri
1644 2604 1715 2627 scr..

270 2635 367 2666 detur
387 2646 455 2667 esse
478 2636 593 2666 debere
615 2637 806 2667 videbatur.-
830 2637 970 2667 refertur
1012 2643 1044 2668 et
1061 2637 1130 2668 edd.
1148 2643 1231 2667 vett.
1254 2636 1389 2667 addunt.
1413 2636 1579 2667 haeserunt
1596 2637 1628 2666 in
1645 2636 1708 2668 hoc

270 2678 359 2708 enim
375 2677 504 2718 proprie
520 2678 560 2708 ad
579 2678 725 2718 superius
744 2685 886 2719 tempus,
903 2689 967 2717 quo
1010 2683 1106 2719 atque
1120 2680 1236 2714 eodem,
1251 2679 1335 2717 quod
1351 2688 1396 2709 sc.
1414 2679 1460 2708 nil
1476 2678 1564 2709 aliud
1578 2688 1645 2709 esse
1660 2679 1707 2708 vi-

271 2720 455 2757 non,dicit,
467 2730 499 2750 se
511 2721 670 2760 scripsisse
685 2721 770 2751 Rufo
780 2720 818 2751 de
831 2721 968 2752 consilio
1011 2721 1144 2757 debant,
1171 2732 1267 2759 quam
1296 2721 1377 2761 illud
1402 2721 1499 2757 idem,
1526 2729 1570 2751 sc.
1596 2721 1643 2751 ire
1665 2721 1707 2751 ad

272 2770 343 2791 suo.
1012 2764 1216 2803 Pompeium,
1253 2763 1395 2802 adeoque
1428 2762 1619 2795 redundare.
1663 2762 1707 2793 Et

315 2806 355 2837 74
371 2804 455 2834 idem
471 2808 568 2845 atque
579 2804 700 2846 eodem]
718 2807 769 2837 Sic
782 2809 815 2837 et
831 2805 893 2837 Ms.
912 2815 971 2837 no-
1012 2815 1124 2837 vereor
1140 2816 1180 2837 ne
1196 2816 1215 2837 a
1228 2804 1335 2847 glossa
1349 2805 1403 2836 sit.
