1817 3196
244 87 297 122 σθ
617 84 798 124 EPIST.
832 86 1019 124 LIBER
1050 86 1306 125 TERTIUS

245 196 347 240 tem,
383 197 458 231 aut
491 189 811 241 Lentulitatem,
843 190 980 231 valere
1012 191 1126 246 apud
1157 205 1224 231 me
1255 189 1364 245 pluS,
1393 201 1520 244 quam
1552 198 1676 230 orna-

243 255 389 288 menta
430 247 615 298 virtutis,
657 248 904 288 existimas?
956 246 1068 287 Cum
1107 262 1156 287 ea
1192 255 1446 288 consecutus
1484 245 1673 286 nondum

242 316 372 354 eram,
395 319 491 360 quae
516 315 614 345 sunt
647 305 871 345 hominum
904 304 1182 359 opinionibus
1215 302 1495 358 amplissima:
1530 311 1672 343 tamen

242 360 326 401 ista
361 370 500 402 vestra
539 362 714 403 nomina
748 375 979 415 numquam
1013 375 1104 400 sum
1138 360 1391 401 admiratus:
1435 359 1547 399 viros
1569 372 1674 409 esse,

242 418 315 472 qui
338 431 388 457 ea
411 419 532 459 vobis
554 418 836 473 reliquissent,
867 432 1045 473 umgnos
1067 417 1318 457 arbitrabar.
1363 416 1520 457 Postea
1558 429 1673 465 vero,

242 487 373 528 quam
396 475 508 515 cn’Gita
540 486 583 516 et
605 476 698 530 cepi
721 485 765 515 et
799 475 909 529 gessi
933 474 1122 514 maxima
1156 474 1348 529 imperia,
1370 482 1417 513 ut
1439 471 1544 513 mihi
1566 471 1674 512 nihil

240 544 381 586 neque
402 532 453 572 ad
484 532 705 582 honorem,
739 545 875 586 neque
909 531 959 571 ad
995 530 1174 586 gloriam
1209 530 1513 585 acquirendum
1550 538 1675 584 puta-

240 601 355 629 rem:
389 590 648 643 superiorem
685 589 857 644 quidem
895 602 1142 642 numquam,
1177 587 1246 627 sed
1282 601 1426 642 parem
1460 586 1582 627 vobis
1605 598 1674 626 me

238 644 405 699 speravi
441 660 531 687 esse
561 646 738 687 factum.
800 645 907 696 Nec,
949 643 1203 695 mehercule,
1244 643 1366 684 aliter
1403 643 1488 684 vidi
1522 642 1674 683 existi-

237 715 368 752 mare,
409 702 475 742 vel
510 702 592 744 Cn.
639 702 908 757 Pompeium,
950 716 1075 756 quem
1106 701 1321 751 omnibus,
1353 700 1426 755 qui
1469 713 1674 754 umquam

237 756 426 809 fuerunt,
451 760 514 800 vel
541 760 590 800 P.
618 759 859 809 Lentulum,
882 773 1007 813 quein
1031 758 1190 799 271nihi
1212 758 1290 813 ipsi
1316 767 1547 812 antepono.
1606 754 1674 796 Tu

238 815 273 855 si
306 814 428 855 aliter
462 816 700 866 existimas,
735 815 841 856 nihil
875 817 1048 866 errabis,
1072 817 1104 856 si
1135 815 1274 871 paullo
1304 814 1568 869 diligentius,
1591 817 1674 866 (ut,

237 872 341 924 quid
371 872 427 912 sit
447 875 594 923 εὐγένεια,
627 873 729 927 quid
753 873 808 913 sit
835 873 1052 923 nobilitas,
1081 872 1327 928 intelligas,)
1349 870 1669 920 Athenodorus,

238 928 450 968 Sandonis
473 928 600 980 filius,
621 930 724 984 quid
745 929 798 970 de
818 929 884 970 his
905 931 1030 970 rebus
1051 930 1182 980 dicat,
1203 929 1450 970 attenderis.
1501 927 1600 977 Sed,
1622 935 1672 967 ut

236 984 289 1025 ad
325 998 411 1025 reni
443 985 627 1036 redeam,
662 1001 729 1027 me
765 987 843 1027 tibi
876 1001 959 1026 non
994 987 1179 1027 amicum
1210 986 1352 1035 modo,
1371 999 1519 1026 verum
1540 985 1673 1025 etiam

235 1041 543 1083 amicissimum
569 1043 789 1083 existimes
817 1042 959 1083 velim.
993 1043 1186 1098 profecto
1215 1044 1415 1083 omnibus
1445 1042 1550 1082 meis
1576 1041 1675 1082 offi-

235 1098 313 1140 ciis
349 1099 549 1150 efficiam,
585 1110 632 1140 ut
660 1100 720 1140 ita
749 1114 838 1140 esse
869 1114 965 1140 vere
998 1100 1132 1155 possis
1156 1099 1368 1154 judicare.
1427 1097 1493 1138 Tu
1527 1107 1673 1138 autem

235 1155 270 1196 si
294 1155 335 1196 id
359 1156 466 1212 agis,
489 1166 536 1197 ut
558 1158 697 1198 minus
732 1171 828 1197 mea
859 1172 1000 1206 eausa,
1024 1157 1127 1197 dum
1149 1170 1230 1212 ego
1253 1156 1405 1206 absim,
1427 1154 1582 1196 debere
1603 1154 1669 1194 vi-

233 1212 386 1263 dearis,
409 1228 535 1267 quam
569 1228 651 1266 ego
682 1224 756 1254 tua
786 1213 1037 1254 laborarim:
1070 1214 1206 1254 libero
1241 1223 1281 1253 te
1321 1213 1402 1253 ista
1439 1226 1554 1253 eura.
1587 1217 1670 1266 ποις·

230 1268 350 1317 ἔμοίγε
363 1271 422 1305 καὶ
437 1269 552 1313 ἄλλοι,
576 1267 622 1306 0³1x
637 1270 670 1306 κὲ
685 1286 728 1318 με
750 1271 918 1319 τιμήσεσι,
936 1271 1075 1318 pedus-a
1095 1268 1127 1306 δὲ
1142 1270 1283 1319 μητίετα
1300 1273 1388 1310 Ζεῦς.
1453 1268 1498 1309 Si
1528 1278 1674 1310 autem

228 1335 382 1365 natura
403 1338 446 1364 es
468 1329 646 1374 φιλαίτιος,
670 1325 773 1366 illud
801 1340 887 1367 non
922 1326 1131 1381 perficieS,
1153 1339 1238 1380 quo
1262 1326 1402 1366 minus
1435 1335 1509 1366 tua
1540 1339 1671 1366 causa

231 1381 375 1422 velim.
398 1381 480 1422 hoc
503 1396 740 1436 assequere,
770 1394 831 1434 ut,
862 1398 990 1438 quam
1020 1383 1062 1423 in
1098 1392 1260 1438 partem
1297 1392 1342 1423 tu
1365 1383 1566 1438 accipiaS,
1589 1381 1671 1422 mi-

185 1444 218 1475 b.
233 1452 310 1479 nus
333 1438 538 1479 laborem.
591 1439 702 1480 Haec
725 1440 777 1480 ad
801 1450 841 1479 te
864 1440 1011 1495 scripsi
1038 1439 1224 1489 liberius,
1248 1439 1380 1480 fretus
1402 1439 1669 1480 conscientia

230 1495 364 1535 officii
399 1495 496 1545 mei,
530 1496 944 1551 benivolentiaeque:
977 1511 1105 1551 quam
1129 1512 1153 1537 a
1183 1510 1250 1536 me
1273 1496 1576 1552 certojudicio
1598 1508 1669 1536 su·

229 1560 436 1608 seeptam,
458 1553 599 1608 quoad
623 1562 668 1593 tu
694 1552 822 1603 voles,
845 1555 1125 1594 conservabo.
1187 1552 1306 1594 Vale.

191 1631 217 1667 8
745 1626 1151 1664 ARGUMENTUM.

229 1687 397 1737 Refellit,
430 1701 508 1737 quoe
534 1690 677 1738 Appius
705 1688 882 1735 objecerat
895 1706 907 1726 .·
932 1690 1146 1738 probatque,
1174 1691 1205 1725 si
1233 1690 1321 1737 quid
1338 1691 1464 1738 egerit,
1485 1691 1581 1737 quod
1598 1689 1671 1725 ini-

279 1753 348 1789 que
367 1742 622 1789 interpretetur
639 1743 779 1790 Appius
790 1756 803 1782 ;
825 1747 888 1777 aut
908 1743 1152 1790 imprudenter
1169 1741 1417 1791 illumfacere,
1437 1744 1500 1788 qui
1516 1743 1673 1779 malevo-

281 1794 397 1829 lorum
413 1794 631 1830 sermonibus
646 1795 792 1829 credat.-
821 1799 885 1829 aut
909 1798 1028 1829 astute
1050 1796 1170 1837 nimis,
1199 1796 1274 1842 qui,
1304 1806 1383 1842 quse
1409 1795 1477 1830 sibi
1503 1795 1541 1830 in
1572 1807 1674 1832 men-

281 1850 352 1881 tem
384 1847 542 1887 veniant,
579 1846 662 1881 altis
701 1846 890 1882 attribuat.
945 1846 1090 1882 Deinde
1122 1851 1269 1894 gratum
1296 1847 1364 1882 sibi
1392 1858 1463 1882 esse
1498 1849 1667 1892 ostendit,

281 1901 379 1945 quod
398 1899 441 1933 cle
459 1898 604 1933 urbanis
622 1899 723 1934 rebus
738 1899 1000 1946 perscripserit,
1021 1903 1055 1934 et
1069 1900 1278 1946 promiserit
1304 1900 1347 1934 cle
1364 1901 1437 1935 suis
1449 1915 1461 1934 .·
1489 1900 1528 1934 in
1544 1900 1670 1946 quibus

278 1951 319 1986 id
345 1952 500 1987 maxime
526 1955 644 1997 rogat,
675 1962 718 1985 ne
744 1952 940 1998 prorogari
965 1953 1190 1998 provinciam
1215 1952 1396 1987 concedat.
1454 1951 1612 1988 Tandem
1630 1953 1674 1990 de

278 2003 415 2039 bellicis
428 2004 625 2050 provincia>
642 2003 742 2038 rebus
761 2003 878 2044 addit,
898 2007 931 2037 et
952 2003 1091 2038 crebras
1107 2004 1223 2051 poscit
1245 2003 1397 2040 litteras.

323 2063 391 2104 M.
413 2063 463 2104 T.
490 2062 541 2104 C.
576 2062 837 2104 PROCOS.
873 2063 917 2103 S.
942 2061 1000 2104 D.
1031 2063 1222 2105 APPIO
1247 2063 1563 2107 PULCHRO.

229 2119 392 2183 ETSI,
410 2141 619 2188 quantum
651 2145 705 2172 ex
739 2132 824 2172 tuis
845 2131 997 2172 litteris
1031 2131 1268 2188 intelligere
1290 2132 1427 2188 potui,
1451 2133 1665 2188 videbam,

226 2199 269 2230 te
302 2190 413 2231 hanc
445 2189 688 2244 epistolam,
710 2203 808 2229 cum
842 2189 894 2229 ad
932 2189 1081 2230 urbem
1115 2192 1154 2220 ‘28
1167 2203 1293 2240 esseS,
1323 2204 1413 2231 esse
1438 2188 1664 2243 lecturum,

226 2246 478 2302 refrigerato
505 2245 599 2300 jam
633 2248 673 2280 539
686 2245 902 2286 levissimo
935 2259 1130 2287 sermone
1161 2246 1387 2288 hominum
1419 2248 1664 2303 provincia-

267 2360 308 2392 26
330 2360 378 2390 ita
393 2364 423 2390 et
439 2360 516 2399 cepi,
537 2363 568 2389 et
589 2359 687 2398 gessi]
714 2358 860 2389 Graevius
875 2359 924 2389 ita
967 2359 1047 2389 mihi
1058 2359 1119 2390 hoc
1134 2365 1241 2390 sonat.
1257 2360 1444 2400 Suspicatus
1458 2369 1545 2397 sum,
1556 2365 1665 2393 trans-

225 2407 257 2433 et
271 2401 370 2432 deleri
387 2402 468 2431 vult.
499 2403 582 2431 Sane
598 2408 629 2431 et
645 2402 690 2431 sie
706 2406 836 2431 constat
852 2411 924 2431 sen-
967 2403 1110 2441 pusitum
1139 2412 1206 2432 esse
1232 2401 1385 2438 alterum,
1412 2407 1446 2432 et
1471 2403 1516 2432 sic
1546 2403 1663 2435 fuisse:

225 2454 292 2482 sus,
309 2444 394 2483 quod
421 2453 487 2473 non
514 2443 568 2473 hic
590 2449 661 2473 tam
678 2443 779 2481 quaeri
796 2443 924 2473 videtur
967 2447 998 2473 te
1012 2445 1096 2473 hanc
1110 2445 1276 2483 epistolam
1299 2453 1374 2480 esse,
1390 2453 1464 2474 cum
1487 2443 1532 2475 ad
1551 2447 1666 2476 urbem

225 2486 265 2517 de
281 2486 377 2517 modo
394 2486 542 2526 capiendi
569 2491 602 2515 et
622 2485 753 2524 gerendi
771 2485 922 2521 honores,
967 2495 1056 2522 esses,
1082 2488 1240 2515 lecturum
1253 2498 1261 2514 .-
1285 2495 1357 2524 quae
1378 2491 1428 2516 est
1454 2485 1551 2526 plane
1573 2489 1666 2519 Cice-

226 2538 324 2566 quam
346 2527 386 2558 ‹le
408 2528 548 2568 acceptis
564 2533 596 2557 et
619 2527 718 2565 gestis
735 2527 922 2557 bonoribus.
968 2528 1105 2558 roniana
1119 2528 1302 2558 collocatio.

226 2570 289 2600 Sed
304 2571 337 2601 in
354 2569 488 2609 vulgata
503 2569 577 2599 libri
598 2568 670 2599 edd.
688 2575 720 2599 et
744 2579 807 2599 scr.
825 2579 924 2608 prope
1010 2571 1050 2604 ‘29
1074 2571 1230 2600 levissimo
1250 2579 1396 2600 sermone
1417 2570 1667 2612 home—impro-

226 2621 340 2642 omnes
361 2612 590 2642 consentiunt:
616 2616 648 2640 et
672 2612 832 2641 mentioni
854 2613 925 2649 glo·
969 2612 1081 2641 borum
1093 2611 1249 2650 oratione]
1269 2612 1319 2642 De
1345 2613 1515 2650 Cicerone,
1534 2618 1568 2643 et
1593 2623 1667 2654 qua

226 2654 286 2684 τίω
299 2655 407 2694 aptior
421 2654 555 2692 vulgata
570 2653 667 2683 lectio
681 2652 819 2683 videtur.
969 2653 1035 2692 ipse
1058 2653 1185 2684 fecisset
1210 2659 1326 2683 contra
1346 2653 1542 2692 (lignitatem
1556 2655 1665 2696 Appii.

267 2697 306 2728 27
331 2697 411 2726 mihi
425 2697 484 2735 ipsi
498 2694 667 2735 antepono]
694 2695 818 2725 lterum
833 2694 923 2725 Grae-
969 2695 1146 2726 Levissimo
1168 2695 1308 2725 refertur
1329 2705 1424 2725 sensu
1448 2696 1488 2726 ad
1503 2697 1665 2733 homines,

224 2736 295 2766 vius
311 2738 395 2768 male
411 2737 540 2778 praefert
556 2743 589 2768 et
605 2738 719 2777 recipit
736 2738 815 2767 mim·
837 2737 902 2776 ipse
912 2750 921 2766 :
966 2738 1057 2776 quasi
1070 2742 1155 2767 esset
1170 2738 1403 2768 levissimorum
1417 2739 1583 2770 hominum
1598 2748 1666 2770 ser·

223 2785 437 2819 opponuntur
452 2780 511 2810 sibi
527 2780 796 2809 omnibus—mihi
810 2779 881 2818 ipsi.
967 2789 1035 2819 mo,
1049 2785 1087 2813 ut
1103 2789 1179 2811 mox
1193 2780 1410 2821 improborum
1425 2782 1539 2813 oratio.

266 2823 306 2853 28
327 2830 419 2861 esses,
439 2831 504 2853 esse
532 2821 709 2862 lecturum]
738 2820 816 2852 Non
842 2821 923 2853 bene
