1903 3218
326 81 403 118 288
655 82 749 122 ΕΡ]
755 82 829 131 ST.
848 84 914 131 ⁷121
921 83 1038 131 BER
1063 85 1103 126 U
1104 85 1192 133 ND
1199 86 1268 125 Ec
1275 86 1294 125 1
1301 86 1388 125 ΜΠ
1395 86 1422 124 S

327 191 477 234 meret,
495 184 735 243 profligato·
761 187 847 239 illo,
871 199 913 231 te
943 189 1153 238 liberato?
1214 191 1306 234 Nec
1330 204 1428 232 vero
1464 187 1673 246 Lepidum
1700 189 1756 230 ti-

328 240 564 284 mebamus.
624 244 735 293 Quis
765 246 879 288 enim
910 257 1034 295 esset,
1056 248 1128 302 qui
1153 248 1269 290 illum
1295 258 1379 288 tam
1412 246 1617 297 furiosum
1641 247 1756 287 arbi-

329 307 526 350 traretur,
548 308 608 352 ut,
630 303 704 356 qui
728 302 771 344 in
795 303 986 345 inaximo
1011 304 1119 345 bello
1143 319 1290 360 pacem
1317 304 1420 344 velle
1441 318 1484 344 se
1506 305 1700 352 dixisset,
1722 303 1758 344 is

327 353 373 396 in
394 358 663 411 optatissima
687 374 790 414 pace
814 359 968 402 bellum
1001 362 1246 416 reipublicae
1270 362 1502 402 indiceret?
1562 360 1655 401 Nec
1677 362 1756 400 du-

327 412 435 462 bito,
457 415 560 468 quin
585 424 627 456 tu
654 416 746 471 plus
779 417 1016 471 provideaS.
1075 418 1157 459 Sed
1185 429 1324 459 tamen
1361 430 1443 459 tam
1477 418 1635 458 recenti
1654 430 1756 472 gra-

329 468 552 521 tulatione,
573 486 699 526 quam
725 482 798 513 tuo
821 474 994 514 nomine
1026 474 1077 514 ad
1101 476 1247 516 omnia
1267 476 1443 517 deorum
1469 474 1629 530 templa
1651 473 1755 522 fecie

328 539 437 577 mus,
460 529 680 570 renovatio
700 529 864 569 timoris
883 543 1082 584 magnam
1103 531 1341 572 molestiam
1358 531 1578 574 afferebat,
1604 531 1756 578 ,Quare

329 583 456 625 velim
478 585 691 641 equidem,
716 585 755 627 id
783 585 896 640 quod
920 600 1059 641 spero,
1083 597 1127 627 ut
1158 588 1281 642 plane
1302 589 1497 642 abjectus
1523 599 1566 639 et
1592 588 1766 638 fractus.

330 640 386 681 sit
415 639 656 682 Antonius:
698 642 760 682 sin
791 642 951 698 aliquid
982 643 1132 684 virium
1163 643 1273 685 forte
1304 645 1551 700 collegerim
1584 644 1769 694 sentiet,'

330 711 408 738 nec
430 699 593 739 senatui
616 698 857 749 consilium,
878 714 955 740 nec
979 700 1137 756 populo
1157 700 1355 751 Romano
1377 703 1574 743 virtutem
1595 702 1765 753 deessq

328 762 407 795 nec
429 755 692 810 reipublic-az,
716 765 757 795 te
781 756 895 807 vivo,
917 757 1235 813 imperatorem.
1259 771 1374 808 xiii.
1412 757 1506 799 Kal.
1527 758 1629 811 Juu.

267 844 314 885 19
839 843 1241 883 ARGUMENTUM.

557 905 775 956 Reipublicae
792 911 902 946 vicem
922 912 1023 946 timet
1042 904 1054 947 ζ·
1088 909 1266 947 Vicetinos
1285 911 1520 948 commendat.

281 978 312 1009 b.
638 973 695 1016 D.
727 974 967 1018 BRUTUS
1002 976 1068 1018 M.
1091 976 1142 1019 T.
1165 977 1217 1019 C.
1249 976 1293 1018 S.
1320 976 1370 1036 Pr.
1393 975 1450 1019 D.
1481 975 1486 980 ¹

326 1031 422 1086 AD
444 1053 769 1103 senatum‘quas
798 1048 959 1090 litteras
983 1050 1094 1100 misi,
1119 1050 1244 1092 velim
1271 1051 1385 1106 prius
1410 1050 1694 1106 perlegas,>et·,
1716 1050 1750 1091 si

321 1116 405 1156 qua
428 1103 504 1144 tibi
537 1104 810 1157 videbuntur,
832 1118 1086 1148 commutes.
1147 1107 1400 1149 Necessario
1426 1108 1752 1163 ine'scripsisse,

321 1158 412 1214 ipse
432 1160 759 1203 animadvertes
792 1177 889 1204 nam
912 1178 1009 1205 cuin
1031 1174 1239 1220 putarem,
1259 1176 1452 1219 quartam
1476 1175 1519 1206 et
1545 1163 1751 1205 Martiam

320 1215 510 1272 legiones
535 1232 701 1259 mecum
726 1218 903 1270 futuras,
928 1232 971 1261 ut
1000 1221 1141 1263 Druso
1168 1221 1401 1276 Paulloque
1423 1221 1654 1277 placuerat,
1679 1235 1750 1266 vo·

324 1273 386 1313 bis
406 1275 761 1318 assentientibus:
795 1278 934 1318 minus
956 1278 1008 1318 de
1033 1278 1204 1333 reliquis
1227 1279 1352 1319 rebus
1373 1279 1652 1322 laborandum
1673 1290 1751 1319 ex-

320 1330 523 1372 istimavi.
584 1332 712 1374 Nunc
746 1347 860 1384 vero,
892 1349 989 1375 cuin
1024 1336 1102 1375 siin
1140 1350 1238 1376 cum
1277 1336 1503 1377 tironibus¹
1524 1334 1750 1390 egentissi-

319 1387 414 1437 mis,
439 1388 558 1429 valde
577 1399 621 1429 et
651 1403 787 1430 meam
819 1399 863 1431 et
886 1401 1065 1432 vestram
1090 1392 1225 1433 vicem
1257 1392 1447 1443 timeam,
1471 1400 1748 1437 necesseresta

320 1442 506 1484 Vicetini
541 1459 610 1486 me
632 1456 674 1487 et
708 1445 776 1487 M.
808 1445 991 1488 Brutum
1025 1449 1241 1503 praecipue
1273 1450 1516 1490 observant.
1579 1447 1661 1494 His
1694 1462 1760 1494 ηε,

317 1514 445 1554 quam
477 1502 640 1557 patiare
669 1503 869 1558 injuriam
893 1504 983 1544 fieri
1008 1504 1047 1544 in
1079 1514 1228 1546 senatu
1261 1507 1296 1536 51
1314 1518 1536 1549 vernarum
1560 1518 1767 1554 caussaffs‘

315 1564 358 1597 te
389 1567 502 1612 peto.
563 1558 751 1602 Causam
783 1559 945 1603 habent
974 1562 1198 1616 optimam,
1221 1560 1413 1603 officium
1438 1562 1481 1603 in
1518 1560 1748 1617 rempubli-

314 1627 407 1654 cam
428 1629 658 1668 summum,
677 1617 812 1673 genus
829 1617 1051 1658 hominum
1072 1619 1411 1660 adversariorum
1441 1620 1481 1650 52
1497 1618 1746 1665 seditiosum

314 1679 359 1711 et
381 1671 701 1715 inertissimum.
735 1687 811 1716 ιιι
837 1673 1019 1716 Kalend.
1040 1675 1146 1718 Jun.
1179 1675 1397 1717 Vercellis.

247 1769 305 1809 20
828 1764 1232 1803 ARGUMENTUM.

318 1824 459 1862 Tc'mere
481 1837 519 1862 se
545 1827 599 1863 ait
629 1825 808 1864 Ciceronis
836 1839 955 1869 causa,
983 1840 1133 1877 eumque
1160 1834 1291 1872 monet,
1319 1833 1360 1865 ut
1386 1832 1637 1865 veteranorum
1662 1829 1742 1875 ani·

853 1891 927 1916 mos
942 1880 1012 1916 sibi
1030 1880 1207 1917 conciliet.
1296 1890 1298 1892 ’
1624 1891 1632 1895 ”
1690 1881 1693 1887 '
1720 1889 1723 1893 ’

382 1942 440 1985 D.
463 1942 704 1987 BRUTUS
736 1942 871 1987 IMP.
904 1945 1031 1987 cos.
1071 1945 1198 1988 Des.
1233 1946 1299 1988 M.
1329 1945 1381 1988 T.
1406 1945 1459 1987 C.
1490 1946 1534 1996 s,
1555 1945 1605 1988 P.
1630 1945 1688 1990 D.
1723 1928 1725 1931 ’

315 1999 508 2061 QUOD
548 2027 625 2069 pro
655 2027 722 2053 me
754 2027 841 2055 non
874 2013 1001 2066 facio,
1033 2014 1073 2055 id
1110 2029 1188 2071 pro
1223 2023 1264 2055 te
1296 2015 1436 2056 facere
1472 2028 1590 2055 meus
1624 2014 1668 2056 in
1701 2021 1745 2054 te

314 2083 450 2120 amor,
473 2078 631 2126 tuaque
651 2069 796 2112 officia
822 2082 1000 2127 cogunt,
1023 2081 1070 2112 ut
1091 2073 1280 2113 timeam.
1342 2072 1467 2127 Saepe
1496 2071 1610 2113 enim
1637 2070 1742 2112 mihi

313 2139 412 2167 cum
446 2137 558 2169 esset
585 2127 766 2180 dictum,
800 2142 939 2184 neque
969 2143 995 2169 a
1030 2142 1098 2170 me
1132 2138 1427 2179 contemtum;
1458 2131 1496 2160 ⁵3
1511 2127 1742 2169 novissime

313 2180 460 2225 Labeo
484 2184 699 2241 Segulius»,
720 2185 852 2227 homo
882 2185 964 2227 sibi
987 2185 1242 2237 simillimus,
1264 2186 1452 2227 narravit
1485 2184 1607 2235 mihi,
1628 2183 1743 2241 apud

312 2238 530 2282 Caesarem
564 2256 608 2283 ne
639 2241 784 2294 fuisse,
811 2242 1079 2298 multumque
1110 2258 1347 2284 sermonem
1379 2243 1432 2284 de
1467 2250 1508 2284 te
1546 2241 1743 2287 habitum

311 2309 423 2338 esse:
458 2298 598 2354 ipsum
622 2298 836 2341 Caesarem
860 2299 966 2341 nihil
989 2314 1089 2341 sane
1118 2301 1171 2342 de
1194 2310 1234 2341 te
1255 2309 1469 2356 questum,
1501 2301 1542 2330 54
1554 2299 1634 2340 nisi
1657 2298 1741 2353 [di-

312 2353 452 2407 ctum]
484 2355 596 2410 quod
634 2356 809 2407 diceret,
846 2366 886 2397 te
920 2357 1096 2407 dixisse,
1132 2357 1389 2398 laudandum
1412 2355 1742 2405 adolescentem,

311 2412 568 2464 ornandum,
597 2413 856 2455 tollendum:
889 2427 932 2454 se
963 2429 1047 2455 non
1080 2428 1170 2455 esse
1200 2414 1542 2464 commissurum,
1570 2421 1618 2453 ut
1649 2411 1739 2453 tolli

310 2521 386 2554 dem
403 2534 460 2564 pei·
474 2526 614 2565 Χιιιμδν,
628 2524 808 2567 profligato
830 2527 896 2563 illo,
912 2531 942 2557 te
964 2528 1003 2558 li·
1047 2527 1123 2557 tiosi
1140 2537 1205 2557 non
1224 2532 1302 2557 sunt
1317 2528 1436 2557 inertes
1450 2538 1455 2554 z
1481 2526 1542 2555 nisi
1557 2527 1675 2556 inertes
1689 2524 1738 2555 in-

312 2566 434 2597 beruco.
1049 2569 1178 2608 telligas
1195 2569 1284 2606 viles,
1300 2569 1422 2599 nullius
1437 2568 1546 2607 pretii.

355 2610 390 2639 51
418 2618 599 2642 vernarum
619 2609 735 2648 causa]
773 2608 846 2639 Hoc
868 2620 935 2640 non
954 2610 1003 2640 in·
1092 2614 1130 2641 53
1155 2612 1483 2641 novissime—narrat
1505 2608 1601 2649 mihi]
1633 2606 1741 2639 Malui

310 2648 487 2690 telligitur,
503 2653 578 2691 quia
591 2652 729 2682 historia
745 2651 788 2682 rei
802 2652 983 2690 ignoratur.
1048 2654 1201 2683 narravit
1217 2653 1306 2682 mihi.
1329 2659 1361 2682 et
1375 2653 1421 2682 sic
1435 2657 1484 2682 est
1500 2651 1534 2681 in
1550 2651 1614 2682 Gu.
1635 2654 1662 2682 1.

352 2694 394 2723 52
413 2693 597 2724 seditiosum
607 2698 638 2724 et
647 2694 895 2733 inertissimum]
914 2695 1004 2724 Grae-
1088 2698 1129 2725 54
1150 2695 1213 2724 nisi
1235 2695 1371 2729 dierum,
1388 2695 1472 2733 quod
1491 2695 1622 2730 diceret,
1639 2696 1672 2723 te
1691 2692 1739 2722 di·

309 2734 380 2764 vius
408 2746 426 2765 e
456 2734 538 2766 Mss.
560 2736 686 2767 duobus
712 2736 805 2766 malit
829 2737 1001 2766 incertissi-
1045 2736 1141 2776 xisse]
1168 2737 1291 2766 dictum
1304 2736 1389 2766 haud
1404 2737 1499 2766 dubie
1512 2736 1659 2776 spurium
1675 2738 1737 2765 est.

309 2783 415 2813 mum,
439 2777 525 2815 quod
551 2778 645 2808 alteri
671 2778 763 2808 sedit.
788 2778 904 2808 melius
927 2788 1003 2808 con·
1046 2788 1063 2808 e
1092 2779 1299 2817 sequentibus
1329 2778 1391 2808 huc
1421 2784 1567 2810 tractum
1595 2777 1736 2809 videtur.

309 2818 414 2854 venit,
430 2828 528 2858 quam
550 2821 795 2851 inertissimum.
820 2829 897 2851 nam
919 2820 1001 2850 sedi·
1047 2819 1149 2851 Uncis
1165 2820 1281 2851 inclusi
1296 2820 1426 2851 saltem.
