1860 3228
557 103 738 145 COELII
764 101 843 142 AD
867 99 1235 141 CICERONEM.
1539 104 1611 146 197

185 206 436 264 gistratibus
457 217 616 260 autem,
638 209 671 250 si
697 205 947 248 Parthicum
969 204 1128 246 bellum
1149 204 1245 254 erit,
1265 202 1361 244 haec
1382 216 1509 244 causa
1532 204 1618 258 pri-

187 279 280 306 mos
313 280 475 308 menses
509 264 754 320 occupabit.
816 263 890 304 Sin
920 271 1062 304 autem
1094 275 1180 302 non
1203 260 1283 302 erit
1317 259 1414 300 istic
1440 257 1616 310 bellurn,

187 331 261 362 aut
291 332 457 363 tantum
486 323 581 373 erit,
611 331 659 362 ut
683 336 772 370 VOS,
802 331 876 361 aut
906 333 1169 361 successores
1192 317 1333 374 parvis
1365 315 1522 356 additis
1545 330 1617 356 co-

186 378 285 434 piis,
307 380 514 421 sustinere
533 379 720 434 possint:
754 377 987 418 Curionem
1012 376 1137 417 video
1160 389 1204 416 se
1234 372 1619 429 dupliciterjacta-

188 443 356 478 turum:
391 437 588 492 primum,
608 445 656 476 ut
676 435 837 490 aliquid
861 434 1022 476 Caesari
1047 433 1232 474 adimat:
1269 430 1368 472 inde
1390 439 1438 469 ut
1459 429 1620 483 aliquid

189 490 296 533 Pom
333 493 399 534 cio
433 492 608 542 tribuat,
649 492 834 547 quidvis,
869 491 1106 547 quamlibet
1143 500 1269 530 tenue
1303 485 1620 528 munusculum.

190 547 294 590 Paul
318 564 362 590 us
385 563 510 605 porro
533 564 618 590 non
643 548 829 590 humane
847 549 900 589 de
921 546 1145 604 provincia
1166 545 1370 600 loquitur.
1397 542 1526 598 hujus
1548 556 1622 582 cu-

189 605 361 660 piditati
383 620 636 647 occursurus
659 616 724 647 est
746 606 928 647 Furnius
951 613 1108 645 noster.
1142 603 1283 659 plures
1305 600 1512 656 suspicari
1535 613 1622 640 non

189 676 378 717 possum.
427 662 539 704 Haec
558 664 675 704 novi.
699 663 795 713 alia,
819 677 916 718 quae
939 670 1118 718 possunt
1141 659 1347 709 accidere,
1370 671 1455 698 non
1478 670 1622 697 cerno.

186 719 321 766 multa
343 729 511 775 tempus
534 720 697 771 afferre,
725 731 769 761 et
791 728 1031 776 praeparata
1052 718 1187 759 multa
1209 717 1313 758 scio.
1345 715 1417 755 sed
1441 714 1554 754 intra
1574 712 1624 753 fi-

185 790 259 826 nes
282 775 374 828 hos,
395 791 682 832 quascumque
716 777 965 828 acciderint,
989 783 1221 817 vertentur.
1285 771 1396 814 Illud
1429 771 1540 812 addo
1570 769 1626 811 ad

189 833 380 875 actiones
413 834 464 876 C.
501 834 718 886 Curionis,
746 834 800 875 de
832 848 936 890 agro
972 832 1218 888 Campano:
1258 830 1311 871 de
1346 843 1432 885 quo
1462 836 1627 884 negant

187 889 403 932 Caesarem
434 891 640 942 laborare,
674 891 746 933 sed
782 890 1037 946 Pompeium
1070 889 1191 930 valde
1221 887 1348 937 nolle,
1380 900 1434 927 ne
1466 899 1626 926 vacuus

188 947 435 989 advenienti
471 948 632 990 Caesari
662 957 820 1005 pateat.
882 947 1011 994 Quod
1042 947 1094 988 ad
1127 955 1247 987 tuum
1283 945 1504 986 decessum
1526 942 1628 983 atti-

189 1013 277 1056 net,
301 1004 402 1047 illud
436 1006 515 1047 tibi
538 1020 624 1047 non
658 1020 831 1062 possum
863 1004 1069 1060 polliceri,
1091 1017 1160 1044 me
1190 1011 1453 1051 curaturum,
1476 1008 1522 1040 ut
1544 998 1625 1040 tibi

190 1062 468 1104 succedatur:
506 1062 608 1104 illud
640 1071 755 1104 certe
789 1063 1019 1118 praestabo,
1052 1075 1106 1102 ne
1137 1059 1320 1116 amplius
1357 1064 1627 1114 prorogetur.

190 1117 272 1160 Tui
304 1120 471 1161 consilii
503 1130 581 1171 est,
612 1120 646 1161 si
682 1129 865 1176 tempus,
888 1119 921 1159 si
958 1127 1128 1159 senatus
1160 1126 1303 1172 coget,
1327 1116 1361 1155 si
1393 1115 1573 1155 honeste
1603 1127 1629 1153 a

190 1175 317 1217 nobis
348 1178 531 1218 recusari
563 1192 649 1218 non
680 1177 854 1233 poterit,
877 1175 1035 1216 velisne
1059 1186 1354 1230 perseverare:
1387 1171 1470 1212 mei
1493 1170 1672 1212 officiip·
1693 1175 1759 1204 ¹2¹·

189 1242 269 1284 est,
291 1233 549 1285 meminisse,
571 1248 656 1289 qua
686 1233 975 1274 obtestatione
1003 1231 1212 1272 decedens
1241 1229 1364 1279 mihi,
1387 1242 1440 1268 ne
1462 1237 1629 1283 paterer
1640 1225 1673 1247 ²¹·

188 1289 296 1341 fieri,
319 1290 547 1332 mandaris.
1518 1285 1524 1289 ”

704 1376 1108 1416 ARGUMENTUM.
1647 1372 1661 1405 l
1675 1371 1691 1405 l

189 1441 386 1486 Nuntians,
413 1444 694 1491 supplicationes
716 1446 801 1491 post
828 1453 947 1478 acrem
974 1439 1277 1476 concertationem
1305 1437 1465 1473 decretas
1484 1436 1630 1472 tandem

241 1506 326 1537 esse,
352 1495 532 1538 hortatur,
552 1500 592 1535 ut
616 1496 751 1531 decreti
776 1493 993 1532 auctoribus,
1009 1504 1079 1540 pro
1108 1489 1277 1538 cujusque
1304 1491 1432 1525 merito
1450 1493 1486 1524 et
1504 1488 1630 1524 volun-

243 1551 331 1589 tate,
357 1549 502 1594 gratias
530 1552 630 1595 agat.
684 1547 801 1583 Addit
818 1547 861 1582 de
877 1556 1075 1581 successore
1095 1543 1245 1579 Caesaris
1263 1543 1352 1590 quid
1370 1545 1491 1576 actum
1508 1541 1570 1582 sit,
1596 1545 1630 1576 et

247 1601 544 1636 commentarium
577 1599 797 1636 urbanarum
832 1609 953 1634 rerum
986 1597 1116 1638 mittit,
1146 1594 1419 1641 Sittianamque
1447 1594 1633 1640 negotium

243 1652 480 1688 commendat.

571 1716 814 1759 COELIUS
848 1713 1170 1765 CICERONI,
1202 1713 1246 1754 S.

194 1771 344 1827 NON
383 1785 472 1837 diu,
504 1786 576 1827 sed
610 1785 764 1827 acriter
798 1799 875 1825 nos
911 1792 997 1824 tuae
1031 1780 1369 1838 supplicationes
1401 1787 1630 1821 torserunt.

193 1841 478 1898 incideramus
512 1843 624 1884 enim
660 1842 704 1883 in
742 1840 963 1883 difficilem
1002 1840 1178 1880 nodum.
1241 1837 1355 1879 Nam
1396 1837 1529 1878 Curio
1569 1837 1631 1877 tui

193 1900 512 1964 cupidissimus,
548 1899 664 1941 17cui
701 1900 903 1941 omnibus
935 1896 1175 1938 rationibus
1208 1894 1446 1936 comitiales
1478 1894 1633 1950 eripie-

196 1957 366 2009 bantur,
398 1959 588 2014 negabat
621 1972 664 1997 se
696 1956 781 1997 ullo
815 1955 944 1996 modo
978 1954 1068 2010 pati
1102 1966 1242 2009 posse,
1265 1951 1437 1992 decerni
1471 1950 1635 2007 suppli-

194 2014 401 2066 cationes,
425 2029 492 2066 ne,
515 2014 629 2070 quod
662 2016 698 2044 ¹8
713 2013 856 2054 furore
890 2011 1027 2052 Paulli
1061 2011 1242 2066 adeptus
1274 2019 1385 2049 esset
1422 2008 1537 2058 boni,
1559 2022 1636 2049 sua

191 2071 323 2127 ,culpa
354 2072 569 2113 videretur
604 2070 811 2121 amisisse,
843 2077 888 2110 et
925 2068 1230 2124 praevaricator
1265 2080 1407 2107 causae
1447 2064 1635 2121 publicae

195 2129 529 2170 existimaretur.
591 2127 744 2183 Itaque
765 2127 817 2168 ad
841 2126 1087 2183 pactionem
1108 2123 1433 2166 descendimus:
1466 2131 1510 2163 et
1531 2135 1636 2163 con-

195 2185 422 2227 firmarunt
442 2184 652 2236 consules,
675 2199 719 2226 se
738 2184 806 2225 his
828 2181 1218 2240 supplicationibus
1250 2181 1292 2221 in
1324 2179 1441 2221 hunc
1473 2193 1636 2220 annum

193 2258 281 2284 non
307 2257 471 2284 usuros.
532 2242 680 2292 Plane,
701 2241 817 2296 quod
848 2240 1040 2295 utrisque
1062 2238 1311 2280 consulibus
1333 2236 1495 2294 gratias
1517 2250 1636 2292 agas,

195 2310 286 2342 est:
323 2300 472 2341 Paullo
500 2298 639 2355 magis
669 2307 799 2341 certe.
861 2297 976 2338 Nam
1009 2295 1244 2337 Marcellus
1266 2295 1327 2336 sic
1353 2293 1637 2349 l9respondit,

196 2372 240 2400 se
263 2372 382 2414 spem
416 2358 459 2398 in
492 2357 586 2398 istis
618 2354 1007 2413 supplicationibus
1039 2367 1127 2394 non
1160 2352 1347 2394 habere:
1381 2350 1568 2401 Paullus,
1593 2364 1637 2390 se

195 2415 373 2457 omnino
391 2415 438 2456 >in
463 2413 577 2456 hunc
598 2428 757 2455 annum
780 2427 867 2454 non
891 2411 1149 2453 edicturum.
1172 2409 1486 2451 Renuntiatum
1510 2406 1635 2448 nobis

243 2583 281 2613 17
305 2580 357 2610 cui
371 2590 398 2611 o.
413 2579 460 2620 r.]
477 2579 543 2611 Ms.
560 2578 652 2609 Gorl.
668 2578 762 2618 quod.
939 2579 1050 2612 natus,
1064 2571 1242 2604 ulciscendi
1258 2581 1366 2603 causa.

246 2624 283 2652 18
293 2621 417 2661 furore
444 2621 577 2662 Paulli]
611 2621 651 2652 In
675 2618 897 2650 comitialibus
986 2621 1023 2651 19
1044 2615 1207 2656 respondit
1227 2614 1271 2654 ei]
1297 2613 1386 2644 Cui?
1411 2620 1486 2642 nam
1511 2620 1577 2641 non
1593 2610 1634 2641 ad

201 2663 312 2694 diebus
325 2663 499 2704 eripiendis
513 2663 671 2695 servando
692 2662 731 2694 de
744 2661 839 2699 coelo,
856 2670 897 2690 ne
941 2659 1118 2690 Curionem
1141 2657 1205 2688 hoc
1227 2656 1385 2696 pertinet.
1411 2653 1514 2683 immo
1536 2652 1636 2683 corri-

200 2705 278 2744 quid
301 2705 400 2737 Curio
423 2716 482 2746 pro
508 2707 636 2737 Caesare
658 2714 753 2745 agere
777 2706 897 2745 posset.
939 2701 1083 2742 gendum
1096 2704 1146 2731 est
1160 2710 1193 2730 se
1206 2708 1295 2738 spem
1309 2698 1367 2728 διο.
1412 2695 1465 2725 Sic
1487 2694 1638 2734 placebat

202 2757 276 2778 eum
296 2745 452 2786 furorem
482 2748 670 2789 appellabat
698 2747 810 2778 Curio.
846 2746 896 2775 bo·
940 2748 975 2774 et
997 2742 1138 2774 Graevio.
1160 2750 1210 2772 res
1233 2744 1283 2771 est
1306 2739 1449 2774 evidens,
1464 2745 1524 2768 nec
1545 2736 1638 2768 dubi,

203 2798 296 2826 num,
310 2789 396 2829 quod
416 2799 451 2820 se
474 2791 630 2831 adeptum
652 2789 794 2824 dicebat,
814 2791 899 2824 erat,
940 2786 1009 2817 tavi
1023 2785 1070 2816 sic
1084 2783 1189 2816 edere.

203 2831 287 2870 quod
303 2835 411 2871 posset
427 2832 504 2870 jure
527 2830 684 2873 impedire
698 2830 830 2862 decreta
850 2838 900 2860 se-

882 2875 961 2913 03
