<?xml version="1.0" encoding="UTF-8"?>
<!DOCTYPE html PUBLIC "-//W3C//DTD XHTML 1.0 Transitional//EN"
    "http://www.w3.org/TR/xhtml1/DTD/xhtml1-transitional.dtd">
<html xmlns="http://www.w3.org/1999/xhtml" xml:lang="en" lang="en">
 <head>
  <title>
</title>
<meta http-equiv="Content-Type" content="text/html;charset=utf-8" />
  <meta name='ocr-system' content='tesseract 3.04.00' />
  <meta name='ocr-capabilities' content='ocr_page ocr_carea ocr_par ocr_line ocrx_word'/>
</head>
<body>
  <div class='ocr_page' id='page_1' title='image "./p1operaomnia03ciceuoft_0100.png"; bbox 0 0 1817 3196; ppageno 0'>
   <div class='ocr_carea' id='block_1_1' title="bbox 97 732 193 806">
    <p class='ocr_par' dir='ltr' id='par_1_1' title="bbox 97 732 193 805">
     <span class='ocr_line' id='line_1_1' title="bbox 97 732 193 782; baseline 0 -19"><span class='ocrx_word' id='word_1_1' title='bbox 97 732 193 782; x_wconf 76' lang='lat' dir='ltr'><strong>p.56.</strong></span> 
     </span>
     <span class='ocr_line' id='line_1_2' title="bbox 160 784 193 806; baseline 0 -1"><span class='ocrx_word' id='word_1_2' title='bbox 160 784 193 806; x_wconf 82' lang='lat' dir='ltr'>a.</span> 
     </span>
    </p>
   </div>
   <div class='ocr_carea' id='block_1_2' title="bbox 207 66 1284 108">
    <p class='ocr_par' dir='ltr' id='par_1_2' title="bbox 207 66 1284 108">
     <span class='ocr_line' id='line_1_3' title="bbox 207 66 1284 108; baseline -0.003 0"><span class='ocrx_word' id='word_1_3' title='bbox 207 70 263 108; x_wconf 82' lang='lat'>90</span> <span class='ocrx_word' id='word_1_4' title='bbox 439 103 444 107; x_wconf 31' lang='lat'><em>⁷</em></span> <span class='ocrx_word' id='word_1_5' title='bbox 576 67 758 107; x_wconf 88' lang='lat' dir='ltr'><strong>EPIST.</strong></span> <span class='ocrx_word' id='word_1_6' title='bbox 789 66 976 106; x_wconf 87' lang='lat' dir='ltr'>LIBER</span> <span class='ocrx_word' id='word_1_7' title='bbox 1000 66 1284 108; x_wconf 88' lang='lat' dir='ltr'><strong>QUARTUS</strong></span> 
     </span>
    </p>
   </div>
   <div class='ocr_carea' id='block_1_3' title="bbox 192 169 1638 2161">
    <p class='ocr_par' dir='ltr' id='par_1_3' title="bbox 192 169 1638 1988">
     <span class='ocr_line' id='line_1_4' title="bbox 210 169 1636 227; baseline 0.004 -17"><span class='ocrx_word' id='word_1_8' title='bbox 210 176 294 220; x_wconf 88' lang='lat' dir='ltr'>tur,</span> <span class='ocrx_word' id='word_1_9' title='bbox 318 169 454 211; x_wconf 90' lang='lat' dir='ltr'>visum</span> <span class='ocrx_word' id='word_1_10' title='bbox 477 179 542 212; x_wconf 88' lang='lat' dir='ltr'>est</span> <span class='ocrx_word' id='word_1_11' title='bbox 563 171 822 223; x_wconf 84' lang='lat' dir='ltr'>faciendum,</span> <span class='ocrx_word' id='word_1_12' title='bbox 851 187 1026 227; x_wconf 90' lang='lat' dir='ltr'>quoquo</span> <span class='ocrx_word' id='word_1_13' title='bbox 1047 171 1176 213; x_wconf 84' lang='lat' dir='ltr'>modo</span> <span class='ocrx_word' id='word_1_14' title='bbox 1198 185 1262 213; x_wconf 79' lang='lat' dir='ltr'>les</span> <span class='ocrx_word' id='word_1_15' title='bbox 1284 185 1327 212; x_wconf 89' lang='lat' dir='ltr'>se</span> <span class='ocrx_word' id='word_1_16' title='bbox 1348 170 1539 220; x_wconf 86' lang='lat' dir='ltr'>haberet,</span> <span class='ocrx_word' id='word_1_17' title='bbox 1561 177 1636 215; x_wconf 71' lang='lat' dir='ltr'>vos</span> 
     </span>
     <span class='ocr_line' id='line_1_5' title="bbox 209 226 1636 283; baseline 0.002 -16"><span class='ocrx_word' id='word_1_18' title='bbox 209 226 411 269; x_wconf 83' lang='lat' dir='ltr'><strong>certiores</strong></span> <span class='ocrx_word' id='word_1_19' title='bbox 450 226 604 270; x_wconf 83' lang='lat' dir='ltr'>facere.</span> <span class='ocrx_word' id='word_1_20' title='bbox 665 228 719 271; x_wconf 90' lang='lat' dir='ltr'>A.</span> <span class='ocrx_word' id='word_1_21' title='bbox 758 229 800 270; x_wconf 89' lang='lat' dir='ltr'>d.</span> <span class='ocrx_word' id='word_1_22' title='bbox 839 244 883 269; x_wconf 91' lang='grc' dir='ltr'>Χ.</span> <span class='ocrx_word' id='word_1_23' title='bbox 925 228 1020 270; x_wconf 87' lang='lat' dir='ltr'>Kal.</span> <span class='ocrx_word' id='word_1_24' title='bbox 1059 229 1162 271; x_wconf 88' lang='lat' dir='ltr'>Jun.</span> <span class='ocrx_word' id='word_1_25' title='bbox 1199 243 1297 270; x_wconf 86' lang='lat' dir='ltr'>curn</span> <span class='ocrx_word' id='word_1_26' title='bbox 1329 229 1384 269; x_wconf 89' lang='lat' dir='ltr'>ab</span> <span class='ocrx_word' id='word_1_27' title='bbox 1419 227 1636 283; x_wconf 83' lang='lat' dir='ltr'>Epidauro</span> 
     </span>
     <span class='ocr_line' id='line_1_6' title="bbox 211 281 1638 350; baseline 0.003 -26"><span class='ocrx_word' id='word_1_28' title='bbox 211 281 425 325; x_wconf 83' lang='lat' dir='ltr'>Piraeeum</span> <span class='ocrx_word' id='word_1_29' title='bbox 463 287 561 326; x_wconf 86' lang='lat' dir='ltr'>navi</span> <span class='ocrx_word' id='word_1_30' title='bbox 599 285 804 327; x_wconf 84' lang='lat' dir='ltr'>advectus</span> <span class='ocrx_word' id='word_1_31' title='bbox 835 299 986 336; x_wconf 91' lang='lat' dir='ltr'>essem,</span> <span class='ocrx_word' id='word_1_32' title='bbox 1025 286 1084 327; x_wconf 89' lang='lat' dir='ltr'>ibi</span> <span class='ocrx_word' id='word_1_33' title='bbox 1121 285 1390 350; x_wconf 65' lang='lat' dir='ltr'>Marcellum,</span> <span class='ocrx_word' id='word_1_34' title='bbox 1427 284 1638 340; x_wconf 86' lang='lat' dir='ltr'>collegam</span> 
     </span>
     <span class='ocr_line' id='line_1_7' title="bbox 208 342 1638 397; baseline 0.001 -17"><span class='ocrx_word' id='word_1_35' title='bbox 208 350 418 392; x_wconf 86' lang='lat' dir='ltr'>nostrum,</span> <span class='ocrx_word' id='word_1_36' title='bbox 450 343 649 392; x_wconf 84' lang='lat' dir='ltr'>conveni,</span> <span class='ocrx_word' id='word_1_37' title='bbox 680 356 862 397; x_wconf 89' lang='lat' dir='ltr'>eumque</span> <span class='ocrx_word' id='word_1_38' title='bbox 891 342 1003 383; x_wconf 88' lang='lat' dir='ltr'>diem</span> <span class='ocrx_word' id='word_1_39' title='bbox 1037 342 1096 384; x_wconf 91' lang='lat' dir='ltr'>ibi</span> <span class='ocrx_word' id='word_1_40' title='bbox 1128 342 1359 393; x_wconf 85' lang='lat' dir='ltr'>consumsi,</span> <span class='ocrx_word' id='word_1_41' title='bbox 1390 351 1437 382; x_wconf 94' lang='lat' dir='ltr'>ut</span> <span class='ocrx_word' id='word_1_42' title='bbox 1465 355 1563 382; x_wconf 90' lang='lat' dir='ltr'>cum</span> <span class='ocrx_word' id='word_1_43' title='bbox 1584 355 1638 382; x_wconf 90' lang='lat' dir='ltr'>eo</span> 
     </span>
     <span class='ocr_line' id='line_1_8' title="bbox 207 397 1638 454; baseline 0.001 -17"><span class='ocrx_word' id='word_1_44' title='bbox 207 410 358 439; x_wconf 85' lang='lat' dir='ltr'>essem.</span> <span class='ocrx_word' id='word_1_45' title='bbox 422 397 600 439; x_wconf 85' lang='lat' dir='ltr'>Postero</span> <span class='ocrx_word' id='word_1_46' title='bbox 625 399 708 448; x_wconf 89' lang='lat' dir='ltr'>die,</span> <span class='ocrx_word' id='word_1_47' title='bbox 737 402 775 433; x_wconf 78' lang='grc'>37</span> <span class='ocrx_word' id='word_1_48' title='bbox 791 413 889 440; x_wconf 90' lang='lat' dir='ltr'>cum</span> <span class='ocrx_word' id='word_1_49' title='bbox 911 400 965 439; x_wconf 84' lang='lat' dir='ltr'>ab</span> <span class='ocrx_word' id='word_1_50' title='bbox 987 413 1037 439; x_wconf 92' lang='lat' dir='ltr'>eo</span> <span class='ocrx_word' id='word_1_51' title='bbox 1059 398 1274 454; x_wconf 83' lang='lat' dir='ltr'>digressus</span> <span class='ocrx_word' id='word_1_52' title='bbox 1296 413 1430 439; x_wconf 89' lang='lat' dir='ltr'>essem</span> <span class='ocrx_word' id='word_1_53' title='bbox 1459 412 1510 438; x_wconf 88' lang='lat' dir='ltr'>eo</span> <span class='ocrx_word' id='word_1_54' title='bbox 1532 412 1638 438; x_wconf 79' lang='lat' dir='ltr'>con-</span> 
     </span>
     <span class='ocr_line' id='line_1_9' title="bbox 207 453 1636 511; baseline 0.001 -17"><span class='ocrx_word' id='word_1_55' title='bbox 207 453 317 505; x_wconf 91' lang='lat' dir='ltr'>silio,</span> <span class='ocrx_word' id='word_1_56' title='bbox 342 465 387 495; x_wconf 91' lang='lat' dir='ltr'>ut</span> <span class='ocrx_word' id='word_1_57' title='bbox 417 456 490 509; x_wconf 81' lang='lat' dir='ltr'>[ab</span> <span class='ocrx_word' id='word_1_58' title='bbox 513 455 714 508; x_wconf 81' lang='lat' dir='ltr'><strong>Athenis]</strong></span> <span class='ocrx_word' id='word_1_59' title='bbox 749 455 789 495; x_wconf 92' lang='lat' dir='ltr'>in</span> <span class='ocrx_word' id='word_1_60' title='bbox 816 455 1066 495; x_wconf 75' lang='lat' dir='ltr'>Boeotiam</span> <span class='ocrx_word' id='word_1_61' title='bbox 1058 470 1176 506; x_wconf 82' lang='lat' dir='ltr'>nem,</span> <span class='ocrx_word' id='word_1_62' title='bbox 1202 454 1636 511; x_wconf 82' lang='lat' dir='ltr'>reliquamquejuris-</span> 
     </span>
     <span class='ocr_line' id='line_1_10' title="bbox 204 511 1634 568; baseline 0.001 -17"><span class='ocrx_word' id='word_1_63' title='bbox 204 511 442 553; x_wconf 85' lang='lat' dir='ltr'>dictionem</span> <span class='ocrx_word' id='word_1_64' title='bbox 472 512 760 552; x_wconf 70' lang='lat' dir='ltr'>absolxeiem:</span> <span class='ocrx_word' id='word_1_65' title='bbox 794 511 876 561; x_wconf 90' lang='lat' dir='ltr'>ille,</span> <span class='ocrx_word' id='word_1_66' title='bbox 910 512 970 552; x_wconf 90' lang='lat' dir='ltr'>uti</span> <span class='ocrx_word' id='word_1_67' title='bbox 1003 512 1159 561; x_wconf 77' lang='lat' dir='ltr'>aiebat,</span> <span class='ocrx_word' id='word_1_68' title='bbox 1189 515 1229 543; x_wconf 63' lang='lat'>3⁹</span> <span class='ocrx_word' id='word_1_69' title='bbox 1244 527 1370 568; x_wconf 85' lang='lat' dir='ltr'>supra</span> <span class='ocrx_word' id='word_1_70' title='bbox 1402 511 1566 552; x_wconf 85' lang='lat' dir='ltr'><strong>Maleas</strong></span> <span class='ocrx_word' id='word_1_71' title='bbox 1590 525 1634 552; x_wconf 82' lang='lat' dir='ltr'>ln</span> 
     </span>
     <span class='ocr_line' id='line_1_11' title="bbox 207 543 1634 633; baseline 0.001 -26"><span class='ocrx_word' id='word_1_72' title='bbox 207 561 378 609; x_wconf 83' lang='lat' dir='ltr'>Italiam</span> <span class='ocrx_word' id='word_1_73' title='bbox 403 583 544 609; x_wconf 65' lang='lat' dir='ltr'>versus</span> <span class='ocrx_word' id='word_1_74' title='bbox 568 569 859 633; x_wconf 75' lang='lat' dir='ltr'>navigaturus</span> <span class='ocrx_word' id='word_1_75' title='bbox 875 578 978 608; x_wconf 73' lang='lat' dir='ltr'>etat.</span> <span class='ocrx_word' id='word_1_76' title='bbox 1041 543 1255 609; x_wconf 85' lang='lat' dir='ltr'>Postridie</span> <span class='ocrx_word' id='word_1_77' title='bbox 1284 583 1376 632; x_wconf 80' lang='lat' dir='ltr'>eJus</span> <span class='ocrx_word' id='word_1_78' title='bbox 1405 568 1505 618; x_wconf 91' lang='lat' dir='ltr'>dici,</span> <span class='ocrx_word' id='word_1_79' title='bbox 1535 582 1634 610; x_wconf 88' lang='lat' dir='ltr'>cum</span> 
     </span>
     <span class='ocr_line' id='line_1_12' title="bbox 205 625 1637 680; baseline 0.001 -15"><span class='ocrx_word' id='word_1_80' title='bbox 205 625 261 665; x_wconf 84' lang='lat' dir='ltr'>ab</span> <span class='ocrx_word' id='word_1_81' title='bbox 283 625 466 666; x_wconf 86' lang='lat' dir='ltr'>Athenis</span> <span class='ocrx_word' id='word_1_82' title='bbox 490 626 702 680; x_wconf 75' lang='lat' dir='ltr'>proticisci</span> <span class='ocrx_word' id='word_1_83' title='bbox 728 640 769 665; x_wconf 75' lang='grc' dir='ltr'>ιι]</span> <span class='ocrx_word' id='word_1_84' title='bbox 794 626 938 666; x_wconf 78' lang='lat' dir='ltr'>animo</span> <span class='ocrx_word' id='word_1_85' title='bbox 959 625 1176 676; x_wconf 74' lang='lat' dir='ltr'>haberem,</span> <span class='ocrx_word' id='word_1_86' title='bbox 1205 625 1375 666; x_wconf 71' lang='lat' dir='ltr'>circiter</span> <span class='ocrx_word' id='word_1_87' title='bbox 1395 625 1500 666; x_wconf 70' lang='lat' dir='ltr'>bort</span> <span class='ocrx_word' id='word_1_88' title='bbox 1521 625 1637 666; x_wconf 88' lang='lat' dir='ltr'>deci-</span> 
     </span>
     <span class='ocr_line' id='line_1_13' title="bbox 205 681 1636 737; baseline 0.001 -16"><span class='ocrx_word' id='word_1_89' title='bbox 205 695 277 722; x_wconf 85' lang='lat' dir='ltr'>ma</span> <span class='ocrx_word' id='word_1_90' title='bbox 307 682 446 723; x_wconf 88' lang='lat' dir='ltr'>noctis</span> <span class='ocrx_word' id='word_1_91' title='bbox 481 681 529 722; x_wconf 91' lang='lat' dir='ltr'>P.</span> <span class='ocrx_word' id='word_1_92' title='bbox 564 683 825 732; x_wconf 79' lang='lat' dir='ltr'>Postumius,</span> <span class='ocrx_word' id='word_1_93' title='bbox 859 682 1079 723; x_wconf 80' lang='lat' dir='ltr'>familiaris</span> <span class='ocrx_word' id='word_1_94' title='bbox 1110 682 1217 737; x_wconf 84' lang='lat' dir='ltr'>ejus,</span> <span class='ocrx_word' id='word_1_95' title='bbox 1249 682 1301 722; x_wconf 87' lang='lat' dir='ltr'>ad</span> <span class='ocrx_word' id='word_1_96' title='bbox 1333 696 1400 723; x_wconf 86' lang='lat' dir='ltr'>me</span> <span class='ocrx_word' id='word_1_97' title='bbox 1432 683 1562 732; x_wconf 87' lang='lat' dir='ltr'>venit,</span> <span class='ocrx_word' id='word_1_98' title='bbox 1592 692 1636 722; x_wconf 91' lang='lat' dir='ltr'>et</span> 
     </span>
     <span class='ocr_line' id='line_1_14' title="bbox 207 737 1635 795; baseline 0.001 -17"><span class='ocrx_word' id='word_1_99' title='bbox 207 737 314 779; x_wconf 85' lang='lat' dir='ltr'>mihi</span> <span class='ocrx_word' id='word_1_100' title='bbox 336 739 456 779; x_wconf 87' lang='lat' dir='ltr'>nunti</span> <span class='ocrx_word' id='word_1_101' title='bbox 463 741 565 788; x_wconf 84' lang='lat' dir='ltr'>avit,</span> <span class='ocrx_word' id='word_1_102' title='bbox 590 738 656 779; x_wconf 81' lang='lat' dir='ltr'>M.</span> <span class='ocrx_word' id='word_1_103' title='bbox 681 738 952 790; x_wconf 81' lang='lat' dir='ltr'>Marcellum,</span> <span class='ocrx_word' id='word_1_104' title='bbox 974 739 1183 795; x_wconf 76' lang='lat' dir='ltr'>collegam</span> <span class='ocrx_word' id='word_1_105' title='bbox 1204 748 1414 788; x_wconf 83' lang='lat' dir='ltr'>nostrum,</span> <span class='ocrx_word' id='word_1_106' title='bbox 1429 749 1526 794; x_wconf 87' lang='lat' dir='ltr'>post</span> <span class='ocrx_word' id='word_1_107' title='bbox 1543 753 1635 779; x_wconf 89' lang='lat' dir='ltr'>coe-</span> 
     </span>
     <span class='ocr_line' id='line_1_15' title="bbox 205 795 1638 859; baseline 0 -23"><span class='ocrx_word' id='word_1_108' title='bbox 205 809 274 836; x_wconf 86' lang='lat' dir='ltr'>nae</span> <span class='ocrx_word' id='word_1_109' title='bbox 298 805 480 851; x_wconf 76' lang='lat' dir='ltr'>tempUS‚</span> <span class='ocrx_word' id='word_1_110' title='bbox 502 812 526 836; x_wconf 83' lang='lat' dir='ltr'>a</span> <span class='ocrx_word' id='word_1_111' title='bbox 551 795 600 836; x_wconf 90' lang='lat' dir='ltr'>P.</span> <span class='ocrx_word' id='word_1_112' title='bbox 625 795 779 850; x_wconf 82' lang='lat' dir='ltr'>Magio</span> <span class='ocrx_word' id='word_1_113' title='bbox 797 796 964 846; x_wconf 83' lang='lat' dir='ltr'>Cilone,</span> <span class='ocrx_word' id='word_1_114' title='bbox 984 796 1191 837; x_wconf 83' lang='lat' dir='ltr'>familiare</span> <span class='ocrx_word' id='word_1_115' title='bbox 1209 796 1315 859; x_wconf 81' lang='lat' dir='ltr'>eJuS‚</span> <span class='ocrx_word' id='word_1_116' title='bbox 1336 797 1523 851; x_wconf 83' lang='lat' dir='ltr'>pugione</span> <span class='ocrx_word' id='word_1_117' title='bbox 1541 809 1638 851; x_wconf 89' lang='lat' dir='ltr'>per-</span> 
     </span>
     <span class='ocr_line' id='line_1_16' title="bbox 205 852 1636 909; baseline 0 -16"><span class='ocrx_word' id='word_1_118' title='bbox 205 866 375 893; x_wconf 88' lang='lat' dir='ltr'>cussum</span> <span class='ocrx_word' id='word_1_119' title='bbox 390 866 494 902; x_wconf 84' lang='lat' dir='ltr'>esse,</span> <span class='ocrx_word' id='word_1_120' title='bbox 508 861 550 892; x_wconf 83' lang='lat' dir='ltr'>et</span> <span class='ocrx_word' id='word_1_121' title='bbox 562 853 648 893; x_wconf 88' lang='lat' dir='ltr'>duo</span> <span class='ocrx_word' id='word_1_122' title='bbox 659 868 682 892; x_wconf 86' lang='lat' dir='ltr'>v</span> <span class='ocrx_word' id='word_1_123' title='bbox 689 854 857 893; x_wconf 87' lang='lat' dir='ltr'>ulnera</span> <span class='ocrx_word' id='word_1_124' title='bbox 846 853 1075 909; x_wconf 85' lang='lat' dir='ltr'>accepisse,</span> <span class='ocrx_word' id='word_1_125' title='bbox 1087 867 1218 894; x_wconf 86' lang='lat' dir='ltr'>unum</span> <span class='ocrx_word' id='word_1_126' title='bbox 1231 868 1272 893; x_wconf 82' lang='lat'>111</span> <span class='ocrx_word' id='word_1_127' title='bbox 1284 862 1394 893; x_wconf 85' lang='lat' dir='ltr'>stom</span> <span class='ocrx_word' id='word_1_128' title='bbox 1399 852 1636 903; x_wconf 66' lang='lat' dir='ltr'>icl10,alte·</span> 
     </span>
     <span class='ocr_line' id='line_1_17' title="bbox 203 909 1634 965; baseline 0.001 -16"><span class='ocrx_word' id='word_1_129' title='bbox 203 923 300 949; x_wconf 69' lang='lat' dir='ltr'>lum</span> <span class='ocrx_word' id='word_1_130' title='bbox 323 909 363 949; x_wconf 92' lang='lat' dir='ltr'>in</span> <span class='ocrx_word' id='word_1_131' title='bbox 382 910 537 964; x_wconf 84' lang='lat' dir='ltr'>capite,</span> <span class='ocrx_word' id='word_1_132' title='bbox 563 910 796 950; x_wconf 85' lang='lat' dir='ltr'>secundum</span> <span class='ocrx_word' id='word_1_133' title='bbox 817 924 986 951; x_wconf 84' lang='lat' dir='ltr'>aurem:</span> <span class='ocrx_word' id='word_1_134' title='bbox 1011 924 1178 965; x_wconf 77' lang='lat' dir='ltr'>sperare</span> <span class='ocrx_word' id='word_1_135' title='bbox 1200 918 1358 960; x_wconf 86' lang='lat' dir='ltr'>tamen,</span> <span class='ocrx_word' id='word_1_136' title='bbox 1374 924 1472 950; x_wconf 82' lang='lat' dir='ltr'>euin</span> <span class='ocrx_word' id='word_1_137' title='bbox 1494 910 1634 950; x_wconf 87' lang='lat' dir='ltr'>vivere</span> 
     </span>
     <span class='ocr_line' id='line_1_18' title="bbox 203 965 1634 1022; baseline 0.001 -16"><span class='ocrx_word' id='word_1_138' title='bbox 203 979 345 1021; x_wconf 88' lang='lat' dir='ltr'>posse.</span> <span class='ocrx_word' id='word_1_139' title='bbox 387 965 588 1022; x_wconf 82' lang='lat' dir='ltr'>Magium</span> <span class='ocrx_word' id='word_1_140' title='bbox 612 967 799 1022; x_wconf 86' lang='lat' dir='ltr'>seipsum</span> <span class='ocrx_word' id='word_1_141' title='bbox 822 966 1112 1008; x_wconf 83' lang='lat' dir='ltr'>interfecisse.</span> <span class='ocrx_word' id='word_1_142' title='bbox 1144 978 1293 1022; x_wconf 78' lang='lat' dir='ltr'>postea</span> <span class='ocrx_word' id='word_1_143' title='bbox 1314 981 1357 1007; x_wconf 90' lang='lat' dir='ltr'>se</span> <span class='ocrx_word' id='word_1_144' title='bbox 1379 982 1403 1007; x_wconf 81' lang='lat' dir='ltr'>a</span> <span class='ocrx_word' id='word_1_145' title='bbox 1425 966 1634 1008; x_wconf 86' lang='lat' dir='ltr'>Marcello</span> 
     </span>
     <span class='ocr_line' id='line_1_19' title="bbox 202 1021 1633 1079; baseline 0.001 -16.009"><span class='ocrx_word' id='word_1_146' title='bbox 202 1021 256 1063; x_wconf 79' lang='lat' dir='ltr'>ad</span> <span class='ocrx_word' id='word_1_147' title='bbox 288 1037 356 1063; x_wconf 88' lang='lat' dir='ltr'>me</span> <span class='ocrx_word' id='word_1_148' title='bbox 392 1037 568 1064; x_wconf 76' lang='lat' dir='ltr'>missum</span> <span class='ocrx_word' id='word_1_149' title='bbox 599 1038 703 1073; x_wconf 86' lang='lat' dir='ltr'>esse,</span> <span class='ocrx_word' id='word_1_150' title='bbox 734 1038 807 1077; x_wconf 80' lang='lat' dir='ltr'>qui</span> <span class='ocrx_word' id='word_1_151' title='bbox 840 1023 935 1064; x_wconf 88' lang='lat' dir='ltr'>haec</span> <span class='ocrx_word' id='word_1_152' title='bbox 966 1023 1196 1074; x_wconf 34' lang='lat' dir='ltr'>nuntiaiQet</span> <span class='ocrx_word' id='word_1_153' title='bbox 1228 1034 1272 1065; x_wconf 90' lang='lat' dir='ltr'>et</span> <span class='ocrx_word' id='word_1_154' title='bbox 1302 1034 1485 1079; x_wconf 83' lang='lat' dir='ltr'>rogar,et</span> <span class='ocrx_word' id='word_1_155' title='bbox 1516 1026 1556 1058; x_wconf 82' lang='lat'>39</span> <span class='ocrx_word' id='word_1_156' title='bbox 1570 1023 1633 1065; x_wconf 88' lang='lat' dir='ltr'>uti</span> 
     </span>
     <span class='ocr_line' id='line_1_20' title="bbox 201 1079 1633 1136; baseline -0.001 -14"><span class='ocrx_word' id='word_1_157' title='bbox 201 1079 392 1122; x_wconf 81' lang='lat' dir='ltr'>medicos</span> <span class='ocrx_word' id='word_1_158' title='bbox 411 1094 625 1136; x_wconf 76' lang='lat' dir='ltr'>cogeietn.</span> <span class='ocrx_word' id='word_1_159' title='bbox 687 1079 843 1136; x_wconf 75' lang='lat' dir='ltr'>Coegi‚</span> <span class='ocrx_word' id='word_1_160' title='bbox 875 1089 918 1120; x_wconf 90' lang='lat' dir='ltr'>et</span> <span class='ocrx_word' id='word_1_161' title='bbox 947 1094 970 1120; x_wconf 91' lang='lat' dir='ltr'>e</span> <span class='ocrx_word' id='word_1_162' title='bbox 994 1080 1177 1135; x_wconf 84' lang='lat' dir='ltr'>vestigio</span> <span class='ocrx_word' id='word_1_163' title='bbox 1208 1093 1259 1121; x_wconf 91' lang='lat' dir='ltr'>eo</span> <span class='ocrx_word' id='word_1_164' title='bbox 1289 1094 1383 1120; x_wconf 85' lang='lat' dir='ltr'>sum</span> <span class='ocrx_word' id='word_1_165' title='bbox 1415 1079 1633 1136; x_wconf 89' lang='lat' dir='ltr'>profectus</span> 
     </span>
     <span class='ocr_line' id='line_1_21' title="bbox 201 1112 1635 1192; baseline 0.001 -17"><span class='ocrx_word' id='word_1_166' title='bbox 201 1137 341 1192; x_wconf 85' lang='lat' dir='ltr'>prima</span> <span class='ocrx_word' id='word_1_167' title='bbox 361 1113 493 1178; x_wconf 44' lang='lat' dir='ltr'>luce?</span> <span class='ocrx_word' id='word_1_168' title='bbox 531 1137 643 1178; x_wconf 86' lang='lat' dir='ltr'>Cum</span> <span class='ocrx_word' id='word_1_169' title='bbox 666 1152 750 1178; x_wconf 87' lang='lat' dir='ltr'>non</span> <span class='ocrx_word' id='word_1_170' title='bbox 774 1112 900 1192; x_wconf 81' lang='lat' dir='ltr'>lotige</span> <span class='ocrx_word' id='word_1_171' title='bbox 922 1152 947 1177; x_wconf 84' lang='lat' dir='ltr'>a</span> <span class='ocrx_word' id='word_1_172' title='bbox 970 1136 1137 1178; x_wconf 61' lang='lat' dir='ltr'>Piraeeo</span> <span class='ocrx_word' id='word_1_173' title='bbox 1159 1137 1366 1187; x_wconf 86' lang='lat' dir='ltr'>abessem,</span> <span class='ocrx_word' id='word_1_174' title='bbox 1397 1151 1501 1192; x_wconf 87' lang='lat' dir='ltr'>puer</span> <span class='ocrx_word' id='word_1_175' title='bbox 1532 1136 1635 1178; x_wconf 76' lang='lat' dir='ltr'>Aci-</span> 
     </span>
     <span class='ocr_line' id='line_1_22' title="bbox 200 1193 1634 1249; baseline 0 -15"><span class='ocrx_word' id='word_1_176' title='bbox 200 1193 292 1234; x_wconf 89' lang='lat' dir='ltr'>dini</span> <span class='ocrx_word' id='word_1_177' title='bbox 315 1193 487 1234; x_wconf 83' lang='lat' dir='ltr'>obviam</span> <span class='ocrx_word' id='word_1_178' title='bbox 511 1193 616 1234; x_wconf 88' lang='lat' dir='ltr'>mihi</span> <span class='ocrx_word' id='word_1_179' title='bbox 642 1194 760 1234; x_wconf 87' lang='lat' dir='ltr'>venit</span> <span class='ocrx_word' id='word_1_180' title='bbox 780 1208 878 1235; x_wconf 88' lang='lat' dir='ltr'>cum</span> <span class='ocrx_word' id='word_1_181' title='bbox 902 1193 1134 1236; x_wconf 80' lang='lat' dir='ltr'>codicillis,</span> <span class='ocrx_word' id='word_1_182' title='bbox 1168 1194 1209 1234; x_wconf 92' lang='lat' dir='ltr'>in</span> <span class='ocrx_word' id='word_1_183' title='bbox 1241 1193 1397 1249; x_wconf 87' lang='lat' dir='ltr'>quibus</span> <span class='ocrx_word' id='word_1_184' title='bbox 1418 1202 1510 1234; x_wconf 82' lang='lat' dir='ltr'>erat</span> <span class='ocrx_word' id='word_1_185' title='bbox 1531 1193 1634 1235; x_wconf 87' lang='lat' dir='ltr'>scri-</span> 
     </span>
     <span class='ocr_line' id='line_1_23' title="bbox 198 1250 1634 1313; baseline 0.001 -22"><span class='ocrx_word' id='word_1_186' title='bbox 198 1257 340 1313; x_wconf 85' lang='lat' dir='ltr'>ptum,</span> <span class='ocrx_word' id='word_1_187' title='bbox 377 1250 519 1306; x_wconf 85' lang='lat' dir='ltr'>paullo</span> <span class='ocrx_word' id='word_1_188' title='bbox 552 1260 651 1292; x_wconf 82' lang='lat' dir='ltr'>ante</span> <span class='ocrx_word' id='word_1_189' title='bbox 684 1251 823 1292; x_wconf 87' lang='lat' dir='ltr'>lucem</span> <span class='ocrx_word' id='word_1_190' title='bbox 859 1250 1116 1291; x_wconf 68' lang='lat' dir='ltr'>Mancellum</span> <span class='ocrx_word' id='word_1_191' title='bbox 1147 1250 1261 1291; x_wconf 88' lang='lat' dir='ltr'>diem</span> <span class='ocrx_word' id='word_1_192' title='bbox 1300 1265 1422 1291; x_wconf 90' lang='lat' dir='ltr'>suum</span> <span class='ocrx_word' id='word_1_193' title='bbox 1459 1251 1634 1292; x_wconf 89' lang='lat' dir='ltr'>obiisse.</span> 
     </span>
     <span class='ocr_line' id='line_1_24' title="bbox 202 1307 1633 1350; baseline -0.001 0"><span class='ocrx_word' id='word_1_194' title='bbox 202 1307 271 1350; x_wconf 83' lang='lat' dir='ltr'>Ita</span> <span class='ocrx_word' id='word_1_195' title='bbox 291 1322 355 1348; x_wconf 81' lang='lat' dir='ltr'>vlr</span> <span class='ocrx_word' id='word_1_196' title='bbox 378 1307 636 1348; x_wconf 80' lang='lat' dir='ltr'>clarissimus</span> <span class='ocrx_word' id='word_1_197' title='bbox 658 1309 712 1349; x_wconf 86' lang='lat' dir='ltr'>ab</span> <span class='ocrx_word' id='word_1_198' title='bbox 739 1307 914 1349; x_wconf 88' lang='lat' dir='ltr'>homine</span> <span class='ocrx_word' id='word_1_199' title='bbox 940 1308 1170 1348; x_wconf 85' lang='lat' dir='ltr'>deterrimo</span> <span class='ocrx_word' id='word_1_200' title='bbox 1197 1308 1472 1349; x_wconf 83' lang='lat' dir='ltr'>acerbissima</span> <span class='ocrx_word' id='word_1_201' title='bbox 1496 1319 1633 1350; x_wconf 88' lang='lat' dir='ltr'>morte</span> 
     </span>
     <span class='ocr_line' id='line_1_25' title="bbox 198 1363 1633 1420; baseline 0.001 -16"><span class='ocrx_word' id='word_1_202' title='bbox 198 1372 265 1405; x_wconf 90' lang='lat' dir='ltr'>est</span> <span class='ocrx_word' id='word_1_203' title='bbox 285 1364 487 1406; x_wconf 86' lang='lat' dir='ltr'>affectus:</span> <span class='ocrx_word' id='word_1_204' title='bbox 515 1373 559 1405; x_wconf 88' lang='lat' dir='ltr'>et</span> <span class='ocrx_word' id='word_1_205' title='bbox 581 1365 649 1406; x_wconf 90' lang='lat' dir='ltr'>cui</span> <span class='ocrx_word' id='word_1_206' title='bbox 674 1365 837 1405; x_wconf 83' lang='lat' dir='ltr'>inimici</span> <span class='ocrx_word' id='word_1_207' title='bbox 862 1375 1035 1420; x_wconf 87' lang='lat' dir='ltr'>propte1</span> <span class='ocrx_word' id='word_1_208' title='bbox 1056 1363 1315 1420; x_wconf 84' lang='lat' dir='ltr'>dignitatem</span> <span class='ocrx_word' id='word_1_209' title='bbox 1338 1374 1633 1420; x_wconf 83' lang='lat' dir='ltr'>pepercerant,</span> 
     </span>
     <span class='ocr_line' id='line_1_26' title="bbox 199 1397 1632 1476; baseline 0 -14"><span class='ocrx_word' id='word_1_210' title='bbox 199 1420 400 1463; x_wconf 88' lang='lat' dir='ltr'>inventus</span> <span class='ocrx_word' id='word_1_211' title='bbox 435 1431 499 1462; x_wconf 89' lang='lat' dir='ltr'>est</span> <span class='ocrx_word' id='word_1_212' title='bbox 531 1422 707 1472; x_wconf 82' lang='lat' dir='ltr'>amicus,</span> <span class='ocrx_word' id='word_1_213' title='bbox 737 1422 865 1476; x_wconf 76' lang='lat' dir='ltr'>40qui</span> <span class='ocrx_word' id='word_1_214' title='bbox 896 1429 1077 1462; x_wconf 87' lang='lat' dir='ltr'>mortem</span> <span class='ocrx_word' id='word_1_215' title='bbox 1104 1397 1298 1462; x_wconf 81' lang='lat' dir='ltr'>afferret.</span> <span class='ocrx_word' id='word_1_216' title='bbox 1360 1420 1455 1476; x_wconf 85' lang='lat' dir='ltr'>Ego</span> <span class='ocrx_word' id='word_1_217' title='bbox 1487 1430 1632 1467; x_wconf 83' lang='lat' dir='ltr'>tamen</span> 
     </span>
     <span class='ocr_line' id='line_1_27' title="bbox 197 1476 1631 1533; baseline -0.001 -13"><span class='ocrx_word' id='word_1_218' title='bbox 197 1478 252 1521; x_wconf 82' lang='lat' dir='ltr'>ad</span> <span class='ocrx_word' id='word_1_219' title='bbox 276 1477 596 1519; x_wconf 80' lang='lat' dir='ltr'>tabernaculum</span> <span class='ocrx_word' id='word_1_220' title='bbox 621 1478 713 1533; x_wconf 86' lang='lat' dir='ltr'>ejus</span> <span class='ocrx_word' id='word_1_221' title='bbox 738 1476 922 1533; x_wconf 84' lang='lat' dir='ltr'>perrexi.</span> <span class='ocrx_word' id='word_1_222' title='bbox 953 1478 1097 1518; x_wconf 88' lang='lat' dir='ltr'>inveni</span> <span class='ocrx_word' id='word_1_223' title='bbox 1121 1478 1227 1519; x_wconf 91' lang='lat' dir='ltr'>duos</span> <span class='ocrx_word' id='word_1_224' title='bbox 1251 1477 1441 1527; x_wconf 75' lang='lat' dir='ltr'>libertos,</span> <span class='ocrx_word' id='word_1_225' title='bbox 1462 1487 1505 1518; x_wconf 88' lang='lat' dir='ltr'>et</span> <span class='ocrx_word' id='word_1_226' title='bbox 1527 1492 1631 1533; x_wconf 85' lang='lat' dir='ltr'>pau-</span> 
     </span>
     <span class='ocr_line' id='line_1_28' title="bbox 196 1533 1630 1590; baseline 0 -14"><span class='ocrx_word' id='word_1_227' title='bbox 196 1533 317 1577; x_wconf 83' lang='lat' dir='ltr'>culos</span> <span class='ocrx_word' id='word_1_228' title='bbox 340 1549 497 1576; x_wconf 90' lang='lat' dir='ltr'>servos.</span> <span class='ocrx_word' id='word_1_229' title='bbox 529 1534 714 1590; x_wconf 90' lang='lat' dir='ltr'>reliquos</span> <span class='ocrx_word' id='word_1_230' title='bbox 736 1535 910 1576; x_wconf 81' lang='lat' dir='ltr'>aiebant</span> <span class='ocrx_word' id='word_1_231' title='bbox 941 1534 1197 1590; x_wconf 81' lang='lat' dir='ltr'>profugisse,</span> <span class='ocrx_word' id='word_1_232' title='bbox 1225 1544 1342 1576; x_wconf 90' lang='lat' dir='ltr'>metu</span> <span class='ocrx_word' id='word_1_233' title='bbox 1368 1535 1630 1590; x_wconf 86' lang='lat' dir='ltr'>perterritos,</span> 
     </span>
     <span class='ocr_line' id='line_1_29' title="bbox 195 1590 1626 1645; baseline 0.001 -13"><span class='ocrx_word' id='word_1_234' title='bbox 195 1592 312 1645; x_wconf 89' lang='lat' dir='ltr'>quod</span> <span class='ocrx_word' id='word_1_235' title='bbox 334 1592 534 1633; x_wconf 88' lang='lat' dir='ltr'>dominus</span> <span class='ocrx_word' id='word_1_236' title='bbox 556 1606 703 1633; x_wconf 88' lang='lat' dir='ltr'>eorum</span> <span class='ocrx_word' id='word_1_237' title='bbox 735 1600 834 1633; x_wconf 88' lang='lat' dir='ltr'>ante</span> <span class='ocrx_word' id='word_1_238' title='bbox 866 1590 1186 1632; x_wconf 86' lang='lat' dir='ltr'>tabernaculum</span> <span class='ocrx_word' id='word_1_239' title='bbox 1221 1590 1471 1632; x_wconf 87' lang='lat' dir='ltr'>interfectus</span> <span class='ocrx_word' id='word_1_240' title='bbox 1500 1603 1626 1634; x_wconf 87' lang='lat' dir='ltr'>esset.</span> 
     </span>
     <span class='ocr_line' id='line_1_30' title="bbox 197 1648 1626 1704; baseline 0 -14"><span class='ocrx_word' id='word_1_241' title='bbox 197 1648 386 1690; x_wconf 87' lang='lat' dir='ltr'>Coactus</span> <span class='ocrx_word' id='word_1_242' title='bbox 419 1663 511 1689; x_wconf 88' lang='lat' dir='ltr'>sum</span> <span class='ocrx_word' id='word_1_243' title='bbox 542 1649 584 1690; x_wconf 91' lang='lat' dir='ltr'>in</span> <span class='ocrx_word' id='word_1_244' title='bbox 606 1649 753 1690; x_wconf 80' lang='lat' dir='ltr'>eadem</span> <span class='ocrx_word' id='word_1_245' title='bbox 778 1648 848 1689; x_wconf 83' lang='lat' dir='ltr'>illa</span> <span class='ocrx_word' id='word_1_246' title='bbox 868 1648 1033 1699; x_wconf 82' lang='lat' dir='ltr'>lectica,</span> <span class='ocrx_word' id='word_1_247' title='bbox 1065 1663 1149 1703; x_wconf 87' lang='lat' dir='ltr'>qua</span> <span class='ocrx_word' id='word_1_248' title='bbox 1179 1649 1270 1704; x_wconf 91' lang='lat' dir='ltr'>ipse</span> <span class='ocrx_word' id='word_1_249' title='bbox 1300 1648 1464 1689; x_wconf 85' lang='lat' dir='ltr'>delatus</span> <span class='ocrx_word' id='word_1_250' title='bbox 1494 1663 1626 1700; x_wconf 86' lang='lat' dir='ltr'>eram,</span> 
     </span>
     <span class='ocr_line' id='line_1_31' title="bbox 193 1705 1627 1761; baseline 0.001 -15"><span class='ocrx_word' id='word_1_251' title='bbox 193 1706 388 1761; x_wconf 81' lang='lat' dir='ltr'>meisque</span> <span class='ocrx_word' id='word_1_252' title='bbox 409 1706 637 1747; x_wconf 82' lang='lat' dir='ltr'>lecticariis</span> <span class='ocrx_word' id='word_1_253' title='bbox 661 1706 703 1746; x_wconf 89' lang='lat' dir='ltr'>in</span> <span class='ocrx_word' id='word_1_254' title='bbox 727 1707 874 1747; x_wconf 89' lang='lat' dir='ltr'>urbem</span> <span class='ocrx_word' id='word_1_255' title='bbox 898 1719 995 1746; x_wconf 79' lang='lat' dir='ltr'>euin</span> <span class='ocrx_word' id='word_1_256' title='bbox 1019 1706 1198 1746; x_wconf 83' lang='lat' dir='ltr'>referre:</span> <span class='ocrx_word' id='word_1_257' title='bbox 1222 1705 1367 1760; x_wconf 88' lang='lat' dir='ltr'>ibique</span> <span class='ocrx_word' id='word_1_258' title='bbox 1385 1719 1461 1760; x_wconf 90' lang='lat' dir='ltr'>pro</span> <span class='ocrx_word' id='word_1_259' title='bbox 1483 1720 1533 1746; x_wconf 86' lang='lat' dir='ltr'>ea</span> <span class='ocrx_word' id='word_1_260' title='bbox 1553 1720 1627 1748; x_wconf 90' lang='lat' dir='ltr'>co-</span> 
     </span>
     <span class='ocr_line' id='line_1_32' title="bbox 193 1761 1625 1818; baseline 0.001 -16"><span class='ocrx_word' id='word_1_261' title='bbox 193 1763 281 1818; x_wconf 81' lang='lat' dir='ltr'>pia,</span> <span class='ocrx_word' id='word_1_262' title='bbox 319 1778 415 1818; x_wconf 82' lang='lat' dir='ltr'>quae</span> <span class='ocrx_word' id='word_1_263' title='bbox 446 1762 630 1803; x_wconf 84' lang='lat' dir='ltr'>Athenis</span> <span class='ocrx_word' id='word_1_264' title='bbox 660 1772 765 1813; x_wconf 85' lang='lat' dir='ltr'>erat,</span> <span class='ocrx_word' id='word_1_265' title='bbox 798 1762 925 1803; x_wconf 88' lang='lat' dir='ltr'>funus</span> <span class='ocrx_word' id='word_1_266' title='bbox 956 1762 993 1802; x_wconf 90' lang='lat' dir='ltr'>ei</span> <span class='ocrx_word' id='word_1_267' title='bbox 1026 1763 1126 1803; x_wconf 80' lang='lat' dir='ltr'>salis</span> <span class='ocrx_word' id='word_1_268' title='bbox 1158 1762 1347 1818; x_wconf 84' lang='lat' dir='ltr'>amplum</span> <span class='ocrx_word' id='word_1_269' title='bbox 1379 1761 1625 1805; x_wconf 78' lang='lat' dir='ltr'>faciendum</span> 
     </span>
     <span class='ocr_line' id='line_1_33' title="bbox 193 1819 1627 1875; baseline 0.001 -15"><span class='ocrx_word' id='word_1_270' title='bbox 193 1820 354 1860; x_wconf 87' lang='lat' dir='ltr'>curavi.</span> <span class='ocrx_word' id='word_1_271' title='bbox 414 1819 485 1860; x_wconf 87' lang='lat' dir='ltr'>Ab</span> <span class='ocrx_word' id='word_1_272' title='bbox 518 1819 869 1869; x_wconf 83' lang='lat' dir='ltr'>Atheniensibus,</span> <span class='ocrx_word' id='word_1_273' title='bbox 902 1819 1043 1860; x_wconf 87' lang='lat' dir='ltr'>locum</span> <span class='ocrx_word' id='word_1_274' title='bbox 1075 1819 1304 1875; x_wconf 75' lang='lat' dir='ltr'>sepulturae</span> <span class='ocrx_word' id='word_1_275' title='bbox 1336 1820 1447 1860; x_wconf 86' lang='lat' dir='ltr'>intra</span> <span class='ocrx_word' id='word_1_276' title='bbox 1478 1820 1627 1862; x_wconf 85' lang='lat' dir='ltr'>urbem</span> 
     </span>
     <span class='ocr_line' id='line_1_34' title="bbox 192 1875 1628 1932; baseline 0.001 -15"><span class='ocrx_word' id='word_1_277' title='bbox 192 1885 242 1917; x_wconf 89' lang='lat' dir='ltr'>ut</span> <span class='ocrx_word' id='word_1_278' title='bbox 263 1876 428 1927; x_wconf 84' lang='lat' dir='ltr'>dar,cnt</span> <span class='ocrx_word' id='word_1_279' title='bbox 453 1878 679 1932; x_wconf 83' lang='lat' dir='ltr'>impetrare</span> <span class='ocrx_word' id='word_1_280' title='bbox 711 1891 795 1918; x_wconf 86' lang='lat' dir='ltr'>non</span> <span class='ocrx_word' id='word_1_281' title='bbox 824 1876 1102 1932; x_wconf 76' lang='lat' dir='ltr'>pot1.i,quod</span> <span class='ocrx_word' id='word_1_282' title='bbox 1134 1875 1341 1932; x_wconf 83' lang='lat' dir='ltr'>religione</span> <span class='ocrx_word' id='word_1_283' title='bbox 1365 1890 1408 1916; x_wconf 92' lang='lat' dir='ltr'>se</span> <span class='ocrx_word' id='word_1_284' title='bbox 1430 1876 1628 1932; x_wconf 85' lang='lat' dir='ltr'>impediri</span> 
     </span>
     <span class='ocr_line' id='line_1_35' title="bbox 192 1932 1622 1988; baseline 0.001 -15"><span class='ocrx_word' id='word_1_285' title='bbox 192 1933 405 1975; x_wconf 87' lang='lat' dir='ltr'>dicerent:</span> <span class='ocrx_word' id='word_1_286' title='bbox 458 1943 594 1988; x_wconf 89' lang='lat' dir='ltr'>neque</span> <span class='ocrx_word' id='word_1_287' title='bbox 634 1943 774 1974; x_wconf 80' lang='lat' dir='ltr'>tamen</span> <span class='ocrx_word' id='word_1_288' title='bbox 816 1933 856 1974; x_wconf 82' lang='lat' dir='ltr'>id</span> <span class='ocrx_word' id='word_1_289' title='bbox 901 1942 1026 1974; x_wconf 79' lang='lat' dir='ltr'>antea</span> <span class='ocrx_word' id='word_1_290' title='bbox 1065 1932 1266 1988; x_wconf 81' lang='lat' dir='ltr'>cuiquam</span> <span class='ocrx_word' id='word_1_291' title='bbox 1308 1942 1622 1975; x_wconf 85' lang='lat' dir='ltr'>concesserant.</span> 
     </span>
    </p>

    <p class='ocr_par' dir='ltr' id='par_1_4' title="bbox 194 1989 1626 2160">
     <span class='ocr_line' id='line_1_36' title="bbox 195 1989 1622 2046; baseline 0.001 -15"><span class='ocrx_word' id='word_1_292' title='bbox 195 1990 325 2037; x_wconf 83' lang='lat' dir='ltr'>Quod</span> <span class='ocrx_word' id='word_1_293' title='bbox 358 1990 602 2046; x_wconf 78' lang='lat' dir='ltr'>proximum</span> <span class='ocrx_word' id='word_1_294' title='bbox 628 1990 725 2041; x_wconf 84' lang='lat' dir='ltr'>fuit,</span> <span class='ocrx_word' id='word_1_295' title='bbox 757 1990 833 2041; x_wconf 89' lang='lat' dir='ltr'>uti,</span> <span class='ocrx_word' id='word_1_296' title='bbox 861 1990 904 2030; x_wconf 87' lang='lat' dir='ltr'>in</span> <span class='ocrx_word' id='word_1_297' title='bbox 927 2004 1012 2045; x_wconf 91' lang='lat' dir='ltr'>quo</span> <span class='ocrx_word' id='word_1_298' title='bbox 1037 1989 1288 2031; x_wconf 85' lang='lat' dir='ltr'>vellemus</span> <span class='ocrx_word' id='word_1_299' title='bbox 1260 1989 1502 2046; x_wconf 86' lang='lat' dir='ltr'>gymnasio,</span> <span class='ocrx_word' id='word_1_300' title='bbox 1524 2005 1622 2032; x_wconf 88' lang='lat' dir='ltr'>eum</span> 
     </span>
     <span class='ocr_line' id='line_1_37' title="bbox 194 2046 1626 2104; baseline 0.001 -18"><span class='ocrx_word' id='word_1_301' title='bbox 194 2047 482 2103; x_wconf 82' lang='lat' dir='ltr'>sepeliremus,</span> <span class='ocrx_word' id='word_1_302' title='bbox 504 2048 628 2088; x_wconf 90' lang='lat' dir='ltr'>nobis</span> <span class='ocrx_word' id='word_1_303' title='bbox 655 2047 952 2104; x_wconf 77' lang='lat' dir='ltr'>pei·mise1·.unt</span> <span class='ocrx_word' id='word_1_304' title='bbox 1014 2046 1106 2087; x_wconf 89' lang='lat' dir='ltr'>Nos</span> <span class='ocrx_word' id='word_1_305' title='bbox 1137 2048 1179 2087; x_wconf 91' lang='lat' dir='ltr'>in</span> <span class='ocrx_word' id='word_1_306' title='bbox 1211 2047 1479 2088; x_wconf 87' lang='lat' dir='ltr'>nobilissimo</span> <span class='ocrx_word' id='word_1_307' title='bbox 1508 2048 1626 2089; x_wconf 88' lang='lat' dir='ltr'>orbis</span> 
     </span>
     <span class='ocr_line' id='line_1_38' title="bbox 194 2103 1625 2161; baseline 0.001 -16"><span class='ocrx_word' id='word_1_308' title='bbox 194 2114 401 2146; x_wconf 85' lang='lat' dir='ltr'>terrarum</span> <span class='ocrx_word' id='word_1_309' title='bbox 422 2105 647 2161; x_wconf 76' lang='lat' dir='ltr'>gymnasio</span> <span class='ocrx_word' id='word_1_310' title='bbox 667 2103 914 2146; x_wconf 81' lang='lat' dir='ltr'>Academiae</span> <span class='ocrx_word' id='word_1_311' title='bbox 934 2103 1075 2145; x_wconf 84' lang='lat' dir='ltr'>locum</span> <span class='ocrx_word' id='word_1_312' title='bbox 1094 2103 1344 2160; x_wconf 84' lang='lat' dir='ltr'>delegimus,</span> <span class='ocrx_word' id='word_1_313' title='bbox 1363 2103 1508 2159; x_wconf 90' lang='lat' dir='ltr'>ibique</span> <span class='ocrx_word' id='word_1_314' title='bbox 1526 2118 1625 2147; x_wconf 87' lang='lat' dir='ltr'>eum</span> 
     </span>
    </p>
   </div>
   <div class='ocr_carea' id='block_1_4' title="bbox 189 2234 889 2855">
    <p class='ocr_par' dir='ltr' id='par_1_5' title="bbox 191 2234 888 2567">
     <span class='ocr_line' id='line_1_39' title="bbox 192 2234 885 2273; baseline 0 -8"><span class='ocrx_word' id='word_1_315' title='bbox 192 2234 246 2265; x_wconf 71' lang='lat' dir='ltr'>&amp;ic</span> <span class='ocrx_word' id='word_1_316' title='bbox 267 2234 367 2265; x_wconf 83' lang='lat' dir='ltr'>edidit</span> <span class='ocrx_word' id='word_1_317' title='bbox 389 2235 560 2269; x_wconf 82' lang='lat' dir='ltr'>Gruterus,</span> <span class='ocrx_word' id='word_1_318' title='bbox 586 2244 642 2273; x_wconf 78' lang='lat' dir='ltr'>pro</span> <span class='ocrx_word' id='word_1_319' title='bbox 657 2234 790 2273; x_wconf 74' lang='lat' dir='ltr'>vulgato</span> <span class='ocrx_word' id='word_1_320' title='bbox 812 2239 885 2265; x_wconf 88' lang='lat' dir='ltr'>tum</span> 
     </span>
     <span class='ocr_line' id='line_1_40' title="bbox 192 2276 886 2315; baseline 0 -9"><span class='ocrx_word' id='word_1_321' title='bbox 192 2277 291 2313; x_wconf 72' lang='lat' dir='ltr'>honis,</span> <span class='ocrx_word' id='word_1_322' title='bbox 313 2276 398 2315; x_wconf 86' lang='lat' dir='ltr'>qnod</span> <span class='ocrx_word' id='word_1_323' title='bbox 413 2277 445 2306; x_wconf 87' lang='lat' dir='ltr'>in</span> <span class='ocrx_word' id='word_1_324' title='bbox 463 2277 690 2315; x_wconf 80' lang='lat' dir='ltr'>repetitionem</span> <span class='ocrx_word' id='word_1_325' title='bbox 706 2277 886 2307; x_wconf 81' lang='lat' dir='ltr'>Gronovia-</span> 
     </span>
     <span class='ocr_line' id='line_1_41' title="bbox 193 2318 887 2358; baseline -0.001 -9"><span class='ocrx_word' id='word_1_326' title='bbox 193 2328 272 2349; x_wconf 78' lang='lat' dir='ltr'>nam</span> <span class='ocrx_word' id='word_1_327' title='bbox 302 2328 412 2348; x_wconf 86' lang='lat' dir='ltr'>rursus</span> <span class='ocrx_word' id='word_1_328' title='bbox 440 2318 579 2358; x_wconf 81' lang='lat' dir='ltr'>irrepsit.</span> <span class='ocrx_word' id='word_1_329' title='bbox 624 2320 709 2349; x_wconf 85' lang='lat' dir='ltr'>Cum</span> <span class='ocrx_word' id='word_1_330' title='bbox 738 2319 824 2348; x_wconf 80' lang='lat' dir='ltr'>bonis</span> <span class='ocrx_word' id='word_1_331' title='bbox 853 2319 887 2348; x_wconf 90' lang='lat' dir='ltr'>in</span> 
     </span>
     <span class='ocr_line' id='line_1_42' title="bbox 191 2359 886 2400; baseline -0.001 -9"><span class='ocrx_word' id='word_1_332' title='bbox 191 2359 343 2400; x_wconf 84' lang='lat' dir='ltr'>exemplo</span> <span class='ocrx_word' id='word_1_333' title='bbox 369 2370 441 2390; x_wconf 87' lang='lat' dir='ltr'>meo</span> <span class='ocrx_word' id='word_1_334' title='bbox 468 2366 565 2397; x_wconf 81' lang='lat' dir='ltr'>esset,</span> <span class='ocrx_word' id='word_1_335' title='bbox 595 2360 781 2400; x_wconf 80' lang='lat' dir='ltr'>suspicabar</span> <span class='ocrx_word' id='word_1_336' title='bbox 808 2360 886 2390; x_wconf 89' lang='lat' dir='ltr'>olim</span> 
     </span>
     <span class='ocr_line' id='line_1_43' title="bbox 192 2402 888 2442; baseline -0.001 -10"><span class='ocrx_word' id='word_1_337' title='bbox 192 2403 384 2438; x_wconf 79' lang='lat' dir='ltr'>hominibus,</span> <span class='ocrx_word' id='word_1_338' title='bbox 413 2413 429 2432; x_wconf 91' lang='lat' dir='ltr'>e</span> <span class='ocrx_word' id='word_1_339' title='bbox 458 2403 551 2440; x_wconf 69' lang='lat' dir='ltr'>eujus</span> <span class='ocrx_word' id='word_1_340' title='bbox 579 2402 771 2442; x_wconf 85' lang='lat' dir='ltr'>compendio</span> <span class='ocrx_word' id='word_1_341' title='bbox 802 2403 888 2432; x_wconf 73' lang='lat' dir='ltr'>bonis</span> 
     </span>
     <span class='ocr_line' id='line_1_44' title="bbox 192 2444 886 2477; baseline -0.003 -1"><span class='ocrx_word' id='word_1_342' title='bbox 192 2450 309 2477; x_wconf 76' lang='lat' dir='ltr'>natum</span> <span class='ocrx_word' id='word_1_343' title='bbox 325 2449 408 2475; x_wconf 78' lang='lat' dir='ltr'>esset</span> <span class='ocrx_word' id='word_1_344' title='bbox 419 2456 428 2474; x_wconf 78' lang='lat' dir='ltr'><strong><em>z</em></strong></span> <span class='ocrx_word' id='word_1_345' title='bbox 445 2444 499 2474; x_wconf 76' lang='lat' dir='ltr'>sed</span> <span class='ocrx_word' id='word_1_346' title='bbox 515 2445 600 2474; x_wconf 77' lang='lat' dir='ltr'>nobis</span> <span class='ocrx_word' id='word_1_347' title='bbox 612 2454 723 2474; x_wconf 81' lang='lat' dir='ltr'>verum</span> <span class='ocrx_word' id='word_1_348' title='bbox 739 2449 807 2474; x_wconf 84' lang='lat' dir='ltr'>est:</span> <span class='ocrx_word' id='word_1_349' title='bbox 825 2445 886 2474; x_wconf 84' lang='lat' dir='ltr'>etsi</span> 
     </span>
     <span class='ocr_line' id='line_1_45' title="bbox 191 2486 678 2518; baseline -0.002 -1"><span class='ocrx_word' id='word_1_350' title='bbox 191 2493 227 2518; x_wconf 82' lang='lat' dir='ltr'>et</span> <span class='ocrx_word' id='word_1_351' title='bbox 241 2497 305 2518; x_wconf 84' lang='lat' dir='ltr'>scr.</span> <span class='ocrx_word' id='word_1_352' title='bbox 328 2487 429 2517; x_wconf 81' lang='lat' dir='ltr'>nostri</span> <span class='ocrx_word' id='word_1_353' title='bbox 446 2487 531 2516; x_wconf 75' lang='lat' dir='ltr'>bonis</span> <span class='ocrx_word' id='word_1_354' title='bbox 546 2486 678 2518; x_wconf 78' lang='lat' dir='ltr'>babent.</span> 
     </span>
     <span class='ocr_line' id='line_1_46' title="bbox 192 2528 490 2567; baseline -0.007 -7"><span class='ocrx_word' id='word_1_355' title='bbox 192 2534 232 2560; x_wconf 82' lang='lat' dir='ltr'>ut</span> <span class='ocrx_word' id='word_1_356' title='bbox 246 2540 277 2559; x_wconf 75' lang='lat' dir='ltr'>v.</span> <span class='ocrx_word' id='word_1_357' title='bbox 293 2539 320 2560; x_wconf 90' lang='lat' dir='ltr'>c.</span> <span class='ocrx_word' id='word_1_358' title='bbox 328 2528 490 2567; x_wconf 80' lang='lat' dir='ltr'>facerem.</span> 
     </span>
    </p>

    <p class='ocr_par' dir='ltr' id='par_1_6' title="bbox 189 2570 889 2855">
     <span class='ocr_line' id='line_1_47' title="bbox 235 2570 886 2609; baseline -0.003 -7"><span class='ocrx_word' id='word_1_359' title='bbox 235 2575 275 2606; x_wconf 85' lang='grc'>37</span> <span class='ocrx_word' id='word_1_360' title='bbox 289 2580 363 2601; x_wconf 78' lang='lat' dir='ltr'>eum</span> <span class='ocrx_word' id='word_1_361' title='bbox 379 2572 420 2601; x_wconf 77' lang='lat' dir='ltr'>ab</span> <span class='ocrx_word' id='word_1_362' title='bbox 434 2581 467 2601; x_wconf 88' lang='lat' dir='ltr'>eo</span> <span class='ocrx_word' id='word_1_363' title='bbox 482 2570 644 2609; x_wconf 78' lang='lat' dir='ltr'>digressus</span> <span class='ocrx_word' id='word_1_364' title='bbox 655 2570 766 2609; x_wconf 81' lang='lat' dir='ltr'>essem]</span> <span class='ocrx_word' id='word_1_365' title='bbox 783 2570 886 2600; x_wconf 83' lang='lat' dir='ltr'>Nem-</span> 
     </span>
     <span class='ocr_line' id='line_1_48' title="bbox 193 2612 888 2654; baseline -0.004 -10"><span class='ocrx_word' id='word_1_366' title='bbox 193 2624 233 2654; x_wconf 86' lang='lat' dir='ltr'>pe</span> <span class='ocrx_word' id='word_1_367' title='bbox 249 2625 266 2644; x_wconf 87' lang='lat' dir='ltr'>e</span> <span class='ocrx_word' id='word_1_368' title='bbox 282 2614 403 2644; x_wconf 65' lang='lat' dir='ltr'>Piraeeo</span> <span class='ocrx_word' id='word_1_369' title='bbox 417 2612 572 2643; x_wconf 83' lang='lat' dir='ltr'>Athenas.</span> <span class='ocrx_word' id='word_1_370' title='bbox 596 2613 635 2642; x_wconf 83' lang='lat' dir='ltr'>ab</span> <span class='ocrx_word' id='word_1_371' title='bbox 656 2613 790 2643; x_wconf 67' lang='lat' dir='ltr'>Athenis</span> <span class='ocrx_word' id='word_1_372' title='bbox 805 2619 854 2642; x_wconf 80' lang='lat' dir='ltr'>est</span> <span class='ocrx_word' id='word_1_373' title='bbox 869 2622 888 2641; x_wconf 86' lang='lat' dir='ltr'>a</span> 
     </span>
     <span class='ocr_line' id='line_1_49' title="bbox 191 2654 886 2695; baseline -0.003 -10"><span class='ocrx_word' id='word_1_374' title='bbox 191 2655 316 2695; x_wconf 69' lang='lat' dir='ltr'>glossa:</span> <span class='ocrx_word' id='word_1_375' title='bbox 342 2665 496 2695; x_wconf 84' lang='lat' dir='ltr'>quorsum</span> <span class='ocrx_word' id='word_1_376' title='bbox 510 2655 598 2684; x_wconf 89' lang='lat' dir='ltr'>enim</span> <span class='ocrx_word' id='word_1_377' title='bbox 619 2654 774 2684; x_wconf 82' lang='lat' dir='ltr'>additur?</span> <span class='ocrx_word' id='word_1_378' title='bbox 800 2664 817 2684; x_wconf 89' lang='lat' dir='ltr'>e</span> <span class='ocrx_word' id='word_1_379' title='bbox 838 2663 886 2683; x_wconf 74' lang='lat' dir='ltr'>se—</span> 
     </span>
     <span class='ocr_line' id='line_1_50' title="bbox 190 2697 889 2736; baseline -0.004 -9"><span class='ocrx_word' id='word_1_380' title='bbox 190 2698 365 2736; x_wconf 81' lang='lat' dir='ltr'>quentibus</span> <span class='ocrx_word' id='word_1_381' title='bbox 402 2697 530 2728; x_wconf 87' lang='lat' dir='ltr'>videtur</span> <span class='ocrx_word' id='word_1_382' title='bbox 564 2697 753 2736; x_wconf 86' lang='lat' dir='ltr'>repetitum,</span> <span class='ocrx_word' id='word_1_383' title='bbox 776 2705 889 2734; x_wconf 85' lang='lat' dir='ltr'>quam-</span> 
     </span>
     <span class='ocr_line' id='line_1_51' title="bbox 190 2737 884 2779; baseline -0.003 -10"><span class='ocrx_word' id='word_1_384' title='bbox 190 2749 288 2779; x_wconf 83' lang='lat' dir='ltr'>quam</span> <span class='ocrx_word' id='word_1_385' title='bbox 312 2746 345 2770; x_wconf 84' lang='lat' dir='ltr'>et</span> <span class='ocrx_word' id='word_1_386' title='bbox 369 2740 413 2770; x_wconf 86' lang='lat' dir='ltr'>ibi</span> <span class='ocrx_word' id='word_1_387' title='bbox 441 2738 555 2769; x_wconf 86' lang='lat' dir='ltr'>melius</span> <span class='ocrx_word' id='word_1_388' title='bbox 579 2739 673 2769; x_wconf 84' lang='lat' dir='ltr'>absit.</span> <span class='ocrx_word' id='word_1_389' title='bbox 719 2739 816 2769; x_wconf 87' lang='lat' dir='ltr'>Certe</span> <span class='ocrx_word' id='word_1_390' title='bbox 841 2737 884 2767; x_wconf 89' lang='lat' dir='ltr'>ibi</span> 
     </span>
     <span class='ocr_line' id='line_1_52' title="bbox 189 2780 885 2820; baseline -0.001 -9"><span class='ocrx_word' id='word_1_391' title='bbox 189 2781 288 2812; x_wconf 81' lang='lat' dir='ltr'>deleri</span> <span class='ocrx_word' id='word_1_392' title='bbox 313 2781 420 2820; x_wconf 83' lang='lat' dir='ltr'>debet,</span> <span class='ocrx_word' id='word_1_393' title='bbox 447 2782 472 2812; x_wconf 89' lang='lat' dir='ltr'>si</span> <span class='ocrx_word' id='word_1_394' title='bbox 499 2781 552 2812; x_wconf 87' lang='lat' dir='ltr'>hic</span> <span class='ocrx_word' id='word_1_395' title='bbox 572 2790 685 2812; x_wconf 85' lang='lat' dir='ltr'>verum</span> <span class='ocrx_word' id='word_1_396' title='bbox 710 2786 771 2811; x_wconf 83' lang='lat' dir='ltr'>est.</span> <span class='ocrx_word' id='word_1_397' title='bbox 792 2780 885 2811; x_wconf 86' lang='lat' dir='ltr'>uncis</span> 
     </span>
     <span class='ocr_line' id='line_1_53' title="bbox 189 2823 317 2855; baseline -0.008 0"><span class='ocrx_word' id='word_1_398' title='bbox 189 2823 317 2855; x_wconf 76' lang='lat' dir='ltr'>inclusi.</span> 
     </span>
    </p>
   </div>
   <div class='ocr_carea' id='block_1_5' title="bbox 721 2486 886 2526">
    <p class='ocr_par' dir='ltr' id='par_1_7' title="bbox 721 2486 886 2526">
     <span class='ocr_line' id='line_1_54' title="bbox 721 2486 886 2526; baseline -0.006 -9"><span class='ocrx_word' id='word_1_399' title='bbox 721 2486 801 2517; x_wconf 83' lang='lat' dir='ltr'>Mox</span> <span class='ocrx_word' id='word_1_400' title='bbox 823 2486 886 2526; x_wconf 83' lang='lat' dir='ltr'>leg.</span> 
     </span>
    </p>
   </div>
   <div class='ocr_carea' id='block_1_6' title="bbox 927 2232 1627 2855">
    <p class='ocr_par' dir='ltr' id='par_1_8' title="bbox 929 2232 1627 2390">
     <span class='ocr_line' id='line_1_55' title="bbox 971 2232 1627 2273; baseline 0.002 -10"><span class='ocrx_word' id='word_1_401' title='bbox 971 2235 1010 2265; x_wconf 80' lang='lat'>38</span> <span class='ocrx_word' id='word_1_402' title='bbox 1025 2242 1126 2273; x_wconf 70' lang='lat' dir='ltr'>supra</span> <span class='ocrx_word' id='word_1_403' title='bbox 1141 2232 1282 2272; x_wconf 64' lang='lat' dir='ltr'>z&#39;lIaleas]</span> <span class='ocrx_word' id='word_1_404' title='bbox 1309 2233 1428 2273; x_wconf 81' lang='lat' dir='ltr'>Recepi</span> <span class='ocrx_word' id='word_1_405' title='bbox 1443 2243 1518 2264; x_wconf 87' lang='lat' dir='ltr'>eum</span> <span class='ocrx_word' id='word_1_406' title='bbox 1535 2234 1627 2264; x_wconf 75' lang='lat' dir='ltr'>Grae-</span> 
     </span>
     <span class='ocr_line' id='line_1_56' title="bbox 929 2275 1625 2313; baseline 0.001 -8"><span class='ocrx_word' id='word_1_407' title='bbox 929 2275 995 2312; x_wconf 77' lang='lat' dir='ltr'>vio,</span> <span class='ocrx_word' id='word_1_408' title='bbox 1011 2281 1048 2305; x_wconf 89' lang='lat' dir='ltr'>ut</span> <span class='ocrx_word' id='word_1_409' title='bbox 1063 2276 1167 2306; x_wconf 84' lang='lat' dir='ltr'>voluit</span> <span class='ocrx_word' id='word_1_410' title='bbox 1178 2276 1356 2312; x_wconf 85' lang='lat' dir='ltr'>Victorius,</span> <span class='ocrx_word' id='word_1_411' title='bbox 1372 2276 1426 2313; x_wconf 83' lang='lat' dir='ltr'>qui</span> <span class='ocrx_word' id='word_1_412' title='bbox 1439 2282 1488 2305; x_wconf 89' lang='lat' dir='ltr'>est</span> <span class='ocrx_word' id='word_1_413' title='bbox 1503 2275 1625 2306; x_wconf 82' lang='lat' dir='ltr'>adeun-</span> 
     </span>
     <span class='ocr_line' id='line_1_57' title="bbox 931 2317 1624 2357; baseline 0.003 -11"><span class='ocrx_word' id='word_1_414' title='bbox 931 2317 990 2347; x_wconf 88' lang='lat' dir='ltr'>dus</span> <span class='ocrx_word' id='word_1_415' title='bbox 1005 2318 1043 2347; x_wconf 81' lang='lat' dir='ltr'>de</span> <span class='ocrx_word' id='word_1_416' title='bbox 1058 2317 1120 2348; x_wconf 84' lang='lat' dir='ltr'>hoc</span> <span class='ocrx_word' id='word_1_417' title='bbox 1135 2317 1218 2349; x_wconf 84' lang='lat' dir='ltr'>loco.</span> <span class='ocrx_word' id='word_1_418' title='bbox 1253 2317 1432 2357; x_wconf 81' lang='lat' dir='ltr'>vulgatum</span> <span class='ocrx_word' id='word_1_419' title='bbox 1447 2317 1560 2348; x_wconf 70' lang='lat' dir='ltr'>Maias</span> <span class='ocrx_word' id='word_1_420' title='bbox 1573 2318 1624 2348; x_wconf 90' lang='lat' dir='ltr'>ni-</span> 
     </span>
     <span class='ocr_line' id='line_1_58' title="bbox 931 2360 1068 2390; baseline 0.007 -1"><span class='ocrx_word' id='word_1_421' title='bbox 931 2360 990 2390; x_wconf 81' lang='lat' dir='ltr'>hili</span> <span class='ocrx_word' id='word_1_422' title='bbox 1007 2365 1068 2390; x_wconf 83' lang='lat' dir='ltr'>est.</span> 
     </span>
    </p>

    <p class='ocr_par' dir='ltr' id='par_1_9' title="bbox 929 2400 1625 2691">
     <span class='ocr_line' id='line_1_59' title="bbox 972 2400 1622 2439; baseline -0.005 -6"><span class='ocrx_word' id='word_1_423' title='bbox 972 2405 1012 2435; x_wconf 89' lang='lat'>39</span> <span class='ocrx_word' id='word_1_424' title='bbox 1026 2402 1076 2431; x_wconf 78' lang='lat' dir='ltr'>uti</span> <span class='ocrx_word' id='word_1_425' title='bbox 1091 2402 1226 2432; x_wconf 75' lang='lat' dir='ltr'>medicos</span> <span class='ocrx_word' id='word_1_426' title='bbox 1239 2400 1398 2439; x_wconf 82' lang='lat' dir='ltr'>cogerem]</span> <span class='ocrx_word' id='word_1_427' title='bbox 1416 2400 1517 2431; x_wconf 87' lang='lat' dir='ltr'>Recte</span> <span class='ocrx_word' id='word_1_428' title='bbox 1531 2410 1622 2439; x_wconf 85' lang='lat' dir='ltr'>coge·</span> 
     </span>
     <span class='ocr_line' id='line_1_60' title="bbox 929 2442 1624 2480; baseline -0.001 -7"><span class='ocrx_word' id='word_1_429' title='bbox 929 2453 999 2474; x_wconf 82' lang='lat' dir='ltr'>rem</span> <span class='ocrx_word' id='word_1_430' title='bbox 1016 2444 1160 2473; x_wconf 83' lang='lat' dir='ltr'>restituit</span> <span class='ocrx_word' id='word_1_431' title='bbox 1174 2444 1331 2480; x_wconf 55' lang='lat' dir='ltr'>Gauius,</span> <span class='ocrx_word' id='word_1_432' title='bbox 1352 2442 1495 2472; x_wconf 84' lang='lat' dir='ltr'>deletum</span> <span class='ocrx_word' id='word_1_433' title='bbox 1511 2448 1624 2472; x_wconf 81' lang='lat' dir='ltr'>aucto-</span> 
     </span>
     <span class='ocr_line' id='line_1_61' title="bbox 929 2483 1624 2523; baseline -0.004 -8"><span class='ocrx_word' id='word_1_434' title='bbox 929 2495 962 2515; x_wconf 88' lang='lat' dir='ltr'>re</span> <span class='ocrx_word' id='word_1_435' title='bbox 980 2486 1014 2516; x_wconf 70' lang='lat'>1².</span> <span class='ocrx_word' id='word_1_436' title='bbox 1030 2485 1187 2515; x_wconf 82' lang='lat' dir='ltr'>victorio.</span> <span class='ocrx_word' id='word_1_437' title='bbox 1210 2485 1300 2515; x_wconf 83' lang='lat' dir='ltr'>abest</span> <span class='ocrx_word' id='word_1_438' title='bbox 1321 2493 1398 2514; x_wconf 81' lang='lat' dir='ltr'>sane</span> <span class='ocrx_word' id='word_1_439' title='bbox 1413 2494 1431 2513; x_wconf 86' lang='lat' dir='ltr'>a</span> <span class='ocrx_word' id='word_1_440' title='bbox 1447 2483 1527 2514; x_wconf 85' lang='lat' dir='ltr'>Mss.</span> <span class='ocrx_word' id='word_1_441' title='bbox 1550 2484 1624 2523; x_wconf 80' lang='lat' dir='ltr'>plu-</span> 
     </span>
     <span class='ocr_line' id='line_1_62' title="bbox 929 2525 1625 2565; baseline 0.001 -8"><span class='ocrx_word' id='word_1_442' title='bbox 929 2527 1029 2563; x_wconf 89' lang='lat' dir='ltr'>ribus,</span> <span class='ocrx_word' id='word_1_443' title='bbox 1051 2527 1150 2557; x_wconf 84' lang='lat' dir='ltr'>etiam</span> <span class='ocrx_word' id='word_1_444' title='bbox 1176 2532 1300 2563; x_wconf 81' lang='lat' dir='ltr'>nostro,</span> <span class='ocrx_word' id='word_1_445' title='bbox 1323 2526 1376 2565; x_wconf 90' lang='lat' dir='ltr'>qui</span> <span class='ocrx_word' id='word_1_446' title='bbox 1393 2526 1427 2555; x_wconf 84' lang='lat' dir='ltr'>in</span> <span class='ocrx_word' id='word_1_447' title='bbox 1443 2525 1590 2565; x_wconf 85' lang='lat' dir='ltr'>margine</span> <span class='ocrx_word' id='word_1_448' title='bbox 1605 2537 1625 2558; x_wconf 85' lang='lat' dir='ltr'>a</span> 
     </span>
     <span class='ocr_line' id='line_1_63' title="bbox 929 2567 1624 2607; baseline 0.001 -9"><span class='ocrx_word' id='word_1_449' title='bbox 929 2578 973 2598; x_wconf 89' lang='lat' dir='ltr'>m.</span> <span class='ocrx_word' id='word_1_450' title='bbox 988 2579 1016 2599; x_wconf 86' lang='grc'>5.</span> <span class='ocrx_word' id='word_1_451' title='bbox 1033 2567 1142 2599; x_wconf 86' lang='lat' dir='ltr'>habet.</span> <span class='ocrx_word' id='word_1_452' title='bbox 1186 2567 1248 2598; x_wconf 79' lang='lat' dir='ltr'>Sed</span> <span class='ocrx_word' id='word_1_453' title='bbox 1263 2574 1426 2607; x_wconf 83' lang='lat' dir='ltr'>repertum</span> <span class='ocrx_word' id='word_1_454' title='bbox 1442 2572 1551 2597; x_wconf 77' lang='lat' dir='ltr'>tamen</span> <span class='ocrx_word' id='word_1_455' title='bbox 1574 2572 1624 2599; x_wconf 81' lang='lat' dir='ltr'>est</span> 
     </span>
     <span class='ocr_line' id='line_1_64' title="bbox 931 2609 1624 2649; baseline 0 -9"><span class='ocrx_word' id='word_1_456' title='bbox 931 2611 963 2640; x_wconf 85' lang='lat' dir='ltr'>in</span> <span class='ocrx_word' id='word_1_457' title='bbox 981 2611 1056 2641; x_wconf 73' lang='lat' dir='ltr'>Mss.</span> <span class='ocrx_word' id='word_1_458' title='bbox 1074 2610 1277 2649; x_wconf 79' lang='lat' dir='ltr'>quibusdam,</span> <span class='ocrx_word' id='word_1_459' title='bbox 1293 2621 1312 2640; x_wconf 86' lang='lat' dir='ltr'>a</span> <span class='ocrx_word' id='word_1_460' title='bbox 1326 2620 1377 2640; x_wconf 88' lang='lat' dir='ltr'>me</span> <span class='ocrx_word' id='word_1_461' title='bbox 1394 2610 1426 2639; x_wconf 93' lang='lat' dir='ltr'>in</span> <span class='ocrx_word' id='word_1_462' title='bbox 1444 2609 1506 2639; x_wconf 90' lang='lat' dir='ltr'>Gu.</span> <span class='ocrx_word' id='word_1_463' title='bbox 1522 2613 1551 2639; x_wconf 79' lang='lat'>2.</span> <span class='ocrx_word' id='word_1_464' title='bbox 1567 2609 1624 2640; x_wconf 88' lang='lat' dir='ltr'>ha-</span> 
     </span>
     <span class='ocr_line' id='line_1_65' title="bbox 932 2651 1624 2691; baseline 0 -9"><span class='ocrx_word' id='word_1_465' title='bbox 932 2653 1072 2691; x_wconf 85' lang='lat' dir='ltr'>bentque</span> <span class='ocrx_word' id='word_1_466' title='bbox 1083 2651 1153 2682; x_wconf 79' lang='lat' dir='ltr'>edd.</span> <span class='ocrx_word' id='word_1_467' title='bbox 1166 2658 1299 2682; x_wconf 81' lang='lat' dir='ltr'>veteres.</span> <span class='ocrx_word' id='word_1_468' title='bbox 1316 2662 1373 2681; x_wconf 85' lang='lat' dir='ltr'>nec</span> <span class='ocrx_word' id='word_1_469' title='bbox 1386 2656 1493 2691; x_wconf 74' lang='lat' dir='ltr'>potest</span> <span class='ocrx_word' id='word_1_470' title='bbox 1504 2652 1624 2682; x_wconf 80' lang='lat' dir='ltr'>abesse.</span> 
     </span>
    </p>

    <p class='ocr_par' dir='ltr' id='par_1_10' title="bbox 927 2692 1626 2855">
     <span class='ocr_line' id='line_1_66' title="bbox 973 2692 1626 2734; baseline 0 -10"><span class='ocrx_word' id='word_1_471' title='bbox 973 2697 1014 2724; x_wconf 81' lang='lat'>40</span> <span class='ocrx_word' id='word_1_472' title='bbox 1027 2696 1082 2733; x_wconf 80' lang='lat' dir='ltr'>qui</span> <span class='ocrx_word' id='word_1_473' title='bbox 1096 2694 1123 2724; x_wconf 80' lang='lat' dir='ltr'>ei</span> <span class='ocrx_word' id='word_1_474' title='bbox 1138 2697 1271 2724; x_wconf 80' lang='lat' dir='ltr'>mortem</span> <span class='ocrx_word' id='word_1_475' title='bbox 1287 2692 1437 2734; x_wconf 61' lang='lat' dir='ltr'>afferret]</span> <span class='ocrx_word' id='word_1_476' title='bbox 1456 2693 1567 2724; x_wconf 87' lang='lat' dir='ltr'>Delevi</span> <span class='ocrx_word' id='word_1_477' title='bbox 1584 2695 1626 2730; x_wconf 81' lang='lat' dir='ltr'>ei,</span> 
     </span>
     <span class='ocr_line' id='line_1_67' title="bbox 928 2734 1624 2775; baseline -0.001 -10"><span class='ocrx_word' id='word_1_478' title='bbox 928 2736 1012 2775; x_wconf 90' lang='lat' dir='ltr'>quod</span> <span class='ocrx_word' id='word_1_479' title='bbox 1027 2737 1136 2775; x_wconf 84' lang='lat' dir='ltr'>inepte</span> <span class='ocrx_word' id='word_1_480' title='bbox 1152 2735 1297 2765; x_wconf 86' lang='lat' dir='ltr'>additum</span> <span class='ocrx_word' id='word_1_481' title='bbox 1312 2743 1373 2771; x_wconf 84' lang='lat' dir='ltr'>est,</span> <span class='ocrx_word' id='word_1_482' title='bbox 1397 2735 1458 2765; x_wconf 86' lang='lat' dir='ltr'>hoc</span> <span class='ocrx_word' id='word_1_483' title='bbox 1474 2741 1560 2766; x_wconf 80' lang='lat' dir='ltr'>certe</span> <span class='ocrx_word' id='word_1_484' title='bbox 1577 2734 1624 2765; x_wconf 89' lang='lat' dir='ltr'>lo-</span> 
     </span>
     <span class='ocr_line' id='line_1_68' title="bbox 928 2777 1626 2818; baseline 0 -10"><span class='ocrx_word' id='word_1_485' title='bbox 928 2788 976 2808; x_wconf 87' lang='lat' dir='ltr'>co.</span> <span class='ocrx_word' id='word_1_486' title='bbox 1000 2777 1026 2808; x_wconf 84' lang='lat' dir='ltr'>si</span> <span class='ocrx_word' id='word_1_487' title='bbox 1049 2778 1162 2808; x_wconf 87' lang='lat' dir='ltr'>Cicero</span> <span class='ocrx_word' id='word_1_488' title='bbox 1178 2777 1281 2809; x_wconf 72' lang='lat' dir='ltr'>voluit</span> <span class='ocrx_word' id='word_1_489' title='bbox 1297 2777 1412 2809; x_wconf 82' lang='lat' dir='ltr'>addere</span> <span class='ocrx_word' id='word_1_490' title='bbox 1435 2779 1476 2816; x_wconf 82' lang='lat' dir='ltr'>ei,</span> <span class='ocrx_word' id='word_1_491' title='bbox 1495 2778 1626 2818; x_wconf 83' lang='lat' dir='ltr'>scripsit</span> 
     </span>
     <span class='ocr_line' id='line_1_69' title="bbox 927 2820 1236 2855; baseline -0.003 -4"><span class='ocrx_word' id='word_1_492' title='bbox 927 2824 1004 2855; x_wconf 81' lang='lat' dir='ltr'>aute</span> <span class='ocrx_word' id='word_1_493' title='bbox 1019 2820 1166 2851; x_wconf 79' lang='lat' dir='ltr'>inventus</span> <span class='ocrx_word' id='word_1_494' title='bbox 1180 2824 1236 2851; x_wconf 80' lang='lat' dir='ltr'>est.</span> 
     </span>
    </p>
   </div>
  </div>
 </body>
</html>
