1903 3218
554 103 734 143 COELII
767 103 851 141 AD
881 101 1264 140 CICERONEM.
1550 107 1625 141 205

203 209 422 265 aperuisti.
484 208 578 250 Has
604 207 719 249 illico
751 206 804 247 ad
833 215 873 246 te
902 205 1064 246 litteras
1094 205 1259 260 scripsi.
1322 203 1404 245 Per
1436 204 1628 247 fortunas

203 277 312 316 tuaS,
335 265 505 317 Cicero,
528 279 602 321 per
621 263 792 313 liberos,
828 276 918 313 oro,
947 261 1142 311 obsecro,
1173 274 1226 301 ne
1256 260 1359 315 quid
1382 261 1552 315 gravius
1575 263 1628 303 de

202 321 337 363 salute
366 332 408 364 et
439 321 735 363 incolumitate
768 329 840 360 tua
867 318 1078 359 consulas.
1143 317 1253 357 Nam
1281 317 1382 357 deos
1411 318 1627 358 homines-

202 392 300 434 que,
322 379 641 432 amicitiamque
663 387 851 418 nostram
875 375 1097 425 testificor,
1119 387 1188 414 me
1210 387 1347 428 neque
1367 382 1525 414 temere
1548 375 1626 415 tibi

203 436 469 492 praedixisse,
500 447 636 489 neque
666 444 823 474 temere
854 433 1091 473 monuisse:
1125 431 1196 472 sed
1229 440 1457 487 postquam
1483 430 1629 472 Caesa-

202 506 291 533 rem
324 493 612 540 convenerim,
647 491 988 545 sententiamque
1019 488 1126 544 ejus,
1163 488 1298 543 qualis
1331 488 1476 527 futura
1504 497 1628 538 esset,

205 559 325 604 parta
346 549 539 598 victoria,
561 548 855 604 cognoverim,
880 556 920 587 te
941 547 1166 587 certiorem
1188 545 1354 586 fecisse.
1412 543 1457 584 Si
1480 545 1630 584 existi-

205 620 307 656 mas,
341 605 520 647 eandem
554 606 761 646 rationem
794 604 885 645 fore
917 602 1077 644 Caesari
1110 602 1152 642 in
1185 600 1452 643 dimittendis
1482 601 1630 641 adver-

203 661 337 712 sariis,
358 666 398 696 74
411 672 454 703 et
475 662 797 703 conditionibus
824 659 1024 709 ferendis,
1054 673 1182 699 erras.
1244 657 1366 700 Nihil
1396 658 1475 698 nisi
1505 666 1630 699 atrox

203 727 246 757 et
284 733 446 759 saevum
479 720 659 775 cogitat,
692 728 822 772 atque
856 718 985 758 etiam
1023 716 1226 771 loquitur.
1288 715 1427 756 Iratus
1466 715 1631 756 senatui

204 775 334 815 exiit:
366 775 433 816 his
456 775 834 817 intercessionibus
857 774 982 830 plane
1005 773 1207 814 incitatus
1226 782 1314 814 est:
1346 786 1448 823 non,
1469 771 1634 812 meher-

203 831 313 883 cule,
335 832 417 873 erit
438 832 729 888 deprecationi
752 832 886 873 locus.
936 831 1081 877 Quare
1103 830 1137 870 si
1163 829 1241 870 tibi
1266 838 1326 880 tu,
1349 829 1382 869 si
1406 828 1517 869 filius
1541 828 1635 869 uni-

204 902 295 940 cus,
318 888 353 929 si
375 889 542 941 domus,
566 890 599 930 si
621 904 715 945 spes
740 899 824 930 tuae
849 887 1021 943 reliqua:
1043 887 1121 928 tibi
1142 901 1252 928 carae
1273 895 1392 927 sunt:
1416 885 1449 926 si
1473 885 1635 940 aliquid

206 945 321 1001 apud
358 955 400 987 te
434 961 527 997 nos,
566 946 598 987 si
635 947 698 987 vir
729 946 934 1002 optimuS,
966 958 1096 1001 gener
1127 953 1240 994 tuus,
1274 943 1408 984 valet:
1452 956 1636 997 quorum

208 1001 402 1043 fortunas
435 1017 521 1044 non
555 1003 684 1044 debes
717 1004 821 1044 velle
861 1003 1133 1051 conturbare,
1165 1010 1213 1041 ut
1240 1015 1335 1041 eam
1371 1014 1559 1050 causam,
1593 999 1637 1040 in

207 1058 331 1114 eujus
354 1060 536 1101 victoria
557 1060 666 1100 salus
690 1070 836 1101 nostra
862 1071 940 1109 est,
969 1059 1109 1099 odisse
1140 1068 1213 1098 aut
1243 1057 1480 1112 relinquere
1507 1071 1638 1112 coga-

208 1129 318 1166 mur,
349 1126 424 1158 aut
452 1119 492 1150 75
509 1117 686 1172 impiam
716 1116 998 1172 cupiditatem
1031 1124 1183 1156 contra
1213 1115 1391 1156 salutem
1424 1125 1539 1154 tuam
1562 1113 1639 1154 ha-

208 1172 400 1214 beamus
462 1172 661 1228 Denique
684 1173 784 1214 illud
804 1173 975 1228 cogita:
1008 1172 1122 1226 quod
1142 1171 1318 1212 offensae
1342 1171 1470 1211 fuerit
1491 1170 1536 1211 in
1559 1170 1641 1211 ista

208 1230 501 1280 cunctatione,
533 1239 574 1270 te
607 1231 785 1270 subisse.
827 1243 941 1270 nunc
979 1239 1019 1269 te
1058 1237 1209 1268 contra
1240 1228 1448 1269 victorem
1486 1225 1641 1278 facere,

210 1299 338 1339 quem
360 1286 502 1327 dubiis
526 1287 651 1327 rebus
672 1286 827 1327 laedere
849 1285 1040 1337 noluisti,
1070 1294 1115 1324 et
1143 1285 1195 1325 ad
1224 1298 1298 1325 eos
1323 1285 1497 1340 fugatos
1521 1298 1642 1324 acce·
1654 1304 1685 1334 p.
1707 1294 1775 1325 1⁶25.

208 1341 322 1392 dere,
353 1357 460 1397 quos
483 1343 727 1383 resistentes
750 1343 869 1397 sequi
899 1341 1098 1392 nolueris,
1128 1356 1306 1382 summae
1338 1340 1532 1382 stultitiae
1564 1346 1687 1382 est.³·

210 1397 335 1449 Vide,
367 1413 435 1452 ne,
463 1399 566 1440 dum
594 1400 726 1455 pudet
755 1409 796 1440 te
825 1413 975 1454 parum
1003 1399 1259 1454 optimatem
1281 1413 1386 1449 esse,
1410 1411 1559 1454 parum
1581 1397 1645 1438 di·

210 1453 409 1510 ligenter,
445 1456 547 1511 quid
585 1457 799 1512 optimum
836 1456 905 1506 sit,
938 1455 1086 1511 eligas,
1148 1455 1278 1502 Quod
1314 1456 1345 1496 si
1385 1464 1524 1495 totum
1564 1455 1646 1496 tibi

213 1513 467 1567 persuadere
497 1527 585 1554 non
618 1527 818 1569 possum:
851 1512 1016 1563 saltem,
1047 1512 1166 1562 dum,
1200 1512 1303 1566 quid
1334 1511 1386 1552 de
1420 1511 1646 1566 Hispaniis

213 1583 407 1625 agamus,
437 1569 584 1620 scitur,
613 1579 844 1626 exspecta3
876 1583 980 1624 quas
1012 1569 1091 1609 tibi
1115 1569 1266 1609 nuntio
1289 1568 1475 1609 adventu
1500 1567 1646 1609 Caesa-

215 1626 271 1666 ris
294 1625 387 1667 fore
408 1636 589 1668 nostras.
653 1627 797 1673 Quam
822 1627 891 1667 isti
916 1640 1034 1679 spem
1065 1625 1268 1676 habeant,
1290 1626 1456 1666 amissis
1481 1624 1645 1680 Hispa-

215 1681 311 1734 niis,
334 1683 495 1724 nescio.
557 1683 687 1729 Quod
718 1698 845 1739 porro
877 1692 998 1723 tuum
1026 1680 1254 1724 consilium
1283 1683 1339 1722 sit
1367 1682 1420 1723 ad
1448 1682 1646 1737 despera-

215 1746 282 1780 tos
314 1739 532 1791 accedere,
564 1754 651 1781 non
687 1740 850 1781 medius
892 1739 1018 1780 fidius
1055 1739 1235 1795 reperio.
1297 1738 1414 1789 Hoc,
1447 1739 1562 1794 quod
1601 1748 1647 1779 tu

215 1810 301 1837 non
325 1796 508 1838 dicendo
529 1796 635 1838 mihi
667 1796 937 1853 significasti,
961 1796 1107 1837 Caesar
1129 1796 1337 1845 audierat,
1368 1797 1432 1847 ac,
1455 1794 1648 1836 simulat-

217 1867 316 1908 que,
343 1853 468 1905 have,
494 1853 601 1895 mihi
621 1854 749 1904 dixit,
772 1854 918 1895 statim
941 1853 1044 1908 quid
1067 1853 1120 1894 de
1141 1863 1184 1894 te
1205 1852 1408 1903 audisset,
1430 1852 1647 1907 exposuit.

219 1909 390 1966 Negavi
415 1925 482 1952 me
504 1911 636 1953 scire:
670 1912 741 1952 sed
766 1920 908 1951 tamen
932 1912 986 1951 ab
1008 1924 1058 1951 eo
1079 1910 1199 1966 petii,
1221 1910 1262 1943 76
1276 1919 1324 1950 ut
1345 1910 1397 1950 ad
1421 1919 1462 1950 te
1485 1909 1648 1949 litteras

217 1967 423 2019 mitteret,
451 1967 609 2024 quibus
639 1968 828 2009 maxime
855 1968 907 2008 ad
937 1967 1242 2008 remanendum
1265 1966 1528 2007 commoveri
1552 1981 1649 2021 pos-

218 2038 298 2066 ses·
343 2024 422 2065 Me
442 2039 586 2066 secum
612 2026 652 2066 in
680 2025 938 2081 Hispaniam
961 2025 1095 2065 ducit.
1138 2023 1269 2074 Nam,
1290 2023 1372 2063 nisi
1395 2023 1454 2063 ita
1476 2023 1650 2073 faceret,

206 2089 302 2138 'ego
324 2082 457 2138 prius,
480 2096 609 2138 quam
633 2083 685 2124 ad
708 2082 856 2123 urbem
881 2082 1142 2132 accederem,
1164 2080 1427 2135 ubicumque
1449 2091 1576 2131 esses,
1596 2080 1651 2121 ad

221 2147 265 2179 te
286 2139 604 2195 percurrissem,
637 2149 680 2180 et
709 2139 793 2180 hoc
820 2154 846 2179 a
876 2148 916 2179 te
949 2153 1133 2194 praesens
1158 2137 1490 2188 contendissem,
1523 2146 1653 2191 atque

221 2196 339 2236 omni
363 2196 403 2237 vi
427 2205 469 2236 te
491 2196 775 2236 retinuissem.
815 2195 957 2236 Etiam
980 2204 1109 2250 atque
1130 2194 1276 2245 etiam,
1300 2193 1470 2244 Cicero,
1491 2194 1652 2249 cogita,

221 2265 275 2294 ne
297 2261 339 2293 te
362 2261 544 2307 tuosque
566 2267 713 2293 omnes
734 2252 927 2293 funditus
946 2262 1132 2293 evertas:
1157 2265 1210 2291 ne
1228 2261 1271 2292 te
1290 2252 1427 2292 sciens
1447 2250 1654 2307 prudens-

223 2323 307 2365 que
328 2323 380 2350 eo
400 2306 616 2361 demittas,
651 2309 764 2350 unde
792 2310 958 2350 exitum
986 2308 1103 2350 vides
1134 2307 1296 2349 nullum
1319 2322 1424 2348 esse.
1487 2307 1654 2354 Quodsi

225 2374 267 2407 te
288 2375 362 2407 aut
383 2380 511 2407 voces
533 2366 809 2422 optimatium
831 2374 1124 2417 commovent,
1155 2374 1230 2406 aut
1251 2364 1553 2406 nonnullorum
1578 2364 1656 2404 ho-

225 2421 389 2464 minum
415 2422 688 2465 insolentiam
714 2432 758 2464 et
779 2422 1065 2479 jactationem
1095 2422 1205 2464 ferre
1230 2436 1317 2464 non
1348 2432 1494 2478 potes:
1526 2420 1658 2475 eligas

225 2494 379 2526 censeo
401 2479 574 2535 aliquod
596 2480 822 2536 oppidum,
848 2495 1029 2522 vacuum
1061 2495 1086 2521 a
1119 2479 1245 2531 bello,
1275 2477 1494 2520 dum'haec
1516 2477 1661 2518 decer-

226 2671 279 2701 ειί.
302 2679 332 2700 ν.
349 2669 396 2707 11,
413 2670 464 2701 16.
482 2669 535 2700 ubi
553 2667 668 2701 Cicero
684 2667 761 2698 huic
775 2666 922 2709 epistolae
1008 2669 1048 2700 75
1077 2666 1216 2706 impiam
1241 2664 1348 2704 cupid.
1375 2661 1448 2701 δια]
1482 2661 1541 2691 Est
1564 2661 1663 2698 idem,

229 2712 414 2752 respondet.
552 2749 555 2751 ‚
967 2708 1055 2748 quod
1070 2708 1202 2738 Caecina
1217 2706 1315 2737 dicit:
1338 2710 1413 2736 vota
1416 2704 1536 2743 facere
1550 2708 1666 2734 contra

268 2757 310 2788 74
332 2758 362 2784 et
383 2753 615 2785 conditionibus
622 2752 676 2792 fl]
703 2753 725 2783 i.
749 2763 778 2783 e.
803 2763 840 2783 ac
863 2751 926 2782 fuit
967 2752 1109 2782 salutem
1129 2749 1274 2780 Caesaris.

229 2802 306 2826 ante
321 2795 444 2826 bellum
459 2795 493 2826 in
508 2795 666 2831 Corfinio,
689 2796 723 2825 in
743 2794 859 2833 quibus
877 2803 921 2825 sc.
1001 2794 1042 2826 76
1059 2796 1094 2822 ιιι
1109 2792 1154 2821 ad
1168 2795 1198 2820 te
1213 2791 1326 2820 literas
1340 2788 1497 2827 mitteret]
1517 2788 1574 2818 Eae
1587 2791 1666 2818 sunt

230 2837 317 2867 mitis
332 2843 365 2868 et
380 2845 491 2877 aequus
507 2842 588 2868 erat.
968 2835 1055 2865 inter
1070 2832 1223 2873 epistolas
1241 2831 1280 2864 ad
1297 2833 1366 2862 Att.
1385 2831 1428 2867 X,
1447 2833 1476 2862 8.
