<?xml version="1.0" encoding="UTF-8"?>
<!DOCTYPE html PUBLIC "-//W3C//DTD XHTML 1.0 Transitional//EN"
    "http://www.w3.org/TR/xhtml1/DTD/xhtml1-transitional.dtd">
<html xmlns="http://www.w3.org/1999/xhtml" xml:lang="en" lang="en">
 <head>
  <title>
</title>
<meta http-equiv="Content-Type" content="text/html;charset=utf-8" />
  <meta name='ocr-system' content='tesseract 3.04.00' />
  <meta name='ocr-capabilities' content='ocr_page ocr_carea ocr_par ocr_line ocrx_word'/>
</head>
<body>
  <div class='ocr_page' id='page_1' title='image "./p1operaomnia03ciceuoft_0201.png"; bbox 0 0 1860 3228; ppageno 0'>
   <div class='ocr_carea' id='block_1_1' title="bbox 542 70 1594 112">
    <p class='ocr_par' dir='ltr' id='par_1_1' title="bbox 542 70 1594 112">
     <span class='ocr_line' id='line_1_1' title="bbox 542 70 1594 112; baseline -0.002 0"><span class='ocrx_word' id='word_1_1' title='bbox 542 73 720 112; x_wconf 87' lang='lat' dir='ltr'>COELII</span> <span class='ocrx_word' id='word_1_2' title='bbox 746 73 826 111; x_wconf 93' lang='lat' dir='ltr'>AD</span> <span class='ocrx_word' id='word_1_3' title='bbox 853 70 1216 109; x_wconf 89' lang='lat' dir='ltr'><strong>CICERONEM.</strong></span> <span class='ocrx_word' id='word_1_4' title='bbox 1519 75 1594 111; x_wconf 85' lang='lat'>189</span> 
     </span>
    </p>
   </div>
   <div class='ocr_carea' id='block_1_2' title="bbox 169 173 1599 742">
    <p class='ocr_par' dir='ltr' id='par_1_2' title="bbox 169 173 1599 742">
     <span class='ocr_line' id='line_1_2' title="bbox 169 173 1595 239; baseline -0.001 -21"><span class='ocrx_word' id='word_1_5' title='bbox 169 177 406 234; x_wconf 89' lang='lat' dir='ltr'>praesertim</span> <span class='ocrx_word' id='word_1_6' title='bbox 429 177 464 218; x_wconf 92' lang='lat' dir='ltr'>is</span> <span class='ocrx_word' id='word_1_7' title='bbox 490 178 560 229; x_wconf 89' lang='lat' dir='ltr'>sit,</span> <span class='ocrx_word' id='word_1_8' title='bbox 593 177 682 232; x_wconf 89' lang='lat' dir='ltr'>qui,</span> <span class='ocrx_word' id='word_1_9' title='bbox 712 176 745 216; x_wconf 91' lang='lat' dir='ltr'>si</span> <span class='ocrx_word' id='word_1_10' title='bbox 777 175 1065 239; x_wconf 87' lang='lat' dir='ltr'>perniciosum</span> <span class='ocrx_word' id='word_1_11' title='bbox 1094 173 1222 215; x_wconf 74' lang='lat' dir='ltr'>sciret</span> <span class='ocrx_word' id='word_1_12' title='bbox 1253 187 1359 223; x_wconf 90' lang='lat' dir='ltr'>esse,</span> <span class='ocrx_word' id='word_1_13' title='bbox 1394 173 1509 228; x_wconf 88' lang='lat' dir='ltr'>loqui</span> <span class='ocrx_word' id='word_1_14' title='bbox 1542 175 1595 216; x_wconf 90' lang='lat' dir='ltr'>de</span> 
     </span>
     <span class='ocr_line' id='line_1_3' title="bbox 171 229 1595 286; baseline -0.001 -12"><span class='ocrx_word' id='word_1_15' title='bbox 171 235 252 276; x_wconf 83' lang='lat' dir='ltr'>hac</span> <span class='ocrx_word' id='word_1_16' title='bbox 284 249 342 286; x_wconf 92' lang='lat' dir='ltr'>re,</span> <span class='ocrx_word' id='word_1_17' title='bbox 366 250 437 276; x_wconf 80' lang='lat' dir='ltr'>vix</span> <span class='ocrx_word' id='word_1_18' title='bbox 470 244 612 275; x_wconf 87' lang='lat' dir='ltr'>tamen</span> <span class='ocrx_word' id='word_1_19' title='bbox 642 246 686 273; x_wconf 90' lang='lat' dir='ltr'>se</span> <span class='ocrx_word' id='word_1_20' title='bbox 716 231 970 273; x_wconf 87' lang='lat' dir='ltr'>contineret.</span> <span class='ocrx_word' id='word_1_21' title='bbox 1033 230 1264 286; x_wconf 88' lang='lat' dir='ltr'>Pompeius</span> <span class='ocrx_word' id='word_1_22' title='bbox 1296 229 1454 270; x_wconf 89' lang='lat' dir='ltr'>dicitur</span> <span class='ocrx_word' id='word_1_23' title='bbox 1476 231 1595 272; x_wconf 83' lang='lat' dir='ltr'>valde</span> 
     </span>
     <span class='ocr_line' id='line_1_4' title="bbox 172 285 1596 348; baseline -0.004 -15"><span class='ocrx_word' id='word_1_24' title='bbox 172 305 249 346; x_wconf 90' lang='lat' dir='ltr'>pro</span> <span class='ocrx_word' id='word_1_25' title='bbox 271 291 416 348; x_wconf 90' lang='lat' dir='ltr'>Appio</span> <span class='ocrx_word' id='word_1_26' title='bbox 438 291 644 341; x_wconf 86' lang='lat' dir='ltr'>laborare,</span> <span class='ocrx_word' id='word_1_27' title='bbox 668 298 713 330; x_wconf 92' lang='lat' dir='ltr'>ut</span> <span class='ocrx_word' id='word_1_28' title='bbox 734 289 864 330; x_wconf 87' lang='lat' dir='ltr'>etiam</span> <span class='ocrx_word' id='word_1_29' title='bbox 888 297 1040 344; x_wconf 79' lang='lat' dir='ltr'>putent</span> <span class='ocrx_word' id='word_1_30' title='bbox 1069 287 1318 328; x_wconf 83' lang='lat' dir='ltr'>alterutrum</span> <span class='ocrx_word' id='word_1_31' title='bbox 1350 285 1402 326; x_wconf 89' lang='lat' dir='ltr'>dc</span> <span class='ocrx_word' id='word_1_32' title='bbox 1423 285 1521 327; x_wconf 84' lang='lat' dir='ltr'>filiis</span> <span class='ocrx_word' id='word_1_33' title='bbox 1543 287 1596 328; x_wconf 86' lang='lat' dir='ltr'>ad</span> 
     </span>
     <span class='ocr_line' id='line_1_5' title="bbox 172 342 1598 389; baseline -0.003 0"><span class='ocrx_word' id='word_1_34' title='bbox 172 358 215 388; x_wconf 86' lang='lat' dir='ltr'>te</span> <span class='ocrx_word' id='word_1_35' title='bbox 235 350 478 389; x_wconf 86' lang='lat' dir='ltr'>missurum.</span> <span class='ocrx_word' id='word_1_36' title='bbox 543 346 627 387; x_wconf 89' lang='lat' dir='ltr'>Hic</span> <span class='ocrx_word' id='word_1_37' title='bbox 650 360 726 387; x_wconf 86' lang='lat' dir='ltr'>nos</span> <span class='ocrx_word' id='word_1_38' title='bbox 748 359 896 387; x_wconf 89' lang='lat' dir='ltr'>omnes</span> <span class='ocrx_word' id='word_1_39' title='bbox 918 345 1204 386; x_wconf 85' lang='lat' dir='ltr'>absolvimus:</span> <span class='ocrx_word' id='word_1_40' title='bbox 1236 354 1279 384; x_wconf 82' lang='lat' dir='ltr'>et</span> <span class='ocrx_word' id='word_1_41' title='bbox 1302 342 1472 383; x_wconf 78' lang='lat' dir='ltr'>hercule</span> <span class='ocrx_word' id='word_1_42' title='bbox 1493 357 1598 385; x_wconf 89' lang='lat' dir='ltr'>con-</span> 
     </span>
     <span class='ocr_line' id='line_1_6' title="bbox 172 400 1597 454; baseline -0.003 -10"><span class='ocrx_word' id='word_1_43' title='bbox 172 404 286 447; x_wconf 87' lang='lat' dir='ltr'>fecta</span> <span class='ocrx_word' id='word_1_44' title='bbox 308 405 466 454; x_wconf 87' lang='lat' dir='ltr'>omnia,</span> <span class='ocrx_word' id='word_1_45' title='bbox 488 402 621 454; x_wconf 80' lang='lat' dir='ltr'>foeda,</span> <span class='ocrx_word' id='word_1_46' title='bbox 640 412 683 443; x_wconf 85' lang='lat' dir='ltr'>et</span> <span class='ocrx_word' id='word_1_47' title='bbox 710 403 935 444; x_wconf 87' lang='lat' dir='ltr'>inhonesta</span> <span class='ocrx_word' id='word_1_48' title='bbox 955 411 1068 443; x_wconf 91' lang='lat' dir='ltr'>sunt.</span> <span class='ocrx_word' id='word_1_49' title='bbox 1130 400 1338 442; x_wconf 83' lang='lat' dir='ltr'>Consules</span> <span class='ocrx_word' id='word_1_50' title='bbox 1360 411 1503 441; x_wconf 84' lang='lat' dir='ltr'>autem</span> <span class='ocrx_word' id='word_1_51' title='bbox 1523 400 1597 441; x_wconf 89' lang='lat' dir='ltr'>ha-</span> 
     </span>
     <span class='ocr_line' id='line_1_7' title="bbox 174 457 1599 516; baseline -0.004 -13"><span class='ocrx_word' id='word_1_52' title='bbox 174 463 323 503; x_wconf 85' lang='lat' dir='ltr'>bemus</span> <span class='ocrx_word' id='word_1_53' title='bbox 347 474 512 502; x_wconf 88' lang='lat' dir='ltr'>summa</span> <span class='ocrx_word' id='word_1_54' title='bbox 533 460 781 516; x_wconf 86' lang='lat' dir='ltr'>diligentia.</span> <span class='ocrx_word' id='word_1_55' title='bbox 814 460 954 501; x_wconf 85' lang='lat' dir='ltr'>adhuc</span> <span class='ocrx_word' id='word_1_56' title='bbox 976 457 1408 507; x_wconf 82' lang='lat' dir='ltr'>senatusconsultum,</span> <span class='ocrx_word' id='word_1_57' title='bbox 1442 457 1523 497; x_wconf 83' lang='lat' dir='ltr'>nisi</span> <span class='ocrx_word' id='word_1_58' title='bbox 1545 457 1599 498; x_wconf 87' lang='lat' dir='ltr'>de</span> 
     </span>
     <span class='ocr_line' id='line_1_8' title="bbox 172 514 1598 572; baseline -0.004 -13"><span class='ocrx_word' id='word_1_59' title='bbox 172 519 289 560; x_wconf 83' lang='lat' dir='ltr'>feriis</span> <span class='ocrx_word' id='word_1_60' title='bbox 328 517 505 568; x_wconf 82' lang='lat' dir='ltr'>Latinis,</span> <span class='ocrx_word' id='word_1_61' title='bbox 545 518 707 558; x_wconf 89' lang='lat' dir='ltr'>nullum</span> <span class='ocrx_word' id='word_1_62' title='bbox 745 517 884 557; x_wconf 82' lang='lat' dir='ltr'>facere</span> <span class='ocrx_word' id='word_1_63' title='bbox 923 526 1169 572; x_wconf 88' lang='lat' dir='ltr'>potuerunt.</span> <span class='ocrx_word' id='word_1_64' title='bbox 1231 514 1411 556; x_wconf 91' lang='lat' dir='ltr'>Curioni</span> <span class='ocrx_word' id='word_1_65' title='bbox 1451 524 1598 554; x_wconf 77' lang='lat' dir='ltr'>nostro</span> 
     </span>
     <span class='ocr_line' id='line_1_9' title="bbox 172 570 1598 630; baseline -0.004 -14"><span class='ocrx_word' id='word_1_66' title='bbox 172 576 413 616; x_wconf 85' lang='lat' dir='ltr'>tribunatus</span> <span class='ocrx_word' id='word_1_67' title='bbox 436 574 695 630; x_wconf 85' lang='lat' dir='ltr'>conglaciat.</span> <span class='ocrx_word' id='word_1_68' title='bbox 756 574 838 615; x_wconf 86' lang='lat' dir='ltr'>Sed</span> <span class='ocrx_word' id='word_1_69' title='bbox 862 573 946 614; x_wconf 89' lang='lat' dir='ltr'>dici</span> <span class='ocrx_word' id='word_1_70' title='bbox 978 588 1062 613; x_wconf 89' lang='lat' dir='ltr'>non</span> <span class='ocrx_word' id='word_1_71' title='bbox 1097 580 1253 627; x_wconf 90' lang='lat' dir='ltr'>potest,</span> <span class='ocrx_word' id='word_1_72' title='bbox 1281 571 1499 626; x_wconf 86' lang='lat' dir='ltr'>quomodo</span> <span class='ocrx_word' id='word_1_73' title='bbox 1527 570 1598 611; x_wconf 88' lang='lat' dir='ltr'>hic</span> 
     </span>
     <span class='ocr_line' id='line_1_10' title="bbox 169 607 1598 687; baseline -0.003 -15"><span class='ocrx_word' id='word_1_74' title='bbox 169 631 518 686; x_wconf 82' lang='lat' dir='ltr'>omniajaceant.</span> <span class='ocrx_word' id='word_1_75' title='bbox 522 607 646 672; x_wconf 48' lang='lat' dir='ltr'>ONisi</span> <span class='ocrx_word' id='word_1_76' title='bbox 671 646 753 687; x_wconf 89' lang='lat' dir='ltr'>ego</span> <span class='ocrx_word' id='word_1_77' title='bbox 776 644 873 671; x_wconf 89' lang='lat' dir='ltr'>cum</span> <span class='ocrx_word' id='word_1_78' title='bbox 898 630 1148 670; x_wconf 82' lang='lat' dir='ltr'>tabernariis</span> <span class='ocrx_word' id='word_1_79' title='bbox 1167 639 1209 669; x_wconf 88' lang='lat' dir='ltr'>et</span> <span class='ocrx_word' id='word_1_80' title='bbox 1227 628 1412 684; x_wconf 71' lang='lat' dir='ltr'>aquariis</span> <span class='ocrx_word' id='word_1_81' title='bbox 1431 642 1598 684; x_wconf 85' lang='lat' dir='ltr'>pugna-</span> 
     </span>
     <span class='ocr_line' id='line_1_11' title="bbox 169 685 1597 742; baseline -0.003 -13"><span class='ocrx_word' id='word_1_82' title='bbox 169 703 273 738; x_wconf 83' lang='lat' dir='ltr'>rem,</span> <span class='ocrx_word' id='word_1_83' title='bbox 306 697 502 729; x_wconf 79' lang='lat' dir='ltr'>veternus</span> <span class='ocrx_word' id='word_1_84' title='bbox 535 689 754 729; x_wconf 82' lang='lat' dir='ltr'>civitatem</span> <span class='ocrx_word' id='word_1_85' title='bbox 787 699 1052 742; x_wconf 81' lang='lat' dir='ltr'>occupasset.</span> <span class='ocrx_word' id='word_1_86' title='bbox 1117 686 1161 727; x_wconf 88' lang='lat' dir='ltr'>Si</span> <span class='ocrx_word' id='word_1_87' title='bbox 1195 685 1344 726; x_wconf 80' lang='lat' dir='ltr'>Parthi</span> <span class='ocrx_word' id='word_1_88' title='bbox 1379 700 1456 726; x_wconf 90' lang='lat' dir='ltr'>nos</span> <span class='ocrx_word' id='word_1_89' title='bbox 1490 685 1597 726; x_wconf 88' lang='lat' dir='ltr'>nihil</span> 
     </span>
    </p>
   </div>
   <div class='ocr_carea' id='block_1_3' title="bbox 168 741 1725 800">
    <p class='ocr_par' dir='ltr' id='par_1_3' title="bbox 168 741 1725 800">
     <span class='ocr_line' id='line_1_12' title="bbox 168 741 1725 800; baseline -0.003 -14"><span class='ocrx_word' id='word_1_90' title='bbox 168 745 416 796; x_wconf 79' lang='lat' dir='ltr'>calfaciunt,</span> <span class='ocrx_word' id='word_1_91' title='bbox 449 760 527 786; x_wconf 93' lang='lat' dir='ltr'>nos</span> <span class='ocrx_word' id='word_1_92' title='bbox 560 745 631 786; x_wconf 89' lang='lat' dir='ltr'>hic</span> <span class='ocrx_word' id='word_1_93' title='bbox 664 744 824 800; x_wconf 67' lang='lat' dir='ltr'>frigore</span> <span class='ocrx_word' id='word_1_94' title='bbox 857 743 1143 798; x_wconf 80' lang='lat' dir='ltr'>frigescimus.</span> <span class='ocrx_word' id='word_1_95' title='bbox 1203 741 1381 791; x_wconf 85' lang='lat' dir='ltr'>Tamen,</span> <span class='ocrx_word' id='word_1_96' title='bbox 1419 748 1725 798; x_wconf 82' lang='lat' dir='ltr'>quoquop.116.</span> 
     </span>
    </p>
   </div>
   <div class='ocr_carea' id='block_1_4' title="bbox 165 799 1639 1583">
    <p class='ocr_par' dir='ltr' id='par_1_4' title="bbox 167 799 1639 1370">
     <span class='ocr_line' id='line_1_13' title="bbox 169 799 1639 857; baseline -0.001 -15"><span class='ocrx_word' id='word_1_97' title='bbox 169 802 298 843; x_wconf 90' lang='lat' dir='ltr'>modo</span> <span class='ocrx_word' id='word_1_98' title='bbox 320 802 392 843; x_wconf 93' lang='lat' dir='ltr'>hic</span> <span class='ocrx_word' id='word_1_99' title='bbox 419 803 564 843; x_wconf 87' lang='lat' dir='ltr'>omnia</span> <span class='ocrx_word' id='word_1_100' title='bbox 586 803 778 857; x_wconf 83' lang='lat' dir='ltr'>jaceant,</span> <span class='ocrx_word' id='word_1_101' title='bbox 810 803 951 856; x_wconf 87' lang='lat' dir='ltr'>potuit</span> <span class='ocrx_word' id='word_1_102' title='bbox 979 802 1069 841; x_wconf 87' lang='lat' dir='ltr'>sine</span> <span class='ocrx_word' id='word_1_103' title='bbox 1101 799 1288 840; x_wconf 83' lang='lat' dir='ltr'>Parthis.</span> <span class='ocrx_word' id='word_1_104' title='bbox 1349 800 1530 841; x_wconf 87' lang='lat' dir='ltr'>Bibulus</span> <span class='ocrx_word' id='word_1_105' title='bbox 1552 800 1639 840; x_wconf 68' lang='lat' dir='ltr'>ina·</span> 
     </span>
     <span class='ocr_line' id='line_1_14' title="bbox 167 857 1600 914; baseline -0.001 -15"><span class='ocrx_word' id='word_1_106' title='bbox 167 857 338 900; x_wconf 88' lang='lat' dir='ltr'>Amano</span> <span class='ocrx_word' id='word_1_107' title='bbox 361 861 506 901; x_wconf 91' lang='lat' dir='ltr'>nescio</span> <span class='ocrx_word' id='word_1_108' title='bbox 528 861 631 914; x_wconf 87' lang='lat' dir='ltr'>quid</span> <span class='ocrx_word' id='word_1_109' title='bbox 652 858 1015 900; x_wconf 83' lang='lat' dir='ltr'>cohorticularum</span> <span class='ocrx_word' id='word_1_110' title='bbox 1040 857 1198 898; x_wconf 85' lang='lat' dir='ltr'>amisit.</span> <span class='ocrx_word' id='word_1_111' title='bbox 1229 858 1268 887; x_wconf 75' lang='lat'>62</span> <span class='ocrx_word' id='word_1_112' title='bbox 1285 858 1385 898; x_wconf 91' lang='lat' dir='ltr'>Hoc</span> <span class='ocrx_word' id='word_1_113' title='bbox 1407 857 1468 898; x_wconf 90' lang='lat' dir='ltr'>sic</span> <span class='ocrx_word' id='word_1_114' title='bbox 1489 871 1600 897; x_wconf 89' lang='lat' dir='ltr'>nun-</span> 
     </span>
     <span class='ocr_line' id='line_1_15' title="bbox 169 913 1600 971; baseline -0.001 -15"><span class='ocrx_word' id='word_1_115' title='bbox 169 915 331 956; x_wconf 85' lang='lat' dir='ltr'>ciatum</span> <span class='ocrx_word' id='word_1_116' title='bbox 354 926 432 958; x_wconf 90' lang='lat' dir='ltr'>est.</span> <span class='ocrx_word' id='word_1_117' title='bbox 495 917 624 963; x_wconf 85' lang='lat' dir='ltr'>Quod</span> <span class='ocrx_word' id='word_1_118' title='bbox 655 917 734 957; x_wconf 88' lang='lat' dir='ltr'>tibi</span> <span class='ocrx_word' id='word_1_119' title='bbox 766 930 892 971; x_wconf 89' lang='lat' dir='ltr'>supra</span> <span class='ocrx_word' id='word_1_120' title='bbox 919 916 1085 971; x_wconf 84' lang='lat' dir='ltr'>scripsi,</span> <span class='ocrx_word' id='word_1_121' title='bbox 1117 913 1351 955; x_wconf 87' lang='lat' dir='ltr'>Curionem</span> <span class='ocrx_word' id='word_1_122' title='bbox 1377 914 1501 954; x_wconf 86' lang='lat' dir='ltr'>valde</span> <span class='ocrx_word' id='word_1_123' title='bbox 1525 915 1600 955; x_wconf 87' lang='lat' dir='ltr'>fri-</span> 
     </span>
     <span class='ocr_line' id='line_1_16' title="bbox 169 971 1600 1037; baseline -0.002 -22.994"><span class='ocrx_word' id='word_1_124' title='bbox 169 986 294 1027; x_wconf 84' lang='lat' dir='ltr'>gere·</span> <span class='ocrx_word' id='word_1_125' title='bbox 284 973 413 1037; x_wconf 77' lang='lat' dir='ltr'>,J&#39;am</span> <span class='ocrx_word' id='word_1_126' title='bbox 438 973 562 1014; x_wconf 86' lang='lat' dir='ltr'>calet.</span> <span class='ocrx_word' id='word_1_127' title='bbox 596 988 692 1014; x_wconf 84' lang='lat' dir='ltr'>nam</span> <span class='ocrx_word' id='word_1_128' title='bbox 724 972 1036 1013; x_wconf 85' lang='lat' dir='ltr'>ferventissime</span> <span class='ocrx_word' id='word_1_129' title='bbox 1065 971 1353 1035; x_wconf 67' lang='lat' dir='ltr'>concerpitur.</span> <span class='ocrx_word' id='word_1_130' title='bbox 1416 971 1600 1012; x_wconf 81' lang='lat' dir='ltr'>Levissi-</span> 
     </span>
     <span class='ocr_line' id='line_1_17' title="bbox 169 1006 1602 1086; baseline -0.001 -17"><span class='ocrx_word' id='word_1_131' title='bbox 169 1044 238 1070; x_wconf 90' lang='lat' dir='ltr'>me</span> <span class='ocrx_word' id='word_1_132' title='bbox 265 1006 395 1080; x_wconf 48' lang='lat' dir='ltr'>enim,</span> <span class='ocrx_word' id='word_1_133' title='bbox 428 1031 530 1086; x_wconf 85' lang='lat' dir='ltr'>quia</span> <span class='ocrx_word' id='word_1_134' title='bbox 558 1032 597 1066; x_wconf 81' lang='lat'>69</span> <span class='ocrx_word' id='word_1_135' title='bbox 611 1031 663 1071; x_wconf 91' lang='lat' dir='ltr'>de</span> <span class='ocrx_word' id='word_1_136' title='bbox 692 1029 984 1071; x_wconf 75' lang='lat' dir='ltr'>inteicalando</span> <span class='ocrx_word' id='word_1_137' title='bbox 1015 1043 1099 1070; x_wconf 89' lang='lat' dir='ltr'>non</span> <span class='ocrx_word' id='word_1_138' title='bbox 1130 1028 1392 1077; x_wconf 84' lang='lat' dir='ltr'>obtinuerat,</span> <span class='ocrx_word' id='word_1_139' title='bbox 1416 1028 1602 1069; x_wconf 77' lang='lat' dir='ltr'>nansfu-</span> 
     </span>
     <span class='ocr_line' id='line_1_18' title="bbox 169 1085 1601 1143; baseline -0.001 -16"><span class='ocrx_word' id='word_1_140' title='bbox 169 1087 234 1142; x_wconf 85' lang='lat' dir='ltr'>git</span> <span class='ocrx_word' id='word_1_141' title='bbox 265 1087 318 1128; x_wconf 82' lang='lat' dir='ltr'>ad</span> <span class='ocrx_word' id='word_1_142' title='bbox 353 1088 575 1143; x_wconf 86' lang='lat' dir='ltr'>populum,</span> <span class='ocrx_word' id='word_1_143' title='bbox 608 1099 652 1128; x_wconf 87' lang='lat' dir='ltr'>et</span> <span class='ocrx_word' id='word_1_144' title='bbox 689 1102 765 1142; x_wconf 80' lang='lat' dir='ltr'>pio</span> <span class='ocrx_word' id='word_1_145' title='bbox 805 1086 977 1127; x_wconf 76' lang='lat' dir='ltr'>Caesare</span> <span class='ocrx_word' id='word_1_146' title='bbox 1014 1085 1130 1141; x_wconf 90' lang='lat' dir='ltr'>loqui</span> <span class='ocrx_word' id='word_1_147' title='bbox 1164 1086 1330 1141; x_wconf 90' lang='lat' dir='ltr'>coepit:</span> <span class='ocrx_word' id='word_1_148' title='bbox 1376 1086 1601 1142; x_wconf 81' lang='lat' dir='ltr'>legemque</span> 
     </span>
     <span class='ocr_line' id='line_1_19' title="bbox 171 1142 1602 1199; baseline 0 -16"><span class='ocrx_word' id='word_1_149' title='bbox 171 1143 375 1194; x_wconf 39' lang='lat' dir='ltr'>visulam,</span> <span class='ocrx_word' id='word_1_150' title='bbox 410 1159 496 1185; x_wconf 89' lang='lat' dir='ltr'>non</span> <span class='ocrx_word' id='word_1_151' title='bbox 521 1144 772 1186; x_wconf 87' lang='lat' dir='ltr'>dissimilem</span> <span class='ocrx_word' id='word_1_152' title='bbox 793 1143 990 1199; x_wconf 83' lang='lat' dir='ltr'>Agrariae</span> <span class='ocrx_word' id='word_1_153' title='bbox 1021 1142 1153 1192; x_wconf 89' lang='lat' dir='ltr'>Rulli,</span> <span class='ocrx_word' id='word_1_154' title='bbox 1185 1152 1229 1183; x_wconf 89' lang='lat' dir='ltr'>et</span> <span class='ocrx_word' id='word_1_155' title='bbox 1257 1142 1525 1184; x_wconf 86' lang='lat' dir='ltr'>Alimentari</span> <span class='ocrx_word' id='word_1_156' title='bbox 1517 1157 1602 1193; x_wconf 70' lang='lat' dir='ltr'>rm,</span> 
     </span>
     <span class='ocr_line' id='line_1_20' title="bbox 166 1198 1602 1256; baseline -0.001 -13.969"><span class='ocrx_word' id='word_1_157' title='bbox 166 1203 320 1256; x_wconf 77' lang='lat' dir='ltr'>70quae</span> <span class='ocrx_word' id='word_1_158' title='bbox 345 1202 476 1255; x_wconf 85' lang='lat' dir='ltr'>jubet</span> <span class='ocrx_word' id='word_1_159' title='bbox 509 1201 652 1242; x_wconf 83' lang='lat' dir='ltr'>aediles</span> <span class='ocrx_word' id='word_1_160' title='bbox 688 1202 841 1250; x_wconf 86' lang='lat' dir='ltr'>metiri,</span> <span class='ocrx_word' id='word_1_161' title='bbox 868 1199 1070 1253; x_wconf 81' lang='lat' dir='ltr'>jactavit.</span> <span class='ocrx_word' id='word_1_162' title='bbox 1132 1198 1233 1239; x_wconf 92' lang='lat' dir='ltr'>Hoc</span> <span class='ocrx_word' id='word_1_163' title='bbox 1266 1200 1458 1240; x_wconf 87' lang='lat' dir='ltr'>nondum</span> <span class='ocrx_word' id='word_1_164' title='bbox 1490 1199 1602 1241; x_wconf 90' lang='lat' dir='ltr'>fece-</span> 
     </span>
     <span class='ocr_line' id='line_1_21' title="bbox 169 1254 1602 1320; baseline -0.001 -23"><span class='ocrx_word' id='word_1_165' title='bbox 169 1267 249 1308; x_wconf 83' lang='lat' dir='ltr'>rat,</span> <span class='ocrx_word' id='word_1_166' title='bbox 272 1272 369 1298; x_wconf 90' lang='lat' dir='ltr'>cum</span> <span class='ocrx_word' id='word_1_167' title='bbox 395 1259 579 1313; x_wconf 87' lang='lat' dir='ltr'>priorem</span> <span class='ocrx_word' id='word_1_168' title='bbox 603 1268 765 1313; x_wconf 82' lang='lat' dir='ltr'>partem</span> <span class='ocrx_word' id='word_1_169' title='bbox 795 1255 991 1320; x_wconf 76' lang='lat' dir='ltr'>epistolae</span> <span class='ocrx_word' id='word_1_170' title='bbox 1015 1256 1180 1311; x_wconf 86' lang='lat' dir='ltr'>scripsi.</span> <span class='ocrx_word' id='word_1_171' title='bbox 1241 1254 1411 1296; x_wconf 82' lang='lat' dir='ltr'>Amabo</span> <span class='ocrx_word' id='word_1_172' title='bbox 1436 1266 1491 1307; x_wconf 89' lang='lat' dir='ltr'>te,</span> <span class='ocrx_word' id='word_1_173' title='bbox 1514 1260 1548 1290; x_wconf 79' lang='lat'>71</span> <span class='ocrx_word' id='word_1_174' title='bbox 1567 1256 1602 1296; x_wconf 87' lang='lat' dir='ltr'>si</span> 
     </span>
     <span class='ocr_line' id='line_1_22' title="bbox 168 1311 1602 1370; baseline 0 -17"><span class='ocrx_word' id='word_1_175' title='bbox 168 1314 286 1368; x_wconf 84' lang='lat' dir='ltr'>quid,</span> <span class='ocrx_word' id='word_1_176' title='bbox 310 1315 425 1369; x_wconf 92' lang='lat' dir='ltr'>quod</span> <span class='ocrx_word' id='word_1_177' title='bbox 448 1329 556 1370; x_wconf 91' lang='lat' dir='ltr'>opus</span> <span class='ocrx_word' id='word_1_178' title='bbox 579 1314 722 1364; x_wconf 86' lang='lat' dir='ltr'>fuerit,</span> <span class='ocrx_word' id='word_1_179' title='bbox 752 1313 898 1368; x_wconf 87' lang='lat' dir='ltr'>Appio</span> <span class='ocrx_word' id='word_1_180' title='bbox 922 1311 1068 1362; x_wconf 86' lang='lat' dir='ltr'>facies,</span> <span class='ocrx_word' id='word_1_181' title='bbox 1099 1311 1252 1368; x_wconf 88' lang='lat' dir='ltr'>ponito</span> <span class='ocrx_word' id='word_1_182' title='bbox 1280 1327 1349 1353; x_wconf 88' lang='lat' dir='ltr'>me</span> <span class='ocrx_word' id='word_1_183' title='bbox 1375 1313 1417 1353; x_wconf 90' lang='lat' dir='ltr'>in</span> <span class='ocrx_word' id='word_1_184' title='bbox 1448 1312 1602 1368; x_wconf 78' lang='lat' dir='ltr'>gratia.</span> 
     </span>
    </p>

    <p class='ocr_par' dir='ltr' id='par_1_5' title="bbox 165 1369 1604 1583">
     <span class='ocr_line' id='line_1_23' title="bbox 170 1369 1602 1427; baseline -0.001 -16"><span class='ocrx_word' id='word_1_185' title='bbox 170 1369 238 1411; x_wconf 88' lang='lat' dir='ltr'>De</span> <span class='ocrx_word' id='word_1_186' title='bbox 269 1370 498 1412; x_wconf 79' lang='lat' dir='ltr'>Dolabella</span> <span class='ocrx_word' id='word_1_187' title='bbox 527 1372 741 1427; x_wconf 88' lang='lat' dir='ltr'>integrum</span> <span class='ocrx_word' id='word_1_188' title='bbox 779 1370 858 1410; x_wconf 91' lang='lat' dir='ltr'>tibi</span> <span class='ocrx_word' id='word_1_189' title='bbox 894 1383 1095 1420; x_wconf 75' lang='lat' dir='ltr'>reserves,</span> <span class='ocrx_word' id='word_1_190' title='bbox 1125 1369 1299 1410; x_wconf 79' lang='lat' dir='ltr'>suadeo,</span> <span class='ocrx_word' id='word_1_191' title='bbox 1331 1379 1373 1410; x_wconf 87' lang='lat' dir='ltr'>et</span> <span class='ocrx_word' id='word_1_192' title='bbox 1403 1370 1504 1411; x_wconf 87' lang='lat' dir='ltr'>huic</span> <span class='ocrx_word' id='word_1_193' title='bbox 1528 1370 1602 1421; x_wconf 90' lang='lat' dir='ltr'>rei,</span> 
     </span>
     <span class='ocr_line' id='line_1_24' title="bbox 165 1426 1602 1484; baseline 0 -16"><span class='ocrx_word' id='word_1_194' title='bbox 165 1427 219 1468; x_wconf 88' lang='lat' dir='ltr'>de</span> <span class='ocrx_word' id='word_1_195' title='bbox 234 1442 319 1483; x_wconf 83' lang='lat' dir='ltr'>qua</span> <span class='ocrx_word' id='word_1_196' title='bbox 335 1427 502 1483; x_wconf 88' lang='lat' dir='ltr'>loquor</span> <span class='ocrx_word' id='word_1_197' title='bbox 519 1438 562 1469; x_wconf 90' lang='lat' dir='ltr'>et</span> <span class='ocrx_word' id='word_1_198' title='bbox 581 1428 783 1484; x_wconf 81' lang='lat' dir='ltr'>dignitati</span> <span class='ocrx_word' id='word_1_199' title='bbox 805 1437 908 1477; x_wconf 87' lang='lat' dir='ltr'>tuae,</span> <span class='ocrx_word' id='word_1_200' title='bbox 925 1426 1230 1482; x_wconf 72' lang='lat' dir='ltr'>aequitatisque</span> <span class='ocrx_word' id='word_1_201' title='bbox 1246 1426 1475 1482; x_wconf 91' lang='lat' dir='ltr'>opinioni</span> <span class='ocrx_word' id='word_1_202' title='bbox 1464 1426 1602 1469; x_wconf 75' lang='lat' dir='ltr'>72hoc</span> 
     </span>
     <span class='ocr_line' id='line_1_25' title="bbox 167 1463 1604 1541; baseline 0.001 -17"><span class='ocrx_word' id='word_1_203' title='bbox 167 1485 228 1525; x_wconf 84' lang='lat' dir='ltr'>ita</span> <span class='ocrx_word' id='word_1_204' title='bbox 249 1485 390 1526; x_wconf 81' lang='lat' dir='ltr'>facere</span> <span class='ocrx_word' id='word_1_205' title='bbox 412 1485 605 1541; x_wconf 80' lang='lat' dir='ltr'>expedit.</span> <span class='ocrx_word' id='word_1_206' title='bbox 627 1463 809 1540; x_wconf 63' lang='lat' dir='ltr'>0·Tuipe</span> <span class='ocrx_word' id='word_1_207' title='bbox 831 1484 912 1524; x_wconf 89' lang='lat' dir='ltr'>tibi</span> <span class='ocrx_word' id='word_1_208' title='bbox 943 1484 1039 1534; x_wconf 85' lang='lat' dir='ltr'>erit,</span> <span class='ocrx_word' id='word_1_209' title='bbox 1071 1483 1301 1539; x_wconf 76' lang='lat' dir='ltr'>pantheras</span> <span class='ocrx_word' id='word_1_210' title='bbox 1332 1484 1510 1526; x_wconf 80' lang='lat' dir='ltr'>Graecas</span> <span class='ocrx_word' id='word_1_211' title='bbox 1535 1499 1604 1525; x_wconf 89' lang='lat' dir='ltr'>me</span> 
     </span>
     <span class='ocr_line' id='line_1_26' title="bbox 168 1541 455 1583; baseline 0.007 -2"><span class='ocrx_word' id='word_1_212' title='bbox 168 1555 256 1582; x_wconf 91' lang='lat' dir='ltr'>non</span> <span class='ocrx_word' id='word_1_213' title='bbox 281 1541 455 1583; x_wconf 88' lang='lat' dir='ltr'>habere.</span> 
     </span>
    </p>
   </div>
   <div class='ocr_carea' id='block_1_5' title="bbox 687 1628 1643 1682">
    <p class='ocr_par' dir='ltr' id='par_1_6' title="bbox 687 1628 1643 1682">
     <span class='ocr_line' id='line_1_27' title="bbox 687 1628 1643 1682; baseline 0 -15"><span class='ocrx_word' id='word_1_214' title='bbox 687 1628 1088 1667; x_wconf 79' lang='lat' dir='ltr'><strong>ARGUMENTUM.</strong></span> <span class='ocrx_word' id='word_1_215' title='bbox 1620 1641 1643 1682; x_wconf 87' lang='lat'>7</span> 
     </span>
    </p>
   </div>
   <div class='ocr_carea' id='block_1_6' title="bbox 167 1692 1606 1834">
    <p class='ocr_par' dir='ltr' id='par_1_7' title="bbox 167 1692 1606 1833">
     <span class='ocr_line' id='line_1_28' title="bbox 167 1692 1606 1742; baseline 0.001 -13"><span class='ocrx_word' id='word_1_216' title='bbox 167 1694 263 1734; x_wconf 77' lang='lat' dir='ltr'>Quia</span> <span class='ocrx_word' id='word_1_217' title='bbox 284 1694 408 1740; x_wconf 71' lang='lat' dir='ltr'>pridie</span> <span class='ocrx_word' id='word_1_218' title='bbox 437 1695 644 1740; x_wconf 79' lang='lat' dir='ltr'>scripserat,</span> <span class='ocrx_word' id='word_1_219' title='bbox 673 1694 826 1729; x_wconf 63' lang='grc' dir='ltr'>ὂπευὶιεν</span> <span class='ocrx_word' id='word_1_220' title='bbox 852 1705 947 1728; x_wconf 79' lang='grc' dir='ltr'>Ιηουα</span> <span class='ocrx_word' id='word_1_221' title='bbox 977 1693 1142 1740; x_wconf 68' lang='lat' dir='ltr'>quaedam</span> <span class='ocrx_word' id='word_1_222' title='bbox 1168 1692 1366 1728; x_wconf 76' lang='lat' dir='ltr'>adnuntiat</span> <span class='ocrx_word' id='word_1_223' title='bbox 1397 1693 1441 1728; x_wconf 80' lang='lat' dir='ltr'>de</span> <span class='ocrx_word' id='word_1_224' title='bbox 1467 1695 1606 1742; x_wconf 75' lang='lat' dir='ltr'>nuptiis</span> 
     </span>
     <span class='ocr_line' id='line_1_29' title="bbox 218 1744 1605 1799; baseline 0.001 -18"><span class='ocrx_word' id='word_1_225' title='bbox 218 1745 404 1799; x_wconf 76' lang='lat' dir='ltr'>Cornzficii</span> <span class='ocrx_word' id='word_1_226' title='bbox 431 1750 465 1781; x_wconf 80' lang='lat' dir='ltr'>et</span> <span class='ocrx_word' id='word_1_227' title='bbox 480 1746 576 1795; x_wconf 78' lang='lat' dir='ltr'>filiae</span> <span class='ocrx_word' id='word_1_228' title='bbox 604 1746 796 1787; x_wconf 76' lang='lat' dir='ltr'>Orestillae,</span> <span class='ocrx_word' id='word_1_229' title='bbox 816 1746 859 1781; x_wconf 76' lang='lat' dir='ltr'>(le</span> <span class='ocrx_word' id='word_1_230' title='bbox 887 1744 1030 1780; x_wconf 74' lang='lat' dir='ltr'>Paullae</span> <span class='ocrx_word' id='word_1_231' title='bbox 1048 1745 1218 1784; x_wconf 72' lang='lat' dir='ltr'>divortio,</span> <span class='ocrx_word' id='word_1_232' title='bbox 1239 1745 1282 1780; x_wconf 82' lang='lat' dir='ltr'>de</span> <span class='ocrx_word' id='word_1_233' title='bbox 1311 1745 1441 1780; x_wconf 78' lang='lat' dir='ltr'>Ocellae</span> <span class='ocrx_word' id='word_1_234' title='bbox 1463 1747 1605 1782; x_wconf 79' lang='lat' dir='ltr'>adulte-</span> 
     </span>
     <span class='ocr_line' id='line_1_30' title="bbox 212 1799 290 1834; baseline 0 -2"><span class='ocrx_word' id='word_1_235' title='bbox 212 1799 290 1834; x_wconf 68' lang='lat' dir='ltr'>riis.</span> 
     </span>
    </p>
   </div>
   <div class='ocr_carea' id='block_1_7' title="bbox 547 1862 1207 1915">
    <p class='ocr_par' dir='ltr' id='par_1_8' title="bbox 547 1862 1207 1915">
     <span class='ocr_line' id='line_1_31' title="bbox 547 1862 1207 1915; baseline -0.005 -9"><span class='ocrx_word' id='word_1_236' title='bbox 547 1864 646 1906; x_wconf 91' lang='lat' dir='ltr'>COE</span> <span class='ocrx_word' id='word_1_237' title='bbox 656 1863 790 1906; x_wconf 89' lang='lat' dir='ltr'>LIUS</span> <span class='ocrx_word' id='word_1_238' title='bbox 815 1862 1138 1915; x_wconf 87' lang='lat' dir='ltr'>CICERONI,</span> <span class='ocrx_word' id='word_1_239' title='bbox 1162 1863 1207 1904; x_wconf 87' lang='lat' dir='ltr'>S.</span> 
     </span>
    </p>
   </div>
   <div class='ocr_carea' id='block_1_8' title="bbox 166 1920 1604 2444">
    <p class='ocr_par' dir='ltr' id='par_1_9' title="bbox 166 1920 1604 2444">
     <span class='ocr_line' id='line_1_32' title="bbox 168 1920 1604 1987; baseline 0 -13"><span class='ocrx_word' id='word_1_240' title='bbox 168 1920 366 1982; x_wconf 75' lang='lat' dir='ltr'><strong>QUAM</strong></span> <span class='ocrx_word' id='word_1_241' title='bbox 400 1933 487 1974; x_wconf 90' lang='lat' dir='ltr'>cito</span> <span class='ocrx_word' id='word_1_242' title='bbox 522 1943 567 1974; x_wconf 90' lang='lat' dir='ltr'>tu</span> <span class='ocrx_word' id='word_1_243' title='bbox 600 1933 728 1973; x_wconf 89' lang='lat' dir='ltr'>istinc</span> <span class='ocrx_word' id='word_1_244' title='bbox 762 1932 966 1974; x_wconf 87' lang='lat' dir='ltr'>decedere</span> <span class='ocrx_word' id='word_1_245' title='bbox 997 1931 1160 1986; x_wconf 84' lang='lat' dir='ltr'>cupias,</span> <span class='ocrx_word' id='word_1_246' title='bbox 1190 1931 1362 1972; x_wconf 87' lang='lat' dir='ltr'>nescio:</span> <span class='ocrx_word' id='word_1_247' title='bbox 1395 1945 1478 1987; x_wconf 87' lang='lat' dir='ltr'>ego</span> <span class='ocrx_word' id='word_1_248' title='bbox 1509 1933 1604 1987; x_wconf 92' lang='lat' dir='ltr'>qui-</span> 
     </span>
     <span class='ocr_line' id='line_1_33' title="bbox 166 1965 1604 2046; baseline 0.001 -16"><span class='ocrx_word' id='word_1_249' title='bbox 166 1990 263 2031; x_wconf 89' lang='lat' dir='ltr'>dem</span> <span class='ocrx_word' id='word_1_250' title='bbox 287 2003 337 2030; x_wconf 93' lang='lat' dir='ltr'>eo</span> <span class='ocrx_word' id='word_1_251' title='bbox 359 1991 512 2046; x_wconf 82' lang='lat' dir='ltr'>magis,</span> <span class='ocrx_word' id='word_1_252' title='bbox 534 2005 620 2045; x_wconf 88' lang='lat' dir='ltr'>quo</span> <span class='ocrx_word' id='word_1_253' title='bbox 643 1989 784 2031; x_wconf 84' lang='lat' dir='ltr'>adhuc</span> <span class='ocrx_word' id='word_1_254' title='bbox 806 1989 972 2029; x_wconf 82' lang='lat' dir='ltr'>felicius</span> <span class='ocrx_word' id='word_1_255' title='bbox 1002 2002 1092 2029; x_wconf 87' lang='lat' dir='ltr'>rem</span> <span class='ocrx_word' id='word_1_256' title='bbox 1115 1988 1300 2043; x_wconf 84' lang='lat' dir='ltr'>gessisti.</span> <span class='ocrx_word' id='word_1_257' title='bbox 1364 1965 1481 2029; x_wconf 85' lang='lat' dir='ltr'>Dum</span> <span class='ocrx_word' id='word_1_258' title='bbox 1505 1990 1604 2032; x_wconf 87' lang='lat' dir='ltr'>istic</span> 
     </span>
     <span class='ocr_line' id='line_1_34' title="bbox 166 2045 1603 2102; baseline 0 -14"><span class='ocrx_word' id='word_1_259' title='bbox 166 2047 263 2098; x_wconf 86' lang='lat' dir='ltr'>eris,</span> <span class='ocrx_word' id='word_1_260' title='bbox 295 2047 349 2088; x_wconf 86' lang='lat' dir='ltr'>de</span> <span class='ocrx_word' id='word_1_261' title='bbox 386 2047 484 2088; x_wconf 89' lang='lat' dir='ltr'>belli</span> <span class='ocrx_word' id='word_1_262' title='bbox 518 2046 712 2088; x_wconf 86' lang='lat' dir='ltr'>Parthici</span> <span class='ocrx_word' id='word_1_263' title='bbox 743 2045 933 2102; x_wconf 91' lang='lat' dir='ltr'>periculo</span> <span class='ocrx_word' id='word_1_264' title='bbox 967 2046 1207 2096; x_wconf 86' lang='lat' dir='ltr'>cruciabor,</span> <span class='ocrx_word' id='word_1_265' title='bbox 1239 2059 1293 2086; x_wconf 94' lang='lat' dir='ltr'>ne</span> <span class='ocrx_word' id='word_1_266' title='bbox 1324 2045 1439 2086; x_wconf 90' lang='lat' dir='ltr'>hunc</span> <span class='ocrx_word' id='word_1_267' title='bbox 1470 2046 1603 2088; x_wconf 80' lang='lat' dir='ltr'>risum</span> 
     </span>
     <span class='ocr_line' id='line_1_35' title="bbox 166 2102 1603 2160; baseline 0 -15"><span class='ocrx_word' id='word_1_268' title='bbox 166 2118 310 2145; x_wconf 87' lang='lat' dir='ltr'>meum</span> <span class='ocrx_word' id='word_1_269' title='bbox 331 2117 469 2145; x_wconf 83' lang='lat' dir='ltr'>metus</span> <span class='ocrx_word' id='word_1_270' title='bbox 492 2104 645 2159; x_wconf 84' lang='lat' dir='ltr'>aliquis</span> <span class='ocrx_word' id='word_1_271' title='bbox 668 2104 904 2160; x_wconf 88' lang='lat' dir='ltr'>pertur.bet</span> <span class='ocrx_word' id='word_1_272' title='bbox 966 2102 1192 2143; x_wconf 83' lang='lat' dir='ltr'>Bleviores</span> <span class='ocrx_word' id='word_1_273' title='bbox 1213 2102 1289 2143; x_wconf 85' lang='lat' dir='ltr'>has</span> <span class='ocrx_word' id='word_1_274' title='bbox 1311 2102 1473 2143; x_wconf 85' lang='lat' dir='ltr'>litteras</span> <span class='ocrx_word' id='word_1_275' title='bbox 1505 2119 1603 2159; x_wconf 93' lang='lat' dir='ltr'>pro-</span> 
     </span>
     <span class='ocr_line' id='line_1_36' title="bbox 167 2159 1601 2216; baseline 0.001 -15"><span class='ocrx_word' id='word_1_276' title='bbox 167 2161 334 2216; x_wconf 84' lang='lat' dir='ltr'>peranti</span> <span class='ocrx_word' id='word_1_277' title='bbox 376 2161 703 2216; x_wconf 83' lang='lat' dir='ltr'>publicanorum</span> <span class='ocrx_word' id='word_1_278' title='bbox 739 2159 962 2201; x_wconf 83' lang='lat' dir='ltr'>tabellario</span> <span class='ocrx_word' id='word_1_279' title='bbox 995 2160 1139 2200; x_wconf 84' lang='lat' dir='ltr'>subito</span> <span class='ocrx_word' id='word_1_280' title='bbox 1175 2159 1302 2200; x_wconf 90' lang='lat' dir='ltr'>dedi:</span> <span class='ocrx_word' id='word_1_281' title='bbox 1335 2170 1409 2200; x_wconf 93' lang='lat' dir='ltr'>tuo</span> <span class='ocrx_word' id='word_1_282' title='bbox 1447 2160 1601 2202; x_wconf 89' lang='lat' dir='ltr'>liberto</span> 
     </span>
     <span class='ocr_line' id='line_1_37' title="bbox 169 2216 1600 2273; baseline 0.001 -15"><span class='ocrx_word' id='word_1_283' title='bbox 169 2217 362 2273; x_wconf 89' lang='lat' dir='ltr'>pluribus</span> <span class='ocrx_word' id='word_1_284' title='bbox 384 2218 524 2259; x_wconf 89' lang='lat' dir='ltr'>verbis</span> <span class='ocrx_word' id='word_1_285' title='bbox 549 2218 728 2273; x_wconf 84' lang='lat' dir='ltr'>scriptas</span> <span class='ocrx_word' id='word_1_286' title='bbox 758 2217 895 2273; x_wconf 89' lang='lat' dir='ltr'>pridie</span> <span class='ocrx_word' id='word_1_287' title='bbox 924 2217 1140 2258; x_wconf 84' lang='lat' dir='ltr'>dederam.</span> <span class='ocrx_word' id='word_1_288' title='bbox 1202 2216 1289 2257; x_wconf 88' lang='lat' dir='ltr'>Res</span> <span class='ocrx_word' id='word_1_289' title='bbox 1310 2226 1455 2257; x_wconf 85' lang='lat' dir='ltr'>autem</span> <span class='ocrx_word' id='word_1_290' title='bbox 1474 2232 1600 2260; x_wconf 83' lang='lat' dir='ltr'>novae</span> 
     </span>
     <span class='ocr_line' id='line_1_38' title="bbox 167 2273 1601 2329; baseline 0.001 -14"><span class='ocrx_word' id='word_1_291' title='bbox 167 2275 297 2317; x_wconf 87' lang='lat' dir='ltr'>nullae</span> <span class='ocrx_word' id='word_1_292' title='bbox 328 2289 428 2316; x_wconf 83' lang='lat' dir='ltr'>sane</span> <span class='ocrx_word' id='word_1_293' title='bbox 462 2275 726 2325; x_wconf 83' lang='lat' dir='ltr'>acciderunt,</span> <span class='ocrx_word' id='word_1_294' title='bbox 756 2274 837 2315; x_wconf 90' lang='lat' dir='ltr'>nisi</span> <span class='ocrx_word' id='word_1_295' title='bbox 870 2273 962 2314; x_wconf 84' lang='lat' dir='ltr'>haec</span> <span class='ocrx_word' id='word_1_296' title='bbox 985 2274 1048 2314; x_wconf 83' lang='lat' dir='ltr'>vis</span> <span class='ocrx_word' id='word_1_297' title='bbox 1081 2273 1160 2314; x_wconf 89' lang='lat' dir='ltr'>tibi</span> <span class='ocrx_word' id='word_1_298' title='bbox 1191 2274 1336 2324; x_wconf 89' lang='lat' dir='ltr'>scribi,</span> <span class='ocrx_word' id='word_1_299' title='bbox 1366 2289 1462 2329; x_wconf 90' lang='lat' dir='ltr'>quae</span> <span class='ocrx_word' id='word_1_300' title='bbox 1485 2285 1601 2316; x_wconf 89' lang='lat' dir='ltr'>certe</span> 
     </span>
     <span class='ocr_line' id='line_1_39' title="bbox 166 2330 1599 2388; baseline 0.001 -16"><span class='ocrx_word' id='word_1_301' title='bbox 166 2333 246 2373; x_wconf 85' lang='lat' dir='ltr'>vis.</span> <span class='ocrx_word' id='word_1_302' title='bbox 309 2331 569 2373; x_wconf 80' lang='lat' dir='ltr'>Cornificius</span> <span class='ocrx_word' id='word_1_303' title='bbox 591 2332 837 2373; x_wconf 82' lang='lat' dir='ltr'>adolescens</span> <span class='ocrx_word' id='word_1_304' title='bbox 861 2330 1075 2372; x_wconf 80' lang='lat' dir='ltr'>Oiestillae</span> <span class='ocrx_word' id='word_1_305' title='bbox 1097 2331 1229 2372; x_wconf 88' lang='lat' dir='ltr'>filiam</span> <span class='ocrx_word' id='word_1_306' title='bbox 1250 2331 1332 2372; x_wconf 90' lang='lat' dir='ltr'>sibi</span> <span class='ocrx_word' id='word_1_307' title='bbox 1354 2332 1599 2388; x_wconf 89' lang='lat' dir='ltr'>despondit.</span> 
     </span>
     <span class='ocr_line' id='line_1_40' title="bbox 170 2387 1602 2444; baseline 0 -14"><span class='ocrx_word' id='word_1_308' title='bbox 170 2389 319 2430; x_wconf 76' lang='lat' dir='ltr'>Paulla</span> <span class='ocrx_word' id='word_1_309' title='bbox 340 2389 525 2441; x_wconf 87' lang='lat' dir='ltr'>Valeria,</span> <span class='ocrx_word' id='word_1_310' title='bbox 556 2403 676 2430; x_wconf 90' lang='lat' dir='ltr'>soror</span> <span class='ocrx_word' id='word_1_311' title='bbox 696 2387 866 2440; x_wconf 84' lang='lat' dir='ltr'>Triarii,</span> <span class='ocrx_word' id='word_1_312' title='bbox 889 2388 1124 2429; x_wconf 73' lang='lat' dir='ltr'>divortium</span> <span class='ocrx_word' id='word_1_313' title='bbox 1147 2388 1238 2428; x_wconf 89' lang='lat' dir='ltr'>sine</span> <span class='ocrx_word' id='word_1_314' title='bbox 1258 2403 1402 2440; x_wconf 85' lang='lat' dir='ltr'>causa,</span> <span class='ocrx_word' id='word_1_315' title='bbox 1424 2404 1510 2444; x_wconf 93' lang='lat' dir='ltr'>quo</span> <span class='ocrx_word' id='word_1_316' title='bbox 1533 2389 1602 2430; x_wconf 93' lang='lat' dir='ltr'>die</span> 
     </span>
    </p>
   </div>
   <div class='ocr_carea' id='block_1_9' title="bbox 164 2557 1600 2847">
    <p class='ocr_par' dir='ltr' id='par_1_10' title="bbox 165 2557 1600 2642">
     <span class='ocr_line' id='line_1_41' title="bbox 205 2557 1600 2600; baseline 0 -9"><span class='ocrx_word' id='word_1_317' title='bbox 205 2561 245 2592; x_wconf 77' lang='lat' dir='ltr'>6ss</span> <span class='ocrx_word' id='word_1_318' title='bbox 261 2560 334 2592; x_wconf 78' lang='lat' dir='ltr'>Hoc</span> <span class='ocrx_word' id='word_1_319' title='bbox 344 2562 390 2592; x_wconf 81' lang='lat' dir='ltr'>sic·</span> <span class='ocrx_word' id='word_1_320' title='bbox 402 2570 499 2592; x_wconf 64' lang='lat' dir='ltr'>mma</span> <span class='ocrx_word' id='word_1_321' title='bbox 511 2564 569 2591; x_wconf 82' lang='lat' dir='ltr'>ese.</span> <span class='ocrx_word' id='word_1_322' title='bbox 572 2561 585 2600; x_wconf 93' lang='lat'>]</span> <span class='ocrx_word' id='word_1_323' title='bbox 606 2560 723 2591; x_wconf 88' lang='lat' dir='ltr'>Malim</span> <span class='ocrx_word' id='word_1_324' title='bbox 737 2561 794 2590; x_wconf 75' lang='lat' dir='ltr'>hoc</span> <span class='ocrx_word' id='word_1_325' title='bbox 804 2559 861 2590; x_wconf 87' lang='lat' dir='ltr'>ab·</span> <span class='ocrx_word' id='word_1_326' title='bbox 945 2562 986 2593; x_wconf 77' lang='lat'>70</span> <span class='ocrx_word' id='word_1_327' title='bbox 999 2557 1167 2600; x_wconf 77' lang='lat' dir='ltr'>quoejubet</span> <span class='ocrx_word' id='word_1_328' title='bbox 1180 2559 1288 2590; x_wconf 77' lang='lat' dir='ltr'>oediles</span> <span class='ocrx_word' id='word_1_329' title='bbox 1299 2558 1421 2598; x_wconf 79' lang='lat' dir='ltr'>metiri]</span> <span class='ocrx_word' id='word_1_330' title='bbox 1440 2559 1493 2589; x_wconf 89' lang='lat' dir='ltr'>Sic</span> <span class='ocrx_word' id='word_1_331' title='bbox 1504 2569 1521 2589; x_wconf 86' lang='lat' dir='ltr'>e</span> <span class='ocrx_word' id='word_1_332' title='bbox 1535 2559 1600 2591; x_wconf 86' lang='lat' dir='ltr'>Ms.</span> 
     </span>
     <span class='ocr_line' id='line_1_42' title="bbox 165 2601 1480 2642; baseline -0.002 -9"><span class='ocrx_word' id='word_1_333' title='bbox 165 2612 246 2633; x_wconf 86' lang='lat' dir='ltr'>esse.</span> <span class='ocrx_word' id='word_1_334' title='bbox 903 2601 986 2632; x_wconf 86' lang='lat' dir='ltr'>bene</span> <span class='ocrx_word' id='word_1_335' title='bbox 1000 2601 1149 2632; x_wconf 71' lang='lat' dir='ltr'>Graevius</span> <span class='ocrx_word' id='word_1_336' title='bbox 1163 2611 1223 2642; x_wconf 87' lang='lat' dir='ltr'>pro</span> <span class='ocrx_word' id='word_1_337' title='bbox 1237 2601 1372 2640; x_wconf 81' lang='lat' dir='ltr'>vulgato</span> <span class='ocrx_word' id='word_1_338' title='bbox 1387 2610 1480 2640; x_wconf 77' lang='lat' dir='ltr'>quas.</span> 
     </span>
    </p>

    <p class='ocr_par' dir='ltr' id='par_1_11' title="bbox 164 2642 1600 2847">
     <span class='ocr_line' id='line_1_43' title="bbox 208 2642 1597 2686; baseline -0.003 -11"><span class='ocrx_word' id='word_1_339' title='bbox 208 2646 248 2679; x_wconf 82' lang='lat'>69</span> <span class='ocrx_word' id='word_1_340' title='bbox 263 2646 302 2675; x_wconf 78' lang='lat' dir='ltr'>de</span> <span class='ocrx_word' id='word_1_341' title='bbox 314 2646 429 2676; x_wconf 79' lang='lat' dir='ltr'>intere.</span> <span class='ocrx_word' id='word_1_342' title='bbox 445 2655 510 2675; x_wconf 81' lang='lat' dir='ltr'>non</span> <span class='ocrx_word' id='word_1_343' title='bbox 524 2644 602 2684; x_wconf 66' lang='lat' dir='ltr'>obt]</span> <span class='ocrx_word' id='word_1_344' title='bbox 628 2654 674 2675; x_wconf 85' lang='lat' dir='ltr'>sc.</span> <span class='ocrx_word' id='word_1_345' title='bbox 682 2643 777 2686; x_wconf 85' lang='lat' dir='ltr'>apud</span> <span class='ocrx_word' id='word_1_346' title='bbox 792 2643 860 2674; x_wconf 90' lang='lat' dir='ltr'>col·</span> <span class='ocrx_word' id='word_1_347' title='bbox 946 2647 982 2678; x_wconf 81' lang='lat'>71</span> <span class='ocrx_word' id='word_1_348' title='bbox 1008 2645 1036 2674; x_wconf 78' lang='lat' dir='ltr'>si</span> <span class='ocrx_word' id='word_1_349' title='bbox 1058 2644 1148 2684; x_wconf 82' lang='lat' dir='ltr'>quid,</span> <span class='ocrx_word' id='word_1_350' title='bbox 1173 2644 1258 2684; x_wconf 82' lang='lat' dir='ltr'>quod</span> <span class='ocrx_word' id='word_1_351' title='bbox 1273 2653 1350 2682; x_wconf 67' lang='lat' dir='ltr'>opus</span> <span class='ocrx_word' id='word_1_352' title='bbox 1363 2642 1489 2683; x_wconf 73' lang='lat' dir='ltr'>fuerit]</span> <span class='ocrx_word' id='word_1_353' title='bbox 1515 2643 1597 2677; x_wconf 87' lang='lat' dir='ltr'>Mss</span> 
     </span>
     <span class='ocr_line' id='line_1_44' title="bbox 165 2685 1600 2726; baseline 0.001 -10"><span class='ocrx_word' id='word_1_354' title='bbox 165 2686 287 2726; x_wconf 81' lang='lat' dir='ltr'>legium</span> <span class='ocrx_word' id='word_1_355' title='bbox 301 2688 513 2726; x_wconf 86' lang='lat' dir='ltr'>Pontificum,</span> <span class='ocrx_word' id='word_1_356' title='bbox 525 2693 564 2717; x_wconf 84' lang='lat' dir='ltr'>ut</span> <span class='ocrx_word' id='word_1_357' title='bbox 575 2687 754 2717; x_wconf 83' lang='lat' dir='ltr'>secundum</span> <span class='ocrx_word' id='word_1_358' title='bbox 766 2696 860 2717; x_wconf 87' lang='lat' dir='ltr'>suam</span> <span class='ocrx_word' id='word_1_359' title='bbox 904 2686 995 2717; x_wconf 86' lang='lat' dir='ltr'>Gorl.</span> <span class='ocrx_word' id='word_1_360' title='bbox 1023 2686 1087 2716; x_wconf 92' lang='lat' dir='ltr'>Gu.</span> <span class='ocrx_word' id='word_1_361' title='bbox 1115 2695 1183 2716; x_wconf 86' lang='lat' dir='ltr'>non</span> <span class='ocrx_word' id='word_1_362' title='bbox 1210 2685 1334 2716; x_wconf 86' lang='lat' dir='ltr'>habent</span> <span class='ocrx_word' id='word_1_363' title='bbox 1363 2686 1454 2724; x_wconf 72' lang='lat' dir='ltr'>quod.</span> <span class='ocrx_word' id='word_1_364' title='bbox 1483 2686 1600 2718; x_wconf 87' lang='lat' dir='ltr'>malim</span> 
     </span>
     <span class='ocr_line' id='line_1_45' title="bbox 164 2729 1120 2768; baseline -0.001 -10"><span class='ocrx_word' id='word_1_365' title='bbox 164 2731 361 2760; x_wconf 84' lang='lat' dir='ltr'>sententiam</span> <span class='ocrx_word' id='word_1_366' title='bbox 377 2731 472 2760; x_wconf 86' lang='lat' dir='ltr'>fieret</span> <span class='ocrx_word' id='word_1_367' title='bbox 485 2730 652 2760; x_wconf 80' lang='lat' dir='ltr'>decretum</span> <span class='ocrx_word' id='word_1_368' title='bbox 666 2729 705 2759; x_wconf 88' lang='lat' dir='ltr'>de</span> <span class='ocrx_word' id='word_1_369' title='bbox 720 2730 862 2760; x_wconf 86' lang='lat' dir='ltr'>interca·</span> <span class='ocrx_word' id='word_1_370' title='bbox 904 2729 985 2768; x_wconf 84' lang='lat' dir='ltr'>quid</span> <span class='ocrx_word' id='word_1_371' title='bbox 998 2729 1120 2759; x_wconf 83' lang='lat' dir='ltr'>abesse.</span> 
     </span>
     <span class='ocr_line' id='line_1_46' title="bbox 164 2769 1598 2843; baseline 0.003 -44"><span class='ocrx_word' id='word_1_372' title='bbox 164 2770 300 2802; x_wconf 72' lang='lat' dir='ltr'>latione.</span> <span class='ocrx_word' id='word_1_373' title='bbox 323 2773 405 2803; x_wconf 84' lang='lat' dir='ltr'>Rem</span> <span class='ocrx_word' id='word_1_374' title='bbox 429 2776 543 2803; x_wconf 77' lang='lat' dir='ltr'>narrat</span> <span class='ocrx_word' id='word_1_375' title='bbox 559 2772 625 2803; x_wconf 87' lang='lat' dir='ltr'>Dio</span> <span class='ocrx_word' id='word_1_376' title='bbox 647 2771 687 2802; x_wconf 90' lang='lat' dir='ltr'>L.</span> <span class='ocrx_word' id='word_1_377' title='bbox 710 2770 802 2802; x_wconf 85' lang='lat' dir='ltr'><strong>XLI.</strong></span> <span class='ocrx_word' id='word_1_378' title='bbox 825 2781 860 2812; x_wconf 85' lang='lat' dir='ltr'>p.</span> <span class='ocrx_word' id='word_1_379' title='bbox 904 2812 919 2843; x_wconf 63' lang='lat' dir='ltr'><strong>f</strong></span> <span class='ocrx_word' id='word_1_380' title='bbox 946 2772 987 2804; x_wconf 70' lang='lat'>7⁶2</span> <span class='ocrx_word' id='word_1_381' title='bbox 1012 2772 1070 2801; x_wconf 80' lang='lat' dir='ltr'>hoc</span> <span class='ocrx_word' id='word_1_382' title='bbox 1093 2770 1142 2800; x_wconf 82' lang='lat' dir='ltr'>z&#39;ta</span> <span class='ocrx_word' id='word_1_383' title='bbox 1151 2769 1287 2811; x_wconf 80' lang='lat' dir='ltr'>facere]</span> <span class='ocrx_word' id='word_1_384' title='bbox 1316 2769 1438 2800; x_wconf 88' lang='lat' dir='ltr'>Melius</span> <span class='ocrx_word' id='word_1_385' title='bbox 1463 2771 1521 2802; x_wconf 77' lang='lat' dir='ltr'>hoc</span> <span class='ocrx_word' id='word_1_386' title='bbox 1541 2771 1598 2802; x_wconf 83' lang='lat' dir='ltr'>ab·</span> 
     </span>
     <span class='ocr_line' id='line_1_47' title="bbox 168 2813 1015 2847; baseline 0.001 -5"><span class='ocrx_word' id='word_1_387' title='bbox 168 2814 238 2847; x_wconf 78' lang='lat'>149.</span> <span class='ocrx_word' id='word_1_388' title='bbox 917 2813 1015 2844; x_wconf 86' lang='lat' dir='ltr'>uerit.</span> 
     </span>
    </p>
   </div>
  </div>
 </body>
</html>
