1903 3218
353 102 429 140 AD
455 101 542 140 CN.
574 101 860 140 PLANCUM
887 100 960 139 ΕΤ
987 100 1262 138 CETEROS.
1455 104 1532 140 269

106 202 282 258 possim.
330 203 425 261 Ego
446 206 634 261 quidem,
654 204 732 245 etsi
756 203 862 245 mihi
884 203 1018 258 tutius
1040 217 1089 244 ac
1113 202 1251 242 minus
1273 200 1532 244 laboriosum
1545 214 1576 245 P·
1597 204 1664 236 164-

106 268 185 310 est,
207 274 401 313 manere3
435 271 590 312 tamen,
620 262 722 316 quia
756 261 893 311 video,
927 259 998 300 tali
1026 269 1217 314 tempore
1244 257 1378 298 multo
1398 258 1578 313 magisa·

106 314 349 372 legionibus
371 333 479 374 opus
501 332 604 368 esse,
625 332 752 373 quam
775 317 1021 373 provinciiS,
1043 330 1140 370 quae
1161 315 1396 371 praesertim
1418 329 1537 355 recu-

110 374 244 427 perari
280 374 394 416 nullo
420 376 593 430 negotio
624 384 816 430 possunt,
853 373 1074 423 constitui,
1101 381 1148 414 ut
1177 385 1291 412 nunc
1323 382 1401 422 est,
1439 386 1539 412 cum

107 430 299 472 exercitu
334 431 562 487 proficisci.
614 433 653 461 ²3
672 431 838 472 Deinde
857 445 910 471 ex
934 430 1099 481 litteris,
1122 443 1227 484 quas
1253 427 1403 469 Pansae
1428 429 1538 479 misi,

107 500 343 543 cognosces
364 487 522 528 omnia.
542 503 638 529 nam
663 489 742 530 tibi
766 502 910 529 earum
934 487 1154 543 exemplar
1172 486 1282 526 misi.
1308 498 1414 525 xvu
1442 484 1538 526 Kal.

107 542 244 599 April.
269 544 502 585 Cordubae.
564 545 681 585 Vale.

621 617 1025 656 ARGUMENTUM.

142 679 249 715 Balbi
268 681 453 727 quaestoris
471 682 690 731 suiflagitia
708 682 877 729 exponit:
907 681 1033 715 deinde
1052 680 1095 716 de
1111 691 1174 715 suo
1195 681 1231 715 in
1251 680 1507 727 rempublicam

696 734 816 769 studio
835 733 952 768 addit.

362 798 414 839 C.
437 798 684 842 ASINIUS
722 798 946 840 POLLIO
980 796 1301 839 CICERONI.

118 851 361 908 BALBUS
383 878 587 921 quaestor,
610 882 767 924 magna
787 876 1009 908 numerata
1031 866 1227 922 pecunia,
1258 881 1416 922 magno
1442 882 1547 922 pon-

113 923 212 963 dere
235 924 340 974 auri,
373 925 534 978 majore
568 925 732 981 argenti
764 934 917 965 coacto
939 924 991 964 de
1025 924 1208 979 publicis
1229 925 1546 975 exactionibus,

113 994 165 1020 ne
188 980 402 1034 stipendio
424 982 596 1035 quidem
630 981 837 1022 militibus
871 981 1054 1030 reddito,
1077 981 1204 1021 duxit
1226 995 1269 1021 se
1292 995 1317 1021 a
1336 981 1548 1032 Gadibus,

111 1048 156 1076 et
180 1036 366 1077 triduum
393 1047 647 1093 tempestate
682 1048 871 1079 retentus
898 1037 949 1079 ad
973 1037 1152 1094 Calpen,
1180 1037 1275 1079 Kal.
1296 1037 1441 1080 Juniis
1466 1048 1549 1079 tra-

107 1093 218 1148 jecit
236 1107 326 1134 sese
348 1094 390 1134 in
416 1109 593 1151 regnum
620 1096 829 1152 Bogudis,
855 1094 976 1150 plane
1002 1095 1107 1135 bene
1126 1095 1376 1150 peculiatus.
1411 1098 1451 1126 24
1466 1094 1550 1136 His

116 1151 357 1192 rumoribus
380 1165 524 1192 utrum
549 1152 692 1194 Gades
717 1151 936 1202 referatur,
959 1166 1011 1191 an
1038 1151 1238 1202 Romam,
1261 1153 1332 1205 (ad
1358 1152 1549 1208 singulos

115 1207 229 1248 enim
256 1208 429 1248 nuntios
459 1210 702 1265 turpissime
733 1209 913 1250 consilia
934 1210 1107 1258 mutat‚)
1139 1209 1329 1249 nondum
1353 1209 1457 1250 scio.
1477 1209 1550 1250 sed

117 1273 272 1319 praeter
307 1264 435 1314 furta,
465 1275 508 1306 et
538 1266 722 1322 rapinas,
757 1276 798 1305 et
823 1264 953 1319 virgis
987 1279 1122 1305 caesos
1151 1266 1305 1315 socios,
1328 1265 1422 1307 haec
1444 1280 1551 1321 quo-

117 1335 200 1376 que
222 1320 340 1371 fecit,
365 1330 410 1361 ut
429 1323 519 1377 ipse
538 1322 710 1378 gloriari
733 1321 853 1372 solet,
876 1321 1040 1371 eadem,
1063 1335 1160 1376 quae
1191 1321 1243 1363 C.
1265 1321 1427 1363 Caesar.
1467 1322 1552 1363 Lu-

118 1377 199 1428 dis,
221 1392 328 1433 quos
352 1377 547 1419 Gadibus
569 1378 686 1430 fecit,
711 1377 982 1419 Herennium
1017 1377 1206 1429 Gallum,
1229 1381 1269 1410 25
1284 1379 1552 1430 histrionem,

118 1448 286 1475 summo
308 1433 506 1476 ludorum
525 1436 594 1477 die
615 1435 772 1476 annulo
796 1449 922 1476 aureo
945 1436 1167 1486 donatum,
1190 1436 1232 1476 in
1254 1450 1371 1478 x1111
1393 1450 1553 1478 sessum

117 1490 313 1532 deduxit.
334 1501 399 1532 tot
420 1493 535 1533 enim
558 1493 716 1534 fecerat
737 1492 905 1534 ordines
928 1492 1135 1547 equestris
1158 1493 1256 1534 loci.
1316 1494 1556 1540 Quattuor-

120 1547 304 1588 viratum
324 1548 404 1588 sibi
430 1550 699 1606 prorogavit:
732 1549 910 1590 comitia
943 1549 1104 1590 biennii
1126 1550 1258 1590 biduo
1281 1549 1555 1602 habuit,-hoc

120 1613 199 1654 est,
237 1605 515 1656 renuntiavit,
547 1621 655 1661 quos
687 1605 725 1647 ei
763 1606 901 1646 visum
934 1616 1022 1647 est:
1054 1606 1222 1647 exsules
1256 1607 1446 1658 reduxit,
1469 1622 1555 1649 non

121 1661 275 1702 horum
318 1671 576 1718 temporum,
619 1663 691 1704 sed
742 1663 925 1714 illorum,
979 1663 1136 1717 quibus
1177 1679 1202 1704 a
1236 1665 1449 1705 seditiosis
1492 1679 1556 1706 se·

123 1727 247 1759 natus
290 1719 541 1770 trucidatus,
583 1729 658 1761 aut
694 1718 898 1776 expulsus
947 1730 1025 1769 est,
1071 1720 1172 1761 Sex.
1215 1720 1329 1763 Varo
1371 1736 1557 1777 procon-

123 1774 225 1815 sule.
288 1773 367 1816 Illa
403 1790 503 1817 vero
539 1777 633 1833 jam
668 1790 719 1817 ne
754 1775 937 1818 Caesaris
975 1777 1149 1831 quidem
1183 1778 1407 1834 exemplo:
1440 1779 1556 1833 quod

124 1831 232 1872 ludis
275 1841 548 1888 praetextam‚
585 1834 637 1875 de
681 1848 762 1875 suo.
798 1833 950 1875 itinere
992 1833 1045 1874 ad
1092 1834 1142 1877 L.
1184 1834 1413 1876 Lentulum
1457 1850 1557 1891 pro-

122 1887 341 1929 consulem
379 1889 712 1941 sollicitandum,
753 1890 909 1946 posuit.
975 1889 1030 1931 Et
1063 1891 1237 1946 quidem
1274 1906 1372 1934 curn
1409 1906 1557 1949 agere-

126 1955 208 1995 tur,
236 1945 370 1997 flevit,
401 1948 607 1989 memoria
639 1962 778 1989 rerum
809 1956 1027 2004 gestarum
1060 1957 1318 1990 commotus.
1380 1949 1555 1992 Gladia-
1567 1951 1598 1982 b.

126 2003 290 2043 toribus
331 2011 491 2056 autem,
533 2006 574 2036 26
590 2004 770 2046 Fadium
823 2004 1053 2059 quendam,
1095 2005 1275 2047 militem
1326 2005 1558 2063 Pompeia-

125 2070 243 2109 num,
273 2060 388 2116 quia,
423 2076 521 2103 cum
556 2063 779 2119 depressus
813 2061 855 2102 iu
884 2061 1032 2103 ludum
1062 2062 1126 2102 bis
1160 2063 1292 2118 gratis
1315 2063 1559 2120 depugnas-

127 2126 204 2167 set,
226 2118 264 2149 ⁶37
275 2126 451 2159 auctore
473 2133 562 2160 sese
585 2119 772 2169 nolebat,
794 2128 838 2159 et
867 2118 920 2159 ad
937 2118 1150 2174 'populum
1181 2119 1452 2176 confugerat,
1476 2121 1561 2178 pri-

128 2187 244 2214 mum
268 2173 416 2215 Gallos
433 2175 596 2231 equites
621 2175 800 2217 immisit
822 2176 865 2216 in
890 2176 1121 2232 populum:
1153 2176 1342 2229 (collecti
1365 2179 1480 2220 enim
1503 2178 1563 2219 la-

1553 613 1606 651 39.

170 2288 211 2316 ⁴23
235 2285 377 2327 Deinde]
403 2287 479 2319 Non
498 2288 598 2320 habet
617 2298 681 2328 quo
705 2290 822 2320 refera-

126 2331 181 2357 tur
197 2328 258 2357 hoc
273 2327 411 2360 Deinde.
456 2330 594 2361 Videtur
613 2331 728 2362 fuisse:
747 2341 824 2373 pro-

115 2369 225 2409 ficisci
240 2371 326 2409 inde,
343 2382 387 2402 sc.
404 2383 421 2402 e
438 2374 616 2412 provincia.

169 2415 209 2442 24
233 2412 297 2444 His
311 2415 508 2455 rumoribus]
533 2415 702 2455 Qui-nunc
716 2416 824 2447 ferun-

128 2458 184 2485 tur
209 2453 248 2484 de
273 2461 363 2487 statu
391 2467 499 2487 rerum
519 2459 553 2488 in
572 2458 667 2489 Italia
682 2462 715 2489 et
732 2458 825 2488 rebus

129 2495 269 2528 adversis
283 2498 432 2530 Antonii.
548 2528 551 2530 ,

170 2541 210 2569 25
232 2541 584 2573 histrionem—annulo
605 2552 704 2574 aureo
727 2543 825 2573 dona-

133 2583 205 2609 tum
229 2582 304 2622 &c.]
329 2583 425 2624 Quod
441 2583 550 2615 Caesar
572 2585 694 2616 fecerat
709 2586 743 2615 in
763 2584 824 2616 La-

134 2621 236 2659 berio,
260 2635 336 2656 eum
360 2626 498 2657 mimum
509 2636 605 2657 suum
630 2629 762 2667 egisset,
795 2636 825 2657 v.

866 2294 918 2319 tra
933 2288 1040 2319 libros,
1056 2299 1116 2323 nec
1131 2295 1181 2321 est
1196 2300 1335 2322 necesse.
1366 2291 1427 2322 Est
1440 2291 1564 2331 aliquid

866 2331 1080 2368 hammaim,
1091 2333 1182 2372 cujus
1195 2340 1228 2363 et
1241 2333 1305 2364 alia
1312 2334 1462 2374 exempla
1473 2341 1562 2364 sunt.

868 2373 1012 2405 Deizeret
1034 2376 1067 2405 in
1083 2374 1141 2405 illa
1161 2376 1304 2413 lectione
1318 2386 1386 2407 esse
1403 2381 1493 2417 post:
1511 2377 1566 2407 de-

865 2416 942 2447 inde
954 2418 1061 2456 ipsum
1074 2417 1175 2448 abstr.

911 2460 949 2492 27
974 2464 1108 2490 auctore
1127 2469 1191 2490 sese
1211 2460 1353 2499 nolebat]
1377 2460 1441 2491 int.
1463 2459 1564 2500 depu-

868 2510 982 2539 gnare,
1006 2506 1138 2532 auctore
1158 2511 1234 2539 sese,
1257 2502 1368 2541 paullo
1383 2502 1487 2532 lenius
1499 2508 1564 2540 est,

866 2552 965 2582 quam
988 2553 1046 2583 pro
1069 2553 1113 2574 re.
1135 2544 1247 2584 itaque
1269 2553 1436 2574 correxere
1454 2549 1565 2575 aucto-

866 2595 957 2621 rare,
972 2590 1011 2615 ut
1023 2585 1122 2616 habet
1145 2586 1196 2617 ed.
1221 2585 1357 2616 Mediol.
1377 2585 1441 2624 (ed.
1465 2586 1563 2618 Rom.

867 2629 1036 2658 auctorarz·
1050 2627 1141 2666 sese.)
1165 2637 1263 2667 quam
1286 2634 1321 2658 et
1346 2627 1420 2658 aliae
1441 2634 1563 2659 secuta

132 2663 269 2696 Sueton.
287 2667 368 2699 Coes.
382 2670 432 2702 39.
449 2669 502 2699 sed
518 2669 572 2700 ille
586 2674 621 2701 et
637 2674 714 2700 ante
729 2679 826 2709 eques

134 2707 251 2738 fuerat.
297 2709 336 2740 In
350 2710 510 2741 histrione
527 2711 670 2743 insolens
684 2711 760 2742 fuit.

177 2750 217 2779 ‘26
240 2750 380 2782 Fadium
395 2751 441 2792 q.]
467 2753 613 2784 Graevius
639 2753 761 2785 addidit
777 2753 825 2790 ob,

133 2794 171 2820 ut
195 2792 369 2824 referretur
390 2793 453 2824 huc
476 2796 624 2832 immisit,
647 2801 781 2827 auctore
793 2795 827 2826 J.

134 2833 184 2863 Fr.
202 2833 366 2865 Gronovio
387 2835 460 2867 Pec.
475 2836 548 2868 Vet.
565 2837 623 2876 IV,
642 2840 670 2868 l.
684 2837 738 2869 sed
751 2846 828 2867 con·

867 2673 959 2707 sunt,
982 2669 1069 2700 unde
1090 2669 1258 2710 vulgatam
1280 2669 1366 2700 hanc
1387 2670 1563 2702 lectionem

869 2711 949 2742 dicit
967 2711 1142 2742 Victorius.
1185 2712 1250 2742 Ms.
1274 2720 1378 2748 meus,
1401 2711 1464 2743 Gu.
1489 2714 1564 2744 1.2.

869 2753 919 2784 ed.
939 2756 1029 2787 1471.
1044 2753 1169 2784 habent
1184 2757 1326 2783 auctore.
1341 2758 1516 2787 auctorare
1530 2756 1565 2786 in

870 2795 957 2827 hunc
971 2795 1141 2827 hominem
1157 2804 1224 2827 non
1236 2797 1399 2826 convenit.
