1860 3228
185 384 260 413 ‚aa

161 394 181 423 p
253 424 476 464 ·venirem.
508 422 581 463 tali
613 423 725 463 enim
761 433 952 476 tempore
986 435 1061 463 aut
1092 424 1317 474 consolari,
1350 424 1585 465 amicorum
1619 432 1697 473 est,

231 2058 273 2093 ll

267 98 342 132 140
648 92 829 130 EPIST.
858 92 1043 131 LIBER
1069 94 1295 133 SEXTUS

268 204 386 253 gant,
409 196 555 237 omnia
583 195 804 238 Ciceronis
837 206 980 251 patere
1008 186 1237 238 Trebiano.
1298 196 1398 238 Hoc
1420 211 1471 238 eo
1493 196 1692 252 pertinet,

269 263 318 295 ut
337 253 445 295 nihil
465 253 713 294 existiment
735 266 825 293 esse
847 262 934 294 tam
955 253 1146 306 difficile,
1163 254 1277 310 quod
1299 268 1400 305 non,
1422 267 1499 310 pro
1522 262 1564 294 te
1585 253 1690 294 mihi

271 325 391 352 susce
427 320 531 361 tum,
547 310 788 365 jucundum
811 310 866 350 sit
890 309 1096 350 futurum.

329 370 369 397 5⁰
423 377 521 407 ntea
555 366 761 407 misissem
795 366 847 406 ad
883 375 925 407 te
957 366 1135 418 litteras,
1157 368 1190 408 si
1223 382 1357 423 genus
1388 366 1599 408 scribendi
1632 365 1696 407 in-

273 490 345 520 aut
379 480 582 535 polliceri.
645 477 952 518 Consolatione
986 492 1069 518 non
1108 481 1271 530 utebar,
1304 481 1417 536 quod
1460 494 1514 520 ex
1552 479 1696 520 multis

274 537 513 584 audiebam,
535 549 664 589 quam
686 533 853 574 fortiter
875 534 1171 590 sapienterque
1201 535 1329 577 ferres
1360 537 1559 592 injuriam
1592 548 1699 577 tem-

274 607 442 649 potum,
478 605 691 646 quamque
729 599 770 630 te
805 591 1076 632 vehementer
1110 592 1398 634 consolaretur
1436 592 1700 635 conscientia

275 650 487 690 factorum
523 658 566 688 et
603 647 877 689 consiliorum
917 657 1117 689 tuorum:
1151 648 1265 703 quod
1298 650 1467 704 quidem
1510 651 1542 690 si
1581 649 1701 698 facis,

277 720 482 761 magnum
504 705 692 745 fructum
715 704 950 744 studiorum
981 706 1239 760 optimorum
1263 706 1395 761 capis,
1418 707 1460 746 in
1482 707 1637 761 quibus
1662 715 1703 745 te

278 777 445 818 semper
477 762 564 802 scio
598 775 688 801 esse
720 770 958 802 versatum:
990 762 1118 817 idque
1156 771 1204 802 ut
1236 761 1380 812 facias,
1412 764 1540 804 etiam
1574 772 1702 817 atque

278 821 408 860 etiam
433 829 473 859 te
493 818 653 858 hortor.
706 816 842 857 Simul
864 828 907 858 et
929 817 1030 859 illud
1054 819 1147 869 tibi,
1170 818 1334 858 homini
1359 820 1616 874 peritissimo
1639 833 1704 860 re-

279 891 374 916 rum
409 884 452 915 et
487 873 798 929 exemplorum,
829 884 873 914 et
904 875 1042 915 omnis
1073 875 1311 926 vetustatis,
1334 889 1387 915 ne
1419 876 1510 931 ipse
1531 876 1704 930 quidem

281 932 412 982 rudis,
435 931 505 972 sed
537 932 580 971 iu
614 931 755 971 studio
783 931 922 971 minus
953 931 1146 983 fortasse,
1168 945 1296 986 quam
1321 931 1484 983 vellem,
1507 942 1551 972 at
1577 933 1620 972 in
1642 945 1706 972 re-

281 989 360 1030 bus
398 998 526 1042 atque
563 1002 640 1028 usu
680 988 774 1043 plus
812 988 956 1038 etiam,
978 1003 1105 1042 quam
1140 988 1305 1039 vellem,
1327 998 1545 1031 versatus:
1578 1003 1708 1044 spon-

280 1046 376 1094 deo,
402 1045 482 1086 tibi
517 1045 641 1085 istam
671 1044 950 1085 acerbitatem
982 1055 1026 1084 et
1058 1045 1258 1100 injuriam
1293 1047 1428 1086 5¹non
1462 1047 1708 1087 diuturnam

281 1102 387 1143 fore.
449 1101 563 1142 Nam
600 1110 644 1141 et
677 1101 783 1156 ipse,
813 1102 885 1156 qui
923 1101 1153 1157 plurimum
1187 1110 1342 1156 potest,
1376 1103 1568 1157 quotidie
1599 1101 1708 1143 mihi

281 1159 420 1200 delabi
443 1158 495 1199 ad
515 1158 764 1212 aequitatem
781 1167 825 1198 et
846 1158 947 1199 52ad
969 1173 1107 1199 rerum
1128 1168 1322 1199 naturam
1347 1158 1533 1201 videtur:
1557 1167 1600 1200 et
1619 1159 1712 1215 ipsa

281 1231 410 1258 causa
441 1230 490 1256 ea
521 1226 600 1265 est,
622 1224 670 1255 ut
691 1215 785 1269 jam
818 1215 944 1256 simul
975 1230 1072 1256 cum
1106 1215 1340 1271 republica,
1361 1230 1458 1270 quae
1491 1217 1534 1256 in
1559 1229 1710 1271 perpe-

282 1284 405 1314 tuum
430 1286 576 1326 jacere
598 1286 682 1312 non
716 1282 873 1327 potest,
895 1272 1131 1312 necessario
1154 1272 1381 1312 reviviscat
1401 1282 1529 1327 atque
1550 1285 1712 1313 recree-

284 1340 376 1371 tur:
408 1329 686 1383 quotidieque
708 1328 867 1383 aliquid
892 1329 941 1369 fit
963 1328 1098 1369 lenius
1119 1337 1162 1369 et
1184 1328 1412 1379 liberalius,
1436 1344 1564 1384 quam
1589 1330 1711 1370 time-

283 1388 450 1428 bamus,
511 1387 622 1432 Quae
645 1386 847 1440 quoniam
884 1386 925 1426 in
959 1394 1199 1441 temporum
1227 1385 1576 1427 inclinationibus
1599 1399 1713 1441 saepe

282 1443 426 1499 parvis
448 1443 588 1498 posita
616 1452 740 1483 sunt:
771 1443 917 1482 omnia
947 1452 1164 1483 momenta
1194 1443 1547 1494 observabimus3
1577 1456 1715 1497 neque

283 1500 418 1540 ullum
451 1499 826 1554 praetermittemus
859 1499 917 1539 tui
945 1498 1125 1553 juvandi
1155 1506 1199 1539 et
1219 1498 1386 1539 levandi
1410 1499 1566 1540 locum.
1628 1498 1714 1539 Ita-

285 1570 368 1611 que
401 1555 504 1597 illud
538 1555 733 1605 alterum,
766 1556 881 1610 quod
919 1556 1026 1606 dixi,
1061 1556 1296 1597 litterarum
1335 1570 1484 1611 geum,
1521 1555 1716 1611 quotidie

283 1613 408 1665 mihi,
432 1621 480 1653 ut
515 1626 652 1668 spero,
683 1613 758 1652 fiet
792 1611 1036 1668 proclivius,
1072 1622 1118 1653 ut
1153 1608 1282 1653 etiam
1319 1612 1507 1668 polliceri
1543 1612 1715 1668 possim.

286 1670 329 1711 id
357 1684 415 1719 re,
437 1684 565 1724 quam
589 1670 743 1719 verbis,
765 1668 922 1710 faciam
955 1669 1172 1710 libentius.
1232 1669 1296 1710 Tu
1323 1668 1447 1710 velim
1481 1670 1717 1718 existimes,

286 1736 330 1768 et
360 1726 500 1782 plures
532 1735 574 1767 te
604 1726 764 1767 amicos
797 1725 969 1776 habere,
992 1741 1118 1781 quam
1142 1727 1213 1781 qui
1247 1727 1290 1767 in
1322 1727 1403 1767 isto
1434 1740 1535 1767 casu
1562 1728 1647 1766 sint
1667 1741 1717 1767 ac

288 1783 462 1834 fuerint,
485 1792 692 1837 quantum
715 1783 888 1837 quidem.
921 1797 1001 1838 ego
1036 1783 1270 1838 intelligere
1303 1783 1546 1839 potuerim;
1577 1792 1621 1824 et
1650 1797 1718 1824 me

285 1841 521 1882 concedere
551 1854 697 1880 eorum
730 1840 905 1880 nemini.
967 1840 1138 1881 Fortem
1170 1839 1239 1881 fac
1269 1840 1460 1881 animum
1491 1839 1648 1881 habeas
1677 1850 1721 1881 et

286 1911 521 1953 magnum:
553 1897 668 1951 quod
689 1908 754 1937 est
777 1896 819 1936 in
843 1911 927 1937 uno
951 1906 1006 1938 te.
1030 1912 1126 1952 quae
1150 1906 1248 1938 sunt
1270 1897 1313 1938 in
1342 1896 1530 1949 fortuna,
1553 1906 1719 1954 tempo-

288 1955 405 1995 ribus
428 1964 644 2009 regentur,
666 1963 709 1994 et
730 1953 919 1995 consiliis
943 1955 1098 1995 nostris
1123 1954 1474 2010 providebuntur.

803 2044 1204 2082 ARGUMENTUM.

296 2109 515 2146 Gratulatur
533 2109 575 2144 (le
601 2109 842 2149 restitutione,
863 2119 971 2155 quam
988 2107 1192 2143 Dolabelloe
1219 2108 1384 2156 beneficio
1413 2109 1482 2154 ipsi
1509 2110 1723 2155 impetrave-

343 2166 402 2197 rat
417 2178 428 2196 .·
459 2161 706 2208 hortaturque,
727 2164 767 2195 ut
787 2171 889 2208 aequo
917 2161 1037 2195 animo
1055 2158 1243 2206 jacturam
1252 2159 1618 2210 fortunarumserat,
1638 2161 1724 2208 quia

339 2214 423 2260 plus
442 2213 690 2260 adquisiverit,
712 2224 820 2260 quam
839 2213 1023 2249 amiserat,

337 2377 376 2405 50
398 2373 506 2404 Antea
535 2372 705 2412 misissem]
739 2372 910 2402 Manutius
939 2372 990 2402 hic
1033 2372 1144 2408 fuisse,
1159 2372 1245 2412 quod
1261 2372 1352 2404 nullo
1367 2373 1515 2414 exemplo
1529 2372 1635 2404 doceri
1652 2377 1726 2414 pot-

294 2424 388 2447 ποτε
410 2414 558 2455 epistolae
584 2414 716 2444 initium
745 2424 812 2444 esse
842 2413 990 2453 putabat.
1033 2418 1094 2444 est.
1110 2423 1186 2444 nam
1203 2416 1237 2444 in
1252 2414 1330 2445 locis
1344 2415 1480 2452 Sidonii,
1496 2424 1568 2454 quae
1581 2425 1726 2446 comme-

294 2458 472 2489 assentitur
503 2457 661 2487 Graevius.
693 2456 800 2495 placet
829 2460 862 2485 et
898 2456 989 2486 mihi.
1034 2462 1218 2494 morantur,
1254 2462 1304 2486 est
1339 2457 1539 2493 diuturnius,
1576 2458 1727 2497 nuspiam

295 2500 358 2531 Sed
372 2509 448 2529 mox
464 2498 636 2538 legendum
651 2499 852 2528 invenissem.
1033 2498 1198 2528 diuturne.
1241 2497 1303 2528 Sed
1317 2503 1356 2529 ut
1369 2499 1426 2528 diu
1442 2499 1494 2529 hic
1509 2509 1567 2539 per
1581 2498 1729 2530 latinita-

339 2545 373 2573 51
401 2551 464 2572 non
478 2539 769 2578 diuturnamjbre]
788 2541 840 2570 Sic
856 2539 926 2569 edd.
943 2549 991 2579 pr.
1033 2544 1101 2569 tem
1117 2544 1204 2570 stare
1218 2549 1284 2570 non
1298 2544 1417 2580 posset,
1428 2541 1472 2571 sic
1485 2551 1544 2571 nec
1557 2541 1727 2571 diuturne:

295 2593 421 2615 omues.
466 2584 529 2614 Ms.
559 2586 671 2612 noster
699 2587 738 2612 ut
768 2581 906 2612 Amstel.
939 2591 991 2620 ap.
1035 2581 1229 2620 adjectivum
1247 2583 1462 2613 necessarium
1478 2588 1527 2613 est
1543 2584 1630 2613 inter
1651 2584 1726 2614 sub-

297 2626 403 2657 Graev.
419 2626 604 2656 diuturnas.
623 2625 819 2655 recentiores
842 2627 915 2664 post
936 2622 992 2653 Vi·
1034 2624 1178 2653 stantiva
1192 2624 1290 2654 istam
1303 2625 1510 2655 acerbitatem
1525 2629 1555 2655 et
1568 2624 1728 2666 injuriam

297 2668 439 2699 ctorium
456 2667 540 2698 male
555 2666 681 2697 edidere
696 2666 861 2696 diuturne.
877 2673 992 2704 nempe
1035 2670 1069 2694 et
1084 2665 1214 2695 verbum
1218 2665 1308 2705 sbre.

299 2715 433 2750 propter
455 2708 664 2740 insolentiam
679 2708 780 2744 verbi,
796 2712 833 2738 ut
855 2707 932 2743 alia,
945 2707 994 2736 ni-
1078 2709 1119 2738 52
1141 2708 1187 2737 ad
1206 2717 1319 2739 rerum
1341 2707 1514 2749 naturam]
1539 2718 1570 2740 v.
1589 2708 1679 2740 Clav.
1695 2709 1729 2743 in

298 2751 347 2782 hil
369 2757 521 2783 curantes
545 2750 720 2781 latinitatis
743 2750 841 2789 leges.
887 2748 994 2779 Debe-
1037 2753 1174 2781 natura.

298 2793 382 2825 bant
408 2793 535 2832 docere,
559 2792 623 2824 hoe
651 2792 838 2826 adverbium
870 2791 905 2822 in
934 2799 997 2822 usu

1854 1496 1860 1524 t

1854 1526 1860 1563 l

1855 1566 1858 1580 ι

1855 1581 1860 1628 ἐ

1858 1703 1860 1718 ι

1858 1734 1860 1755 Ι
