1903 3218
388 101 467 140 AD
490 101 578 139 CN.
608 97 894 138 PLANCUM
924 97 997 135 ΕΤ
1024 96 1302 135 CETEROS.
1485 102 1562 137 265

137 211 256 258 patre
279 213 368 256 tuo,
390 207 409 235 8
425 204 466 245 in
489 218 561 245 ore
582 212 625 244 et
645 214 790 243 amore
813 214 978 256 semper
998 199 1204 240 habuisti.
1243 198 1357 240 Nam
1380 213 1477 240 cum
1500 214 1563 241 se-

135 269 284 302 natum
307 276 344 302 a.
367 260 409 302 d.
434 274 530 302 xxti
560 258 775 301 Kalendas
790 257 1017 299 Januarias
1036 256 1196 298 tribuni
1216 255 1352 311 plebis
1371 257 1563 296 vocavis-

138 325 247 368 sent,
279 317 417 373 deque
449 318 532 358 alia
568 330 611 356 re
650 314 879 355 referrent:
921 318 1089 354 9totam
1124 311 1434 367 rempublicam
1472 326 1562 352 sum

138 374 405 430 complexus,
417 373 571 430 egique
590 372 808 422 acerrime,
822 369 1218 425 senatumque‚jam
1232 368 1506 423 languentem
1524 380 1565 409 et

137 429 367 482 defessum,
395 431 447 471 ad
481 429 704 485 pristinam
734 428 936 469 virtutem
969 425 1411 479 consuetudinemque
1445 438 1565 465 revo-

138 487 248 538 cavi,
271 487 406 543 magis
423 485 570 537 animi,
586 501 712 541 quam
738 485 899 541 ingenii
925 483 1102 525 viribus.
1154 481 1243 524 Hic
1264 481 1371 531 dies,
1388 494 1565 535 meaque

138 545 360 584 contentio
380 552 508 597 atque
523 545 654 594 actio,
678 556 796 598 spem
821 541 1004 597 primum
1022 539 1182 597 populo
1204 538 1403 580 Romano
1421 538 1566 578 attulit

139 599 347 641 libertatis
367 600 684 655 recuperandae.
720 598 811 640 Nee
836 613 935 639 vero
959 598 1049 654 ipse
1071 606 1221 653 postea
1242 605 1410 651 tempus
1434 594 1563 635 ullum

140 656 346 697 intermisi
388 656 441 696 de
482 656 701 713 republica
740 670 826 697 non
868 654 1090 710 cogitandi
1132 652 1285 703 solum,
1325 652 1397 692 scd
1435 652 1564 693 etiam

139 712 310 768 agendi.
371 713 518 765 Quod,
548 714 628 754 nisi
656 727 720 753 res
749 713 930 754 urbanas
962 721 1143 766 actaque
1165 709 1310 750 omnia
1331 708 1383 750 ad
1407 718 1449 749 te
1473 722 1567 764 per-

137 768 237 810 ferri
261 769 501 822 arbitrarer‚
523 770 614 826 ipse
637 770 962 825 perscriberem:
1000 781 1258 823 quamquam
1283 780 1396 807 eram
1428 766 1566 806 maxi-

139 826 219 866 mis
241 827 599 882 occupationibus
622 827 870 883 impeditus.
915 825 996 866 Sed
1021 825 1092 866 illa
1111 837 1348 880 cognosces
1369 837 1422 864 ex
1447 821 1564 864 aliis:

137 897 163 923 a
183 897 253 923 me
276 899 436 939 pauca:
468 894 510 925 et
532 899 581 924 ea
603 883 865 925 summatim.
917 882 1142 923 Habemus
1167 882 1320 922 fortem
1345 888 1564 920 senatum:

139 942 381 981 consulares
411 941 566 996 partim
598 941 788 991 timidos,
821 940 976 995 partim
1014 938 1122 979 male
1159 938 1405 979 sentientes,
1466 935 1566 976 Ma-

139 1009 273 1051 gnum
296 997 499 1038 damnum
523 998 685 1039 factum
708 1006 772 1038 est
795 998 837 1037 in
862 994 1026 1038 Sestio.
1052 995 1101 1036 L.
1125 994 1272 1036 Caesar
1290 993 1454 1050 optime
1473 1007 1567 1033 sen·
1579 998 1611 1028 b.

139 1053 213 1094 tit:
238 1054 326 1104 sed,
348 1055 462 1109 quod
478 1054 714 1096 avunculus
736 1064 815 1105 est,
837 1068 923 1094 non
946 1053 1172 1094 acerrimas
1194 1051 1301 1092 dicit
1319 1050 1567 1091 sententias.

142 1109 353 1151 Consules
371 1112 560 1167 egregii:
587 1111 815 1167 praeclarus
833 1110 891 1152 D.
914 1110 1099 1151 Brutus:
1123 1123 1228 1165 puer
1248 1107 1447 1164 egregius
1471 1106 1569 1148 Cae-

142 1180 233 1208 sar:
265 1167 318 1208 de
340 1182 426 1222 quo
457 1182 580 1224 spero
602 1168 800 1224 equidem
822 1167 999 1222 reliqua.
1060 1165 1162 1207 Hoc
1185 1179 1284 1206 vero
1307 1174 1471 1205 certum
1493 1162 1571 1204 ha-

141 1223 258 1274 beto,
280 1224 362 1265 nisi
385 1224 453 1265 ille
477 1233 697 1266 veteranos
719 1224 911 1265 celeriter
932 1222 1272 1277 conscripsisset,
1295 1221 1571 1277 legionesque

142 1280 238 1321 duae
269 1281 322 1321 de
351 1281 544 1322 exercitu
568 1281 749 1322 Antonii
778 1280 829 1321 ad
859 1280 952 1335 ejus
975 1293 1018 1320 se
1040 1278 1342 1320 auctoritatem
1365 1277 1571 1318 contulis-

144 1344 252 1387 sent,
283 1346 411 1392 atque
441 1338 474 1378 is
504 1337 729 1393 oppositus
751 1346 862 1378 esset
888 1348 1022 1377 terror
1050 1334 1270 1386 Antoni03
1303 1333 1411 1375 nihil
1432 1332 1572 1374 Anto·

141 1393 261 1433 nium
284 1393 468 1445 sceleris,
491 1394 596 1435 nihil
619 1394 883 1436 crudelitatis
907 1393 1224 1450 praeteriturum
1254 1391 1399 1433 fuisse.
1461 1389 1572 1432 Haec

140 1449 236 1501 tibi,
266 1451 347 1491 etsi
378 1451 526 1493 audita
555 1466 645 1493 esse
676 1451 929 1502 arbitrabar,
954 1449 1067 1491 volui
1101 1458 1244 1490 tamen
1267 1448 1437 1490 notiora
1464 1461 1572 1488 esse.

142 1505 273 1548 Plura
294 1507 495 1560 scribam,
516 1508 549 1549 si
575 1508 669 1564 plus
692 1509 770 1549 otii
793 1508 998 1548 habuero.

653 1596 1055 1635 ARGUMENTUM.
1588 1594 1645 1637 29

163 1658 225 1695 De
240 1660 361 1695 studio
373 1671 438 1696 suo
457 1672 545 1708 erga
561 1661 735 1709 Ampium
754 1661 974 1696 exsulantem
992 1660 1129 1702 scribit,
1148 1670 1298 1706 eumque
1316 1658 1444 1703 bonam
1461 1668 1559 1704 spem

739 1710 991 1758 haberejubet.

591 1778 825 1821 CICERO
851 1782 888 1810 ¹0
900 1777 1122 1820 AMPIO.

143 1832 242 1885 DE
264 1859 360 1886 meo
380 1847 522 1888 studio
540 1862 642 1903 erga
664 1847 844 1888 salutem
866 1857 909 1888 et
931 1845 1272 1888 incolumitatem
1291 1852 1425 1893 tuam,
1448 1842 1575 1884 credo

141 1910 183 1942 te
201 1917 412 1958 cognosse
429 1918 483 1945 ex
498 1904 650 1946 litteris
671 1914 869 1956 tuorum3
890 1904 1047 1959 quibus
1063 1917 1132 1944 me
1153 1901 1490 1944 cumulatissime
1512 1915 1575 1941 sa-

144 1958 354 2001 tisfecisse
375 1970 493 2002 certo
516 1962 605 2003 scio
624 1978 633 2003 :
667 1976 744 2002 nec
762 1962 829 2002 his
851 1961 1057 2012 conced0‚
1084 1972 1347 2015 quamquam
1368 1965 1467 1998 sunt
1490 1958 1573 1997 sin-

144 2015 281 2070 gulari
305 2018 348 2058 in
374 2026 416 2058 te
439 2018 744 2069 benivolentia,
779 2029 828 2059 ut
865 2027 906 2059 te
942 2017 1106 2058 salvum
1139 2016 1305 2066 malint,
1327 2029 1454 2070 quam
1477 2028 1573 2070 ego.

143 2072 212 2114 Illi
235 2073 341 2114 mihi
364 2089 536 2117 necesse
557 2087 622 2116 est
643 2076 898 2126 concedant,
919 2083 968 2116 ut
990 2075 1070 2116 tibi
1092 2073 1202 2130 pluS,
1224 2086 1354 2128 quam
1376 2071 1472 2127 ipsi,
1494 2071 1575 2112 hoc

144 2138 339 2186 tempore
373 2132 572 2187 prodesse
606 2133 791 2188 possim:
823 2132 937 2188 quod
961 2131 1133 2186 quidem
1156 2144 1235 2171 nec
1256 2128 1401 2170 destiti
1421 2128 1575 2178 facere,

144 2199 224 2227 nec
242 2188 470 2230 desistam:
502 2189 653 2244 etjam
676 2190 719 2230 in
742 2190 934 2230 maxima
954 2203 998 2229 re
1017 2188 1116 2239 feci,
1132 2198 1176 2228 et
1191 2186 1471 2228 fundamenta
1485 2185 1573 2240 jeci

145 2243 292 2285 salutis
321 2255 423 2286 tuae.
481 2245 546 2287 Tu
593 2246 661 2287 fac
700 2247 815 2287 bono
849 2246 994 2287 animo
1033 2257 1278 2301 magnoque
1315 2243 1386 2294 sis,
1423 2256 1576 2297 meque

140 2301 275 2403 gtibi
316 2302 430 2399 rliulla
469 2318 514 2344 re
551 2303 799 2345 defuturum
841 2317 933 2344 esse
973 2301 1180 2344 confidas.
1259 2300 1405 2341 Pridie
1442 2314 1575 2340 nonas

189 2368 320 2400 uincti
340 2374 398 2400 es.

141 2511 148 2518 Ι
182 2472 200 2501 8
223 2472 259 2501 in
280 2483 334 2502 ore
354 2477 384 2503 et
400 2472 524 2512 amore]
549 2472 635 2502 Mihi
650 2481 716 2502 non
731 2472 838 2513 placet
928 2475 964 2503 10
985 2471 1156 2511 APPIO]
1180 2471 1252 2510 Ego
1276 2470 1388 2510 scripsi
1405 2469 1576 2503 AMPIO.

141 2511 223 2543 illud
234 2514 269 2543 in
281 2523 402 2545 amore.
446 2515 569 2545 Vereor
587 2521 626 2544 ut
646 2525 665 2545 a
681 2515 838 2546 Cicerone
881 2519 919 2546 ut
936 2515 1083 2545 Graevius
1097 2519 1171 2555 post
1185 2514 1276 2544 Man.
1294 2512 1409 2542 Lamb.

139 2554 194 2584 sit.
239 2556 280 2587 In
296 2567 349 2588 ore
364 2558 504 2588 habuisti
518 2562 568 2587 est
584 2557 739 2595 laudasti,
755 2567 837 2598 prae-
929 2560 960 2587 11
986 2558 1044 2587 tibi
1069 2558 1164 2587 nulla
1191 2555 1241 2594 re]
1279 2555 1368 2585 Bene
1398 2555 1470 2584 hoc.
1514 2554 1575 2583 Sed

137 2595 268 2629 dicasti.
883 2609 926 2630 an
943 2609 1009 2629 non
1024 2599 1140 2629 melius
1156 2602 1188 2628 et
1203 2597 1282 2629 huic
1297 2596 1367 2627 loco
1384 2596 1503 2636 aptius,
1518 2596 1576 2625 tim

146 2679 153 2685 ι
188 2642 208 2672 9
230 2643 330 2671 totam
344 2650 445 2682 remp.
470 2651 543 2671 sum
557 2640 753 2682 complexus]
780 2640 840 2671 Est
883 2643 919 2672 in
939 2643 1035 2672 nulla
1048 2642 1110 2671 re?
1133 2641 1228 2671 facile
1250 2639 1358 2679 potuit
1375 2638 1428 2668 hic
1441 2639 1476 2667 in
1491 2639 1575 2668 exci-

146 2679 190 2717 1d,
207 2681 293 2720 quod
315 2683 394 2714 alias
419 2688 468 2714 est
484 2684 522 2714 de
544 2694 610 2724 rep.
623 2685 775 2715 universa
790 2683 838 2714 di-
882 2683 976 2715 dere:
999 2684 1035 2714 in
1049 2684 1144 2713 nulla
1157 2692 1194 2711 re
1207 2691 1251 2711 sc.
1268 2690 1364 2719 quam
1380 2685 1484 2720 petas.
1529 2680 1576 2709 Si-

144 2732 227 2754 θεῖε.
405 2750 407 2752 .
883 2725 960 2758 mile
975 2730 1087 2757 tamen
1100 2730 1162 2762 est,
1179 2723 1276 2755 alicui
1290 2724 1379 2752 nullo
1390 2724 1453 2753 Ioco
1465 2722 1578 2754 deesse.
