1865 3223
506 114 586 153 AD
613 117 655 153 C.
682 111 940 151 CASSIUM
966 109 1042 148 ET
1067 109 1251 148 ALIOS.
1519 113 1597 152 317

161 227 304 260 tamen
338 217 435 258 66in
471 218 552 259 ista
585 215 831 267 solitudine,
864 213 1073 270 quidquid
1105 227 1129 252 a
1161 226 1228 252 me
1260 210 1502 267 profectum
1525 214 1597 264 sit,

155 275 396 331 jucundum
423 275 501 316 tibi
523 274 630 316 fore.
691 273 820 319 Quod
854 271 956 312 mihi
989 268 1354 312 existimationem
1379 278 1511 318 tuam,
1533 270 1598 310 di-

163 333 459 388 gnitatemque
490 330 779 381 commendas,
807 328 912 370 facis
944 337 990 368 tu
1021 326 1194 382 quidem
1227 325 1419 365 omnium
1450 339 1596 366 more:

164 389 237 430 sed
267 389 390 429 velim
425 389 485 429 sic
523 387 758 437 existimes,
792 400 874 436 me,
905 399 1004 426 cum
1039 383 1190 432 amori,
1220 395 1346 437 quem
1381 382 1491 422 inter
1521 396 1598 422 nos

161 455 359 486 mutuum
380 459 471 485 esse
493 443 744 499 intelligam,
765 443 995 499 plurimum
1019 440 1221 489 tribuam,
1241 448 1331 478 tum
1355 438 1407 478 de
1430 453 1598 479 summo

165 501 356 558 ingenio,
375 511 417 542 et
439 501 491 542 de
509 502 661 541 studiis
686 501 767 541 tuis
791 499 983 555 optimis,
1002 509 1045 539 et
1067 497 1120 538 de
1143 510 1217 553 spe
1239 493 1514 551 amplissimae
1537 495 1601 535 di-

166 560 345 614 gnitatis
380 558 441 598 ita
472 558 684 612 judicare,
716 567 762 598 ut
800 557 1015 598 neminem
1055 554 1134 595 tibi
1177 562 1452 609 anteponam,
1483 565 1601 593 com-

168 629 310 671 parem
335 629 509 670 paucos.

687 717 1091 756 ARGUMENTUM.

167 781 455 832 Infrequentiam
473 784 678 820 litterarum
705 789 876 820 excusat:
908 783 1091 832 Cornificii
1108 782 1339 829 prudentiam
1367 779 1495 815 laudat
1516 790 1603 826 gra-

218 837 464 884 vitatemque:
490 842 703 884 praesentem
728 838 817 884 reip.
838 847 958 872 casum
985 839 1131 871 accusat
1153 845 1231 869 cum
1252 833 1402 868 Caesaris
1429 832 1605 867 excusati-

196 902 198 904 ·
221 899 299 923 une.

306 970 542 1014 CICERO
575 969 965 1022 CORNIFICIO,
998 965 1318 1019 COLLEGAE,
1351 967 1395 1008 S.
1423 965 1480 1008 D.

175 1025 366 1093 QUOD
396 1044 637 1080 extremum
660 1039 743 1080 fuit
774 1040 816 1079 in
840 1053 890 1079 ea
919 1036 1114 1094 epistola,
1137 1050 1264 1091 quam
1289 1050 1313 1076 a
1340 1046 1381 1076 te
1412 1033 1609 1090 proxime

171 1096 337 1152 accepi,
359 1097 412 1137 ad
436 1097 477 1137 id
501 1098 687 1152 primum
718 1096 1000 1151 respondebo.
1060 1093 1266 1134 Animum
1291 1092 1454 1133 adverti
1479 1090 1610 1140 enim,

175 1151 259 1193 hoc
291 1167 364 1194 vos
396 1167 576 1210 magnos
610 1162 799 1194 oratores
829 1152 968 1193 facere
996 1164 1334 1204 nonnumquam.
1396 1147 1611 1204 Epistolas

176 1210 356 1264 requiris
390 1224 519 1251 meas.
558 1224 640 1266 ego
666 1219 810 1262 autem
842 1222 1092 1263 numquam,
1121 1221 1218 1247 cum
1251 1206 1355 1246 mihi
1386 1205 1613 1246 denuntia-

177 1275 269 1319 tum
291 1276 403 1319 esset
425 1282 449 1308 a
473 1267 570 1318 tuis,
594 1269 655 1307 ire
675 1266 876 1320 aliquem,
899 1279 986 1305 non
1010 1264 1123 1305 dedi.
1183 1262 1314 1309 Quod
1337 1263 1443 1303 mihi
1467 1262 1615 1302 videor

176 1335 230 1363 ex
250 1324 351 1377 ¹tuis
386 1323 537 1375 litteris
572 1322 823 1378 intelligere,
855 1332 897 1362 te
931 1320 1037 1361 nihil
1069 1320 1398 1361 commissurum
1427 1332 1518 1359 esse
1553 1328 1615 1359 te-

177 1393 306 1433 mere,
330 1393 408 1421 nec
427 1389 540 1430 ante,
563 1395 690 1435 quam
715 1379 879 1429 scisses,
901 1393 987 1433 quo
1014 1379 1108 1428 iste,
1131 1377 1275 1418 nescio
1298 1376 1387 1431 qui,
1411 1375 1615 1417 Caecilius

178 1434 337 1477 Bassus
358 1446 615 1493 erumperet,
634 1436 868 1491 quidquam
892 1435 996 1476 certi
1019 1434 1354 1476 constituturum
1372 1449 1381 1474 :
1414 1433 1456 1474 id
1476 1446 1558 1487 ego
1574 1442 1618 1472 et

179 1507 410 1548 speraram,
436 1494 661 1549 prudentia
684 1503 758 1534 tua
780 1493 940 1534 fretus:
973 1501 1030 1542 et,
1052 1501 1100 1532 ut
1126 1490 1402 1541 confiderem,
1424 1489 1620 1530 fecerunt

181 1559 268 1591 tuae
296 1551 552 1606 gratissimae
583 1550 688 1602 mihi
716 1550 898 1591 litterae:
933 1549 1060 1604 idque
1082 1560 1129 1589 ut
1158 1547 1289 1588 facias
1313 1561 1439 1602 quam
1473 1546 1619 1602 saepis-
1631 1552 1664 1584 b.

183 1606 303 1659 sime,
339 1616 385 1648 ut
415 1620 472 1658 et,
495 1608 597 1662 quid
625 1617 670 1648 tu
700 1621 818 1662 agaS,
850 1616 893 1647 et
916 1606 1018 1661 quid
1047 1614 1214 1661 agatur,
1248 1604 1355 1646 scire
1384 1603 1558 1660 possim,
1579 1611 1623 1643 et

183 1663 314 1717 etiam
337 1664 440 1719 quid
462 1674 635 1705 acturus
659 1664 729 1715 sis,
753 1663 874 1704 valde
897 1672 938 1703 te
960 1677 1082 1718 rogo.
1144 1661 1236 1702 Etsi
1266 1661 1490 1716 periniquo
1514 1661 1624 1715 pati-

181 1720 286 1775 ebar
306 1722 466 1771 animo,
492 1731 533 1761 te
556 1735 579 1761 a
600 1735 669 1761 me
690 1721 857 1776 digredi
877 1736 885 1761 :
918 1730 1061 1761 tamen
1087 1734 1139 1759 eo
1164 1729 1357 1774 tempore
1382 1732 1449 1758 me
1472 1731 1624 1758 conso·

180 1775 315 1830 labar,
337 1778 452 1832 quod
489 1787 531 1818 et
562 1778 604 1818 in
637 1792 851 1818 summum
885 1776 1022 1817 otium
1054 1785 1096 1817 te
1133 1776 1193 1816 ire
1226 1775 1478 1825 arbitrabar,
1499 1784 1543 1814 et
1570 1774 1625 1814 ab

183 1834 534 1890 impendentibus
557 1835 726 1890 magnis
751 1833 936 1890 negotiis
964 1833 1196 1874 discedere.
1258 1831 1501 1886 Utrumque
1523 1845 1627 1871 con-

184 1900 250 1932 tra
272 1891 445 1933 accidit.
477 1891 575 1933 istic
597 1892 711 1932 enim
736 1891 893 1932 bellurn
915 1901 981 1931 est
1011 1899 1237 1930 exortum:
1270 1889 1341 1929 hie
1366 1904 1450 1944 pax
1477 1902 1628 1929 conse-

185 1957 313 1989 cuta:
344 1948 417 1989 sed
441 1957 582 1990 tamen
608 1948 821 2003 ejusmodi
844 1963 945 2003 pax,
969 1948 1010 1988 in
1041 1961 1140 2001 qua,
1163 1946 1196 1986 si
1219 1946 1402 1996 adesses,
1424 1944 1560 1986 multa
1587 1954 1629 1985 te

187 2018 274 2044 non
295 2004 578 2048 delectarent:
611 2019 662 2046 ea
691 2016 849 2055 tamen,
871 2019 968 2059 quae
1000 2003 1038 2037 67
1056 2017 1107 2043 ne
1131 2004 1271 2058 ipsum
1297 2002 1513 2044 Caesarem
1535 2003 1630 2057 qui-

186 2061 283 2102 dem
314 2061 542 2103 delectant.
605 2062 822 2103 Bellorum
852 2062 966 2102 enim
998 2060 1190 2101 civilium
1222 2060 1265 2100 hi
1292 2073 1458 2115 semper
1487 2060 1629 2100 exitus

188 2127 302 2169 sunt,
326 2128 373 2158 ut
399 2133 484 2159 non
508 2133 558 2160 ea
579 2119 716 2159 solum
747 2119 867 2168 fiant,
889 2133 986 2173 quae
1019 2117 1121 2158 velit
1144 2116 1295 2167 victor,
1317 2117 1391 2157 sed
1415 2117 1561 2167 etiam,
1586 2125 1633 2157 ut

188 2174 363 2227 iismos
391 2176 602 2231 gerendus
632 2176 702 2228 sit,
724 2175 881 2230 quibus
910 2175 1181 2229 adjutoribus
1210 2174 1265 2214 sit
1291 2184 1414 2229 parta
1437 2173 1630 2214 victoria.

191 2230 404 2286 Equidem
443 2232 504 2273 sic
533 2232 627 2287 jam
652 2232 852 2282 obdurui,
873 2242 923 2272 ut
953 2231 1062 2272 ludis
1087 2230 1271 2271 Caesaris
1303 2230 1455 2281 nostri,
1477 2230 1632 2285 aequis-

191 2290 300 2329 simo
319 2288 464 2330 animo
480 2289 675 2330 viderem
696 2289 748 2330 T.
772 2288 995 2338 Plancum,
1017 2287 1208 2329 audirem
1234 2287 1404 2328 Laberii
1426 2297 1468 2328 et
1489 2286 1632 2327 Publii

191 2345 409 2401 poemata.
470 2345 593 2387 Nihil
617 2347 721 2387 mihi
752 2355 839 2386 tam
863 2346 1008 2386 deesse
1029 2345 1155 2395 scito,
1178 2359 1308 2400 quam
1333 2343 1509 2399 quicum
1539 2344 1634 2384 haec

193 2402 462 2444 familiariter
488 2403 700 2458 docteque
733 2403 909 2445 rideam.
969 2401 1012 2442 Is
1039 2412 1084 2442 tu
1114 2401 1210 2452 eris,
1234 2402 1266 2441 si
1291 2416 1419 2457 quam
1448 2401 1633 2456 primum

194 2460 375 2501 veneris.
436 2460 568 2507 Quod
592 2472 639 2502 ut
660 2460 807 2512 facias,
830 2475 915 2501 non
938 2473 1034 2500 mea
1055 2458 1206 2510 solum,
1229 2459 1301 2500 sed
1324 2459 1453 2499 etiam
1475 2467 1547 2497 tua
1569 2457 1634 2496 in-

195 2526 353 2563 teresse
373 2517 574 2560 arbitror.

1620 730 1667 767 18

239 2663 281 2703 66
300 2663 427 2704 iugi-³312,
439 2662 626 2704 solitudine]
652 2663 708 2695 Sic
727 2663 829 2695 edidit
842 2663 900 2695 Vi·
985 2663 1031 2697 67⁷
1047 2673 1089 2694 ne
1104 2663 1127 2694 τ’.
1159 2660 1315 2698 Coesarem
1335 2670 1364 2699 q.
1388 2657 1562 2698 delectant]
1587 2657 1640 2688 Sic

199 2705 489 2747 ctoriusbe,Mbedic.
511 2711 584 2746 post
605 2705 799 2737 Manutius:
824 2712 902 2737 ante
945 2704 1010 2736 Ms.
1035 2715 1141 2741 meus,
1159 2704 1222 2733 Gu.
1251 2705 1279 2733 1.
1304 2705 1334 2732 2.
1358 2700 1430 2732 edd.
1454 2710 1505 2740 pr.
1528 2706 1562 2731 et
1580 2700 1642 2730 ho'c

197 2752 270 2779 erat
298 2749 524 2789 sollieitudine.
569 2748 754 2779 Solitudine
787 2758 903 2780 verum
945 2750 1112 2777 sententia
1129 2745 1289 2786 postulat,
1307 2753 1374 2774 nou
1389 2742 1562 2781 vulgatum
1586 2742 1644 2771 ho-

197 2795 261 2827 est,
277 2788 481 2829 referturque
497 2790 538 2820 ad
554 2790 783 2822 Cornificium.
947 2790 999 2820 die
1014 2790 1181 2820 delectent.
