1860 3228
394 89 472 126 AD
497 87 553 125 M.
580 83 828 124 MARIUM
853 85 926 122 ET
953 85 1228 124 CETEROS.
1373 104 1377 107 -
1454 92 1525 126 155

559 170 561 173 ’
610 188 1010 227 ARGUMENTUM.
1538 193 1563 229 3

107 254 154 290 Ut
183 255 369 291 discessum
397 265 500 289 suum
527 252 625 288 civili
653 252 743 288 bello
766 257 850 300 post
875 264 1036 300 pugnarn
1057 252 1311 288 Pharsalicam
1329 257 1525 293 excusaret,

154 319 256 355 quem
273 308 532 354 vituperatores
550 304 853 351 reprehendebant
865 318 878 344 ;
900 309 1015 340 totam
1034 316 1180 340 causam
1198 304 1281 340 belli
1299 308 1466 345 recenset,
1486 309 1526 339 ut

153 363 342 407 appareat,
371 357 496 404 quibus
521 357 697 392 adductus
715 356 915 392 rationibus
933 369 956 392 a
974 357 1218 393 continuando
1238 356 1329 392 bello
1347 355 1526 391 abstinue-

151 412 212 447 rit.
268 410 414 458 Scripta
429 412 511 455 post
530 408 660 443 bellum
678 407 906 455 Africanum.

410 474 478 515 M.
511 473 744 516 CICERO
770 474 835 517 Μ.
861 474 1071 516 MARIO
1096 475 1140 515 S.
1165 473 1222 515 D.

104 533 403 586 PERSAEPE
439 542 544 583 mihi
583 543 792 599 cogitanti
831 543 883 584 de
914 543 1215 583 communibus
1254 541 1448 591 miseriis,
1482 541 1524 581 in

99 603 254 655 quibus
279 610 343 642 tot
365 615 497 640 annos
524 614 751 650 versamur,
781 610 823 640 et
853 604 919 652 (ut
943 599 1085 649 video)
1110 614 1211 640 vers·
1205 599 1385 650 tbimur‚
1417 597 1522 639 solet

98 657 139 698 in
161 667 346 699 mentem
371 657 512 698 venire
535 657 645 697 illius
669 656 888 712 temporis,
910 671 996 712 quo
1020 657 1216 712 proxime
1236 656 1395 696 fuimus
1415 670 1521 697 una:

97 715 200 769 quin
233 715 362 756 etiam
400 714 537 770 ipsum
569 715 682 755 diem
714 714 920 755 memoria
953 723 1092 754 teneo.
1156 713 1267 754 Nam
1301 728 1339 753 a.
1370 713 1411 752 d.
1447 727 1523 754 111.

99 771 201 812 Idus
226 771 381 821 Maias,
408 771 590 812 Lentulo
612 781 655 812 et
679 770 887 812 Marcello
911 770 1172 821 consulibus,
1203 785 1301 810 cum
1327 771 1367 810 in
1399 770 1524 810 Pom-

97 829 298 893 peianum
323 829 485 884 vesperi
510 829 733 879 venissem,
766 839 811 869 tu
845 827 947 868 mihi
981 803 1172 868 sollicitoy
1195 828 1338 868 animo
1368 837 1524 883 praesto

99 885 234 927 fuisti.
296 885 536 927 Sollicitum
572 894 713 926 autem
748 895 789 926 te
820 885 1007 926 habeb-it
1028 885 1238 940 cogitatio
1262 894 1353 924 tum
1377 884 1525 934 officii,

100 952 189 983 tum
214 943 343 984 etiam
375 942 552 998 periculi
586 943 684 983 mei.
746 942 789 983 Si
824 957 1037 983 inanelem
1071 943 1112 982 in
1147 941 1286 991 Italia,
1311 942 1526 992 veiebaie,

98 1014 150 1040 ne
173 1000 317 1041 officio
340 999 555 1041 deessem:
580 1000 612 1040 si
637 999 929 1054 ρι’·οῆοἰεοειοι·
951 1000 1001 1041 ad
1026 999 1198 1049 bellum,
1224 974 1460 1054 peiiculum
1485 1007 1526 1039 te

96 1071 237 1097 meum
262 1057 578 1098 commovebat.
612 1056 712 1103 Quo
737 1066 928 1113 tempore
949 1056 1092 1097 vidisti
1116 1056 1312 1112 piofeeto
1336 1070 1403 1096 me
1419 1070 1526 1110 quo-

97 1128 180 1168 que
204 1115 262 1154 ita
283 1115 604 1164 conturbatum,
638 1124 682 1154 ut
714 1129 799 1154 non
832 1114 1107 1178 explicarem,
1137 1113 1239 1168 quid
1272 1122 1383 1154 esset
1413 1113 1526 1168 opti-

98 1185 215 1211 mum
241 1171 372 1212 factu.
395 1171 547 1227 pudo1i
573 1181 713 1211 tamen
737 1171 864 1211 malui
889 1171 1101 1225 famaeque
1123 1170 1286 1220 cedere,
1309 1184 1435 1224 quam
1462 1184 1528 1210 sa·

99 1228 198 1269 lutis
224 1243 328 1269 meae
351 1228 560 1268 rationem
583 1228 752 1268 ducere.
814 1226 950 1282 Cujus
973 1241 1040 1267 me
1062 1226 1145 1267 inei
1171 1226 1271 1268 f1cti
1305 1226 1527 1282 poenituit,

97 1298 182 1324 non
199 1294 285 1325 tam
303 1293 475 1340 propte1
489 1284 723 1340 periculum
745 1297 903 1333 meum,
919 1298 1047 1338 quam
1068 1293 1241 1338 pr‘optel
1255 1283 1360 1323 vitia
1378 1282 1528 1333 multa,

95 1356 192 1396 quae
213 1342 272 1383 ibi
296 1341 471 1391 offendi,
493 1355 579 1396 quo
603 1355 816 1381 venetam.
879 1341 1071 1381 Primum
1097 1355 1232 1395 neque
1256 1354 1432 1396 magnas
1456 1355 1530 1381 co-

94 1399 201 1454 pias,
239 1413 377 1454 neque
413 1398 660 1439 bellicosas·
706 1397 874 1448 deinde,
913 1409 1009 1439 extr
1013 1414 1036 1438 a
1074 1397 1242 1462 ducem,
1283 1412 1528 1453 piucosque

95 1466 318 1511 praeterea,
349 1455 420 1509 (de
453 1455 718 1511 principibus
750 1455 935 1510 loquor,)
967 1455 1116 1510 reliqui
1150 1456 1335 1510 primum
1366 1455 1406 1495 in
1432 1455 1570 1519 ipsoP·
1584 1448 1637 1479 97.

99 1513 210 1554 bello
234 1527 422 1568 rapaces,
455 1512 609 1553 deinde
631 1527 673 1552 in
697 1512 891 1553 oratione
914 1513 973 1552 ita
995 1511 1201 1563 ctudeles,
1234 1522 1281 1552 ut
1304 1513 1441 1567 ipsam
1467 1512 1527 1552 vi-

98 1570 534 1611 ct01·iatnhor·:1erem
558 1570 793 1610 maximum
815 1578 955 1609 autem
973 1584 1030 1610 aes
1044 1568 1530 1624 alienumamplissimo-

99 1641 192 1667 rum
225 1629 427 1668 virorum.
490 1626 607 1673 Quid
641 1626 826 1681 quaeris?
858 1626 966 1666 nihil
1000 1626 1117 1676 boni,
1151 1635 1307 1681 praeter
1340 1641 1528 1668 causam.

100 1683 211 1730 Quae
251 1699 349 1725 cum
387 1683 611 1734 vidissem3
652 1685 880 1739 desperans
916 1684 1155 1734 victoriam,
1193 1684 1378 1739 primum
1411 1684 1527 1738 coepi

100 1741 275 1782 suadere
299 1755 462 1797 pacem,
493 1740 616 1795 cujus
645 1740 806 1781 fueram
839 1754 1005 1795 semper
1027 1750 1200 1781 auctor:
1233 1741 1402 1790 deinde,
1430 1755 1528 1781 cum

99 1798 153 1839 ab
176 1813 225 1839 ea
244 1798 456 1839 sententia
475 1797 708 1853 Pompeius
730 1797 850 1838 valde
869 1798 1130 1848 abhorreret,
1151 1798 1326 1839 suadere
1346 1797 1528 1850 institui,

99 1865 147 1896 ut
170 1855 325 1896 bellum
348 1855 537 1896 duceret.
601 1854 701 1895 Hoc
723 1854 936 1895 interdum
962 1856 1187 1910 probabat,
1216 1864 1258 1895 et
1290 1855 1330 1895 in
1363 1870 1412 1895 ea
1435 1869 1529 1896 sen-

101 1913 236 1953 tentia
266 1913 490 1954 videbatur
512 1912 618 1963 fore,
648 1922 691 1952 et
720 1911 869 1952 fuisset
892 1910 1087 1963 sortasse,
1110 1913 1190 1954 nisi
1217 1915 1252 1942 ¹8
1266 1913 1449 1967 quadam
1474 1927 1526 1953 ex

97 1984 245 2025 pugna
277 1970 483 2026 coepisset
516 1970 601 2010 suis
633 1969 842 2010 militibus
873 1969 1102 2010 confidere.
1166 1968 1230 2009 Ex
1255 1985 1306 2010 eo
1338 1981 1530 2026 tempore

98 2041 164 2068 vir
186 2026 255 2068 ille
278 2042 484 2078 summus,
518 2030 554 2061 ¹9
569 2026 707 2068 nullus
730 2027 964 2082 imperatoi
985 2025 1082 2067 fuit.
1145 2027 1293 2082 Signa,
1326 2028 1464 2068 tirone
1486 2039 1530 2068 et

97 2083 332 2125 collectitio
354 2084 695 2135 exeicit11,cu1n
723 2083 968 2140 legionibus
992 2084 1300 2124 iobustissimis
1330 2083 1529 2125 contulit.

98 2141 253 2191 victus,
277 2142 521 2196 turpissime
542 2142 707 2182 amissis
730 2142 859 2182 etiam
882 2141 1047 2191 castris,
1070 2140 1183 2182 solus
1207 2140 1334 2197 fugit.
1397 2141 1530 2183 Hunc

97 2211 180 2253 ego
203 2197 298 2239 belli
317 2198 421 2238 mihi
441 2198 569 2238 finem
590 2198 698 2239 feci:
722 2213 800 2239 nec
821 2198 983 2254 putavi,
1002 2212 1097 2240 cum
1123 2198 1280 2254 integri
1303 2213 1425 2255 pares
1442 2213 1530 2240 non

97 2254 340 2306 fuissemus,
364 2254 523 2296 fractos
543 2255 781 2310 superiores
804 2255 910 2296 f.ore
972 2254 1163 2296 Discessi
1187 2257 1240 2297 ab
1262 2270 1313 2297 eo
1337 2255 1496 2307 bello,
1486 2270 1529 2296 in

99 2326 219 2366 quo
207 2320 281 2352 aut
304 2313 345 2353 in
368 2312 459 2353 acie
483 2312 721 2353 cadendum
744 2311 842 2364 fuit,
875 2321 949 2353 aut
972 2313 1014 2353 in
1038 2313 1202 2368 aliquas
1225 2313 1432 2354 insidias·
1423 2314 1530 2354 mci-

98 2369 301 2419 dendum,
323 2378 396 2410 aut
418 2369 759 2410 deveniendum'
750 2384 794 2410 in
817 2369 991 2410 victoris
1016 2384 1181 2421 manus,
1203 2380 1277 2412 aut
1295 2371 1347 2412 ad
1369 2370 1530 2413 ,Iubam

99 2425 455 2483 confugiendum,
487 2435 562 2467 aut
591 2426 824 2482 capiendus
860 2435 1077 2482 tamquam
1109 2427 1263 2469 exsilio
1293 2428 1427 2479 locus,
1458 2438 1534 2468 aut

99 2484 405 2525 consciscenda
427 2498 541 2525 mors
564 2484 819 2525 voluntaria.
867 2483 996 2525 Certe
1018 2484 1125 2526 nihil
1149 2484 1231 2526 fuit
1253 2495 1474 2540 praeterea,
1497 2484 1531 2524 si

100 2549 142 2581 te
164 2541 317 2582 victori
340 2541 488 2592 nolles,
511 2551 586 2582 aut
609 2555 694 2582 non
714 2542 890 2582 auderes
913 2542 1200 2584 committere.
1235 2542 1304 2583 Ex
1330 2542 1531 2582 omnibus

98 2606 242 2638 autem
266 2599 330 2649 iis,
352 2613 449 2653 quae
471 2598 580 2649 dixi,
611 2598 913 2650 incommodis,
943 2599 1052 2640 nihil
1076 2599 1341 2641 tolerabilius
1363 2597 1532 2650 exsilio,

142 2739 177 2767 18
203 2738 346 2777 quadam
368 2748 409 2769 ex
424 2739 556 2779 pugna]
582 2739 634 2770 Ad
648 2739 796 2779 Dyrrha·
839 2744 902 2777 set,
917 2739 1096 2780 postillam
1112 2739 1330 2775 victoriolam,
1347 2748 1380 2768 se
1397 2739 1535 2779 impera-

96 2776 220 2815 chiurn,
234 2780 272 2810 de
288 2790 397 2819 (μιαν.
415 2782 524 2812 Caesar
541 2782 578 2812 B.
595 2782 632 2813 C.
650 2782 714 2818 111,
730 2785 782 2812 45.
839 2788 945 2812 torem
962 2791 1028 2812 non
1045 2783 1126 2818 fore,
1149 2783 1210 2812 nisi
1227 2783 1387 2812 caesarem
1403 2791 1534 2823 oppres-

143 2822 178 2853 19
199 2791 307 2851 riullus
321 2824 398 2863 imp
392 2821 493 2863 .fuit]
520 2824 628 2855 Cum
621 2834 688 2866 ipse
700 2823 798 2855 dixis·
839 2824 944 2856 sisset.
969 2824 1045 2855 ibid.
1062 2827 1114 2855 45.
