1903 3218
343 103 420 138 268
714 102 893 141 EPIST.
921 103 1107 142 LIBER
1132 104 1402 144 DECIMUS

346 205 508 261 pietate
528 213 573 246 et
590 204 688 248 fide.
749 207 861 255 Quae
891 221 986 249 mea
1015 209 1227 250 sententia
1259 222 1404 265 gerere
1431 206 1538 249 mihi
1556 206 1692 258 licuit,
1715 208 1777 251 ita

347 261 446 313 feci,
481 272 526 304 ut
559 264 748 319 optimus
786 265 967 320 quisque
999 265 1187 307 maxime
1220 266 1426 322 probarit.
1486 264 1777 320 Quodjussus

347 333 456 369 sum,
478 334 529 361 eo
553 329 635 361 tem
645 334 744 375 pore
765 330 893 375 atque
915 321 974 362 ita
996 321 1094 372 feci,
1113 333 1160 363 ut
1181 331 1418 378 appareret,
1436 321 1573 363 invito
1594 321 1777 377 impera-

347 385 440 417 tum
472 391 576 418 esse.
638 376 775 431 Cujus
806 377 908 418 facti
942 378 1223 432 injustissima
1245 379 1405 420 invidia
1426 378 1591 419 erudire
1612 391 1681 419 me
1701 392 1778 433 po-

348 432 447 483 tuit,
469 448 598 489 quam
629 432 826 487 jucunda
859 433 1046 483 libertas,
1068 445 1111 475 et
1133 449 1260 489 quam
1298 437 1451 477 misera
1482 435 1562 475 sub
1584 434 1778 476 domina-

348 491 467 531 tione
486 491 575 531 vita
594 498 718 530 esset.
781 489 863 540 Ita,
900 490 933 530 si
967 490 1009 530 id
1041 491 1197 546 agitur,
1235 501 1284 532 ut
1316 507 1456 534 rursus
1491 492 1534 532 in
1565 499 1778 546 potestate

348 546 495 587 omnia
518 546 641 587 unius
671 546 780 587 sint:
812 546 1073 601 quicumque
1103 547 1137 587 is
1159 557 1238 597 est,
1259 549 1298 589 ei
1321 563 1388 590 me
1407 548 1610 604 profiteor
1632 548 1777 588 inimi-

348 616 462 644 cum.
524 602 617 643 Nec
646 601 880 658 periculum
904 612 969 643 est
993 602 1138 654 ullum,
1157 604 1272 658 quod
1301 619 1377 659 pro
1401 605 1598 646 libertate
1620 613 1695 645 aut
1712 618 1777 645 re-

304 659 335 690 b.
350 659 515 714 fugiam
537 668 611 700 aut
639 660 856 715 deprecer.
909 661 946 689 ¹8
961 659 1044 700 Sed
1077 659 1272 701 consules
1304 675 1441 715 neque
1471 673 1640 703 senatus
1673 675 1777 702 con-

348 716 476 766 sulto,
498 730 636 771 neque
655 716 806 756 litteris
831 727 1122 771 praeceperant
1143 717 1265 767 mihi,
1285 718 1387 772 quid
1402 717 1605 759 facerem.
1656 718 1775 760 Unas

347 773 460 814 enim
487 785 583 828 post
615 772 716 813 Idus
757 771 939 812 Martias
962 773 1133 814 demum
1154 788 1178 814 a
1201 773 1339 815 Pansa
1362 773 1524 815 litteras
1545 775 1708 830 accepi,
1731 775 1775 816 in

344 830 500 884 quibus
523 829 718 869 hortatur
742 843 823 879 me,
846 839 892 870 ut
912 830 1076 870 senatui
1100 831 1299 881 scribam,
1317 844 1384 871 me
1400 839 1445 872 et
1465 831 1701 872 exercitum
1728 832 1773 873 in

346 895 559 940 potestate
580 885 671 941 ejus
701 885 908 926 futurum.
971 885 1116 937 Quod,
1143 901 1240 928 cum
1272 887 1458 943 Lepidus
1492 887 1773 930 concionare-

344 953 427 993 tur,
457 952 585 998 atque
617 942 818 983 omnibus
853 943 1070 994 scriberet,
1101 957 1145 984 se
1176 945 1419 986 consentire
1444 949 1543 985 cum
1567 943 1776 995 Antonio,

342 1000 531 1040 maxime
555 1000 817 1055 contrarium
840 999 937 1040 fuit.
983 1000 1092 1041 Nam
1115 1001 1271 1056 quibus
1290 1000 1617 1051 commeatibus,
1637 1000 1774 1042 invito

343 1056 430 1106 illo,
458 1071 529 1112 per
555 1056 665 1097 illius
697 1056 963 1112 provinciam
995 1056 1185 1112 legiones
1207 1058 1435 1099 ducerem?
1466 1067 1555 1108 aut,
1576 1058 1609 1098 si
1632 1066 1775 1099 cetera

342 1115 602 1164 transissem,
622 1127 723 1154 num
746 1113 875 1154 etiam
894 1112 1026 1168 Alpes
1045 1124 1237 1170 poteram
1257 1113 1533 1163 transvolare,
1550 1128 1647 1169 quae
1665 1128 1775 1170 prae-

343 1170 453 1212 sidid
475 1170 584 1211 illius
605 1172 830 1212 tenentur?
860 1169 985 1211 Adde
1006 1170 1106 1222 huc,
1135 1171 1249 1227 quod
1285 1171 1459 1226 perferri
1482 1170 1636 1211 litterae
1658 1170 1776 1212 nulla

341 1227 592 1269 conditione
627 1236 872 1284 potuerunt.
934 1227 1307 1269 Sexcentis'enim
1334 1228 1438 1269 locis
1471 1227 1772 1269 excutiuntur:

341 1284 495 1326 deinde
513 1284 644 1325 etiam
667 1285 903 1325 retinentur
924 1298 949 1324 a
973 1284 1137 1339 Lepido
1157 1284 1381 1326 tabellarii.
1441 1283 1552 1325 Illud
1574 1298 1643 1324 me
1666 1283 1774 1326 Cor·

339 1342 468 1383 dubae
493 1356 569 1397 pro
598 1342 808 1382 concione
837 1341 1012 1390 dixisse,
1041 1356 1168 1382 nemo
1197 1342 1369 1383 vocabit
1391 1341 1435 1382 in
1457 1341 1652 1392 dubium,
1675 1355 1773 1396 pro-

340 1397 527 1440 vinciam
549 1412 617 1440 me
639 1398 758 1448 nulli,
779 1398 859 1438 nisi
883 1398 956 1452 qui
978 1398 1033 1438 ab
1060 1409 1210 1439 senatu
1240 1398 1392 1439 missus
1418 1397 1617 1448 venisset,
1643 1398 1774 1438 tradi-

342 1464 500 1496 turum.
562 1456 676 1497 Nam
698 1455 750 1496 de
769 1455 940 1510 legione
962 1455 1182 1510 trigesima
1200 1455 1419 1505 tradenda,
1447 1457 1676 1508 19quantas
1698 1454 1774 1495 ha-

338 1512 504 1554 buerim
527 1513 842 1561 contentiones,
863 1510 966 1566 quid
988 1525 1070 1566 ego
1090 1512 1299 1552 scribam?
1321 1526 1405 1566 qua
1426 1510 1772 1565 tradita,quanto

337 1584 416 1625 pro
446 1569 667 1625 republica
697 1567 906 1609 infirmior
935 1567 1103 1608 futurus
1133 1567 1302 1618 fuerim,
1325 1567 1419 1622 quis
1443 1567 1641 1622 ignorat?
1673 1566 1771 1609 Hac

336 1627 451 1668 enim
472 1626 657 1682 legione,
676 1625 761 1666 noli
785 1625 924 1666 acrius
943 1636 1015 1665 aut
1039 1625 1277 1680 pugnacius
1299 1624 1530 1679 quidquam
1552 1625 1593 1655 2⁰
1607 1634 1772 1679 putare.

339 1685 484 1730 Quare
519 1697 617 1725 eum
651 1697 718 1723 me
749 1682 952 1723 existima
973 1695 1078 1731 esse,
1100 1683 1174 1737 qui
1196 1682 1381 1738 primum
1405 1680 1521 1736 pacis
1546 1680 1772 1736 cupidissi-

338 1755 431 1781 mus
454 1741 555 1782 sim:
587 1754 736 1781 omnes
768 1739 884 1780 enim
913 1738 1027 1779 cives
1056 1738 1181 1793 plane
1215 1738 1366 1779 studeo
1388 1751 1478 1778 esse
1500 1736 1666 1778 salvos:
1699 1737 1772 1778 de-

338 1798 451 1847 inde,
487 1798 626 1852 quiet
667 1810 736 1836 me
776 1805 818 1836 et
857 1795 1167 1850 rempublicam
1193 1795 1420 1836 -vindicare
1450 1794 1493 1834 in
1527 1793 1769 1835 libertatem

336 1857 372 1884 2¹
394 1865 564 1909 paratus
600 1855 695 1894 sim.
758 1852 888 1899 Quod
925 1851 1176 1892 familiarem
1211 1866 1353 1892 meum
1383 1861 1554 1892 tuorum
1589 1865 1766 1892 numero

334 1909 482 1961 habes,
501 1912 707 1966 opinione
732 1919 808 1950 tua
835 1909 942 1950 mihi
975 1908 1138 1964 gratius
1166 1919 1245 1949 est.
1307 1907 1486 1949 Invideo
1518 1906 1577 1947 illi
1610 1917 1768 1959 tamen,

334 1968 449 2022 quod
473 1967 664 2009 ambulat
681 1967 911 2022 etjoeatur
934 1974 1090 2006 tecum.
1140 1966 1334 2015 Quaeres,
1355 1964 1505 2019 quanti
1530 1964 1770 2007 aestimem?

337 2024 380 2065 Si
406 2039 607 2080 umquam
631 2024 800 2065 licuerit
822 2023 963 2063 vivere
986 2022 1028 2062 in
1043 2022 1149 2072 otio,
1171 2022 1419 2077 experieris.
1453 2019 1631 2062 Nullum
1653 2021 1769 2062 enim

334 2082 563 2138 vestigium
598 2082 674 2122 abs
697 2091 739 2121 te
760 2094 1000 2122 recessurus
1029 2093 1138 2120 sum.
1200 2078 1311 2119 Illud
1336 2078 1612 2120 vehementer
1632 2077 1768 2119 admi-

333 2153 416 2190 ror,
434 2143 474 2169 2¹2
488 2154 574 2180 non
597 2138 815 2194 scripsisse
839 2147 880 2178 te
901 2136 1023 2188 mihi,
1045 2137 1258 2177 manendo
1286 2136 1329 2176 in
1353 2134 1589 2191 provincia,
1611 2149 1665 2189 an
1687 2135 1766 2176 du-

332 2196 469 2236 cendo
502 2196 739 2237 exercitum
776 2195 819 2235 in
851 2193 1035 2244 Italiam,
1070 2192 1317 2249 reipublicae
1349 2192 1487 2248 magis
1520 2191 1766 2233 satisfacere

379 2314 413 2341 18
437 2310 503 2341 Sed
524 2309 678 2348 eonsules]
705 2309 835 2340 Hirtius
857 2314 891 2339 et
911 2309 1026 2338 Pansa.
1112 2310 1152 2337 20
1169 2311 1292 2347 putare
1312 2305 1389 2345 esse]
1429 2305 1516 2336 Bene
1541 2304 1689 2335 Graevius
1711 2305 1766 2335 de-

332 2354 505 2384 Manutius
534 2352 716 2383 Antonium
746 2356 780 2381 et
819 2350 1025 2381 Dolabellam
1070 2348 1149 2379 levit
1163 2359 1236 2378 esse.
1282 2348 1320 2377 In
1344 2349 1423 2379 Mss.
1442 2357 1527 2384 mco,
1543 2346 1606 2377 Gu.
1626 2349 1653 2376 l.
1670 2348 1701 2376 2.
1716 2352 1767 2377 est

332 2395 501 2434 intelligit.
545 2394 606 2424 Sed
633 2393 664 2424 id
689 2393 846 2430 temporis
876 2393 959 2423 ratio
994 2397 1028 2422 et
1070 2392 1269 2426 existimare,
1285 2389 1339 2419 sed
1354 2391 1423 2420 sine
1448 2399 1523 2425 esse,
1541 2388 1626 2426 quod
1642 2389 1675 2418 in
1692 2398 1765 2419 meo

331 2442 508 2470 contextus
524 2438 575 2467 vix
589 2436 774 2477 patiuntur.
1071 2443 1115 2463 m.
1130 2442 1193 2463 sec.
1211 2432 1391 2471 adscripsit.
1414 2432 1466 2461 lta
1480 2436 1514 2460 et
1528 2431 1591 2461 Ms.
1607 2430 1766 2461 Stewech.

379 2485 414 2515 19
425 2486 564 2521 quantas
574 2480 743 2510 habuerim
752 2476 925 2515 conciones]
949 2477 1026 2507 Con-
1070 2475 1211 2505 habebat
1234 2475 1437 2505 existimare.-
1460 2472 1547 2511 quod
1571 2472 1765 2512 praeferebat

332 2527 434 2555 cinnes
457 2524 549 2554 nullo
575 2522 670 2551 niodo
694 2529 805 2550 verum
822 2529 889 2549 esse
905 2525 1026 2558 potest,
1070 2518 1157 2547 Graex
1167 2517 1226 2546 ius.
1272 2516 1331 2545 Est
1352 2525 1429 2546 sane
1444 2515 1659 2544 numerosius.
1703 2514 1766 2545 Sed

332 2576 363 2597 vt
382 2577 430 2597 res
455 2576 520 2596 non
544 2565 670 2605 patitur
685 2568 718 2592 ct
733 2561 904 2601 epitheton
921 2571 1024 2600 quun·
1071 2569 1146 2589 mox
1163 2560 1279 2588 iterum
1296 2562 1344 2587 est
1356 2557 1418 2587 hoc
1432 2556 1576 2586 verbum.

333 2615 395 2642 ms.
419 2609 504 2648 quod
533 2614 582 2637 est
612 2605 717 2636 nihili.
776 2603 851 2633 Non
881 2603 1026 2633 dubitavi
1111 2603 1145 2631 521
1167 2604 1310 2640 paratus
1321 2599 1396 2638 sim]
1423 2598 1626 2628 Mallornsim
1641 2597 1764 2635 abesse,

330 2654 424 2683 edere
453 2651 676 2685 contentiones,
701 2653 738 2675 ut
753 2645 883 2676 voluere
909 2645 1027 2675 Manu-
1070 2648 1103 2672 et
1119 2654 1135 2672 e
1151 2643 1254 2682 prima
1271 2647 1361 2680 parte
1378 2641 1528 2677 intelligi.
1569 2640 1645 2670 Mox
1662 2641 1696 2670 in
1710 2640 1764 2670 de-

330 2698 395 2725 tius
422 2700 456 2725 et
483 2692 671 2724 Lambinus.
719 2689 797 2718 Mss.
832 2687 911 2724 fere,
943 2688 1022 2716 item
1068 2685 1128 2714 levi
1146 2694 1219 2714 cuin
1237 2684 1375 2712 uraevio.
1399 2684 1487 2712 abest
1517 2683 1576 2712 2¹12.
1595 2692 1680 2719 rnen),
1696 2682 1760 2712 Gu.

329 2738 400 2768 edd.
424 2748 471 2777 pr.
497 2736 667 2769 contiones,
688 2730 774 2770 quod
796 2735 845 2760 est
871 2739 1024 2768 compen·
1073 2730 1097 2756 ἱ.
1114 2730 1141 2755 Q.
1159 2732 1192 2755 et
1208 2725 1278 2755 edd.
1296 2735 1357 2772 {³¹²-
1620 2766 1625 2771 Α

329 2780 419 2810 dium
448 2778 534 2808 verbi
558 2775 780 2806 contentiones.
798 2771 904 2801 multa
917 2781 1025 2801 exeni-
1110 2770 1150 2799 ΞΩ
1171 2777 1233 2797 non
1245 2771 1519 2806 scripsisse—sat.
1541 2765 1674 2805 possam]
1700 2766 1762 2796 Re.

333 2821 384 2860 pla
411 2821 506 2857 hujus
529 2817 727 2849 confusionis
750 2818 865 2844 notata
885 2816 918 2843 'in
935 2813 1024 2842 libris
1069 2811 1152 2840 etius
1161 2819 1283 2849 possem
1300 2819 1316 2839 e
1332 2808 1506 2839 latinitatis
1524 2809 1645 2849 regula.

331 2864 413 2895 L'wii
428 2874 447 2894 a
464 2859 732 2893 Drakenborchio
748 2856 786 2888 ad
803 2855 945 2886 Livium.
