1817 3196
374 88 453 127 AD
477 83 820 124 METELLUM
846 84 923 121 ET
949 83 1233 122 CETEROS.
1460 89 1534 128 10¹7

106 208 237 245 amas,
274 191 452 235 confice.
494 184 808 244 quamcumque
845 187 884 227 ei
919 185 1046 226 fidem
1084 185 1266 236 dederis,
1303 188 1532 241 praestabo.

109 252 152 292 Si
181 264 276 292 vero
298 247 516 304 improbus
539 244 682 294 fuerit,
707 253 755 283 ut
775 253 863 284 est:
885 245 926 274 38
940 242 1068 283 duces
1086 256 1182 282 eum
1208 242 1467 296 [captivum]
1493 245 1531 284 in

109 306 341 363 triumpho.
402 302 613 345 Dalmatis
635 300 694 341 (lii
718 300 825 340 male
845 299 1018 348 faciant,
1039 298 1112 354 qui
1134 299 1211 338 tibi
1234 298 1398 338 molesti
1422 310 1533 339 sunt.
1549 317 1578 345 o.
1595 311 1649 344 67.

109 364 208 416 Sed,
232 372 278 404 ut
299 360 461 410 scribis,
485 357 600 398 brevi
624 357 860 412 capientur,
890 366 932 396 et
960 355 1233 396 illustrabunt
1254 369 1318 395 res
1350 366 1442 395 tuas
1464 370 1536 410 ge-
1550 361 1578 380 ²·-

110 432 210 472 stas‚
232 431 396 474 semper
417 416 529 456 enim
553 415 688 455 habiti
713 423 810 454 sunt
833 412 1039 454 bellicosi.
1105 411 1220 452 Vale.

619 501 1022 539 ARGUMENTUM.
1558 509 1606 545 12

110 570 312 610 Lucceium,
333 568 566 604 historiarum
584 567 806 612 scriptorem,
819 569 938 611 rogat,
955 568 994 598 ut
1015 564 1057 599 ‹Ie
1074 563 1175 598 rebus
1193 564 1278 604 suis,
1296 564 1333 599 in
1353 563 1541 599 consulatu

159 623 280 670 gestis,
300 625 335 656 et
353 621 396 655 de
413 620 537 654 exsilio
556 618 756 665 redituque,
775 616 997 663 singularem
1014 619 1292 662 separatumque
1312 616 1441 650 librum
1459 627 1541 650 con-

149 675 272 723 ficiat.
301 672 383 720 Ipse
400 672 449 707 ad
466 672 581 706 Attio.
602 680 657 706 ιν.
677 674 711 704 6.
732 669 824 704 hanc
840 667 946 703 valde
967 666 1102 702 bellam
1121 667 1312 714 epistolam
1331 668 1437 709 dixit,
1459 669 1545 715 quia

163 725 260 760 omni
277 729 356 760 arte
373 736 455 759 usus
474 727 538 764 est,
558 726 598 758 ut
614 721 766 757 Lucceio
782 720 1010 768 persuadeat.

416 788 483 830 M.
508 789 558 829 C.
583 788 627 828 S.
652 786 708 828 D.
735 786 782 827 L.
808 784 1094 837 LUCCEIO,
1119 785 1175 832 Q.
1199 785 1248 826 F.

114 845 348 900 CORAM
372 871 438 897 me
471 865 610 897 tecum
633 854 779 895 eadem
803 853 897 895 haec
921 867 1046 909 agere
1077 868 1190 908 saepe
1219 864 1445 895 conantem
1477 854 1549 896 de-

114 915 266 958 terruit
289 914 425 970 pudor
454 912 642 968 quidam,
674 925 796 967 paene
819 911 1106 962 subrusticus3
1137 925 1235 965 quae
1260 926 1372 952 nunc
1394 926 1552 967 expro-

114 987 231 1015 mam
254 972 406 1012 absens
429 970 646 1010 audacius.
686 967 879 1024 Epistola
900 968 1013 1008 enim
1035 982 1118 1008 non
1139 969 1368 1009 erubescit.
1406 968 1550 1010 Ardeo

115 1028 354 1085 cupiditate
377 1026 632 1076 incredibili,
655 1039 806 1080 neque,
838 1035 884 1065 ut
906 1039 987 1080 ego
1011 1025 1210 1076 arbitror,
1242 1025 1553 1081 reprehenden-

116 1087 185 1137 da,
215 1098 371 1126 nomeu
397 1094 441 1125 ut
464 1097 657 1125 nostrum
681 1083 850 1138 scriptis
874 1083 1104 1122 illustretur
1129 1092 1172 1122 et
1194 1082 1431 1123 celebretur
1453 1083 1553 1124 tuis.

116 1146 159 1179 39
174 1142 305 1189 Quod
327 1142 406 1182 etsi
431 1140 537 1181 mihi
566 1153 680 1196 saepe
713 1139 916 1190 ostendis,
947 1148 987 1178 te
1017 1152 1107 1179 esse
1137 1137 1377 1180 facturum:
1411 1147 1555 1181 tamen

121 1201 321 1256 ignoscas
355 1197 479 1238 velim
512 1197 612 1238 huic
646 1196 909 1236 festinationi
942 1207 1065 1236 meae.
1127 1194 1276 1236 Genus
1307 1197 1421 1236 enim
1453 1197 1557 1237 scri-

120 1269 294 1314 ptorum
326 1265 511 1304 tuorum,
540 1253 617 1294 etsi
651 1264 741 1293 erat
773 1266 939 1308 semper
965 1267 991 1292 a
1018 1265 1087 1292 me
1110 1251 1383 1293 vehementer
1404 1267 1556 1308 exspe-

122 1322 302 1362 ctatum,
334 1320 474 1351 tamen
501 1310 603 1351 vicit
625 1309 873 1364 opinionem
898 1323 1050 1359 meam,
1080 1322 1233 1363 meque
1256 1310 1317 1350 ita
1340 1308 1406 1349 vel
1427 1311 1557 1364 cepit,

122 1369 190 1412 vel
212 1368 418 1419 incendit,
451 1377 497 1408 ut
518 1380 719 1422 cuperem
741 1380 868 1421 quam
891 1365 1109 1407 celerrime
1131 1380 1195 1406 res
1218 1376 1383 1407 nostras
1408 1381 1560 1407 monu-

123 1427 278 1469 mentis
301 1424 591 1466 commendari
617 1423 715 1464 tuis.
760 1424 912 1478 Neque
934 1423 1048 1464 enim
1069 1437 1137 1463 me
1156 1423 1289 1465 solum
1313 1427 1355 1454 40
1371 1438 1560 1464 comme-

122 1483 307 1525 moratio
330 1482 592 1538 posteritatis
614 1480 665 1520 ad
690 1494 809 1536 spem
831 1481 1045 1535 quandam
1068 1480 1402 1521 immortalitatis
1425 1482 1559 1537 rapit:

125 1544 162 1572 ⁴¹
181 1540 253 1580 sed
282 1541 412 1580 etiam
437 1538 505 1578 illa
527 1537 755 1593 cupiditas,
779 1546 826 1577 ut
849 1532 916 1577 vel
935 1537 1192 1578 auctoritate
1223 1538 1458 1578 testimonii
1482 1537 1562 1588 tui,

127 1597 193 1637 vel
215 1596 376 1637 indicio
399 1595 716 1644 benivolentiae,
740 1594 804 1634 vel
827 1595 1037 1634 suavitate
1060 1594 1237 1650 ingenii,
1262 1596 1346 1634 vivi
1372 1594 1564 1650 perfrua-

127 1668 238 1695 mur.
301 1652 454 1706 Neque
489 1662 645 1701 tamen,
680 1651 774 1691 liaec
809 1665 908 1692 cum
944 1651 1199 1701 scribebam,
1234 1666 1349 1692 eram
1382 1652 1566 1702 nescius,

128 1709 300 1766 quantis
323 1710 525 1750 oneribus
548 1722 785 1764 premerere
813 1719 1104 1764 susceptarum
1137 1722 1277 1748 rerum
1308 1719 1351 1749 et
1375 1708 1468 1762 jam
1500 1709 1564 1748 in-

130 1767 403 1808 stitutarum:
436 1766 507 1806 sed
537 1767 639 1820 quia
660 1765 875 1815 videbam,
907 1765 1046 1806 Italici
1076 1764 1173 1806 belli
1195 1775 1238 1805 et
1260 1766 1398 1806 civilis
1431 1766 1566 1806 histo-

130 1825 237 1866 riam
252 1823 346 1879 jam
367 1838 391 1863 a
413 1833 454 1864 te
474 1836 595 1879 paene
616 1836 706 1863 esse
729 1823 960 1878 perfectam
979 1839 988 1864 :
1021 1822 1190 1863 dixeras
1213 1832 1355 1863 autem
1380 1822 1499 1873 mihi,
1526 1833 1567 1863 te

130 1881 314 1936 reliquas
343 1894 408 1920 res
438 1880 593 1931 ordiri3
624 1880 770 1920 deesse
791 1879 897 1919 mihi
923 1879 1054 1930 nolui,
1084 1879 1189 1934 quin
1213 1889 1255 1920 te
1277 1880 1567 1930 admOneoem,

131 1949 181 1980 ut
210 1937 437 1993 cogitares,
459 1937 748 1992 conjunctene
771 1936 915 1977 malles
946 1951 1042 1977 cum
1075 1936 1246 1990 reliquis
1275 1937 1400 1977 rebus
1424 1947 1570 1977 nostra

133 2005 380 2045 contexere,
411 2009 479 2045 an,
516 2006 562 2035 ut
585 1993 707 2034 multi
731 1993 876 2034 Graeci
901 1992 1108 2044 fecerunt,
1140 1993 1422 2034 Callisthenes
1446 1993 1571 2034 Troi-

135 2067 234 2094 cum
258 2052 430 2103 bellum,
461 2050 650 2092 Timaeus
682 2050 853 2106 Pyrrhi,
887 2050 1094 2106 Polybius
1119 2049 1451 2101 Numantinum,
1478 2049 1603 2105 (quib

136 2123 284 2150 ornnes
306 2124 332 2149 a
353 2108 570 2165 perpetuis
593 2108 680 2149 suis
702 2108 891 2148 historiis
914 2122 977 2159 ea,
1007 2123 1104 2162 quae
1126 2107 1234 2157 dixi,
1268 2108 1377 2148 bella
1405 2122 1574 2163 separa·

135 2168 323 2217 verunt‚)
354 2177 400 2206 tu
433 2179 605 2221 quoque
626 2166 730 2206 item
751 2165 921 2205 civilem
944 2164 1289 2220 conjurationem
1310 2167 1351 2195 42
1364 2166 1418 2206 ab
1442 2165 1554 2205 hosti

179 2282 220 2311 38
247 2279 341 2310 duces
363 2288 437 2309 eum
465 2279 631 2318 captivum
656 2279 690 2308 in
718 2278 836 2308 trium·
920 2280 962 2308 40
984 2277 1242 2308 commemoratio
1258 2278 1474 2318 posteritatis]
1500 2289 1544 2309 sc.
1560 2289 1578 2308 e

133 2322 213 2365 pho]
234 2321 426 2352 Gebhardus
442 2326 478 2350 ut
495 2320 773 2351 animadversione
789 2319 838 2350 di·
879 2320 970 2350 libris
992 2320 1058 2349 tuis
1073 2331 1082 2351 ·.
1106 2319 1203 2358 quod,
1219 2330 1292 2359 quae
1313 2326 1350 2350 tu
1374 2321 1543 2360 scripsisti,
1560 2331 1579 2350 a

140 2374 244 2405 gnum
267 2368 440 2399 memorat,
464 2362 562 2392 libros
581 2362 736 2401 quosdam
760 2362 838 2392 scri-
879 2362 1072 2403 posteritate
1089 2362 1448 2393 commemorabuntur.

138 2413 215 2448 ptos
227 2412 262 2436 et
277 2405 328 2436 ed.
343 2405 440 2436 Rom.
458 2405 576 2435 habere
591 2409 736 2444 captum,
750 2410 790 2434 ut
803 2410 839 2434 et
922 2407 961 2435 41
985 2405 1040 2434 sed
1055 2404 1154 2434 etiam
1172 2405 1232 2434 illa
1247 2405 1422 2444 cupiditas]
1444 2405 1509 2435 Sed
1522 2405 1577 2434 ab·

143 2449 207 2480 Gu.
223 2452 254 2479 2.
270 2447 381 2484 habet,
397 2447 490 2487 idque
507 2447 622 2476 melius
639 2452 746 2487 putat.
774 2446 840 2476 lm-
882 2452 931 2476 est
946 2457 965 2477 a
980 2446 1044 2476 Ms.
1067 2456 1152 2483 mam,
1176 2456 1243 2476 non
1271 2446 1366 2477 male.
1415 2447 1580 2485 Cupiditas

143 2500 198 2522 mo
212 2491 324 2522 firmat
339 2490 555 2529 suspicionem
569 2499 688 2525 meam,
706 2488 840 2518 verbum
883 2488 1018 2518 verbum
1047 2498 1114 2518 non
1151 2488 1263 2525 habet,
1300 2499 1365 2528 qno
1402 2490 1580 2519 reseratur:

144 2532 207 2563 hoe
228 2542 296 2563 esse
312 2543 331 2563 a
344 2532 535 2571 glossatore.
549 2541 625 2561 nam
642 2531 842 2569 intelligitur
884 2540 961 2561 nam
976 2530 1017 2560 ad
1030 2531 1190 2570 superius,
1213 2532 1260 2560 ad
1269 2541 1355 2570 spem
1373 2531 1463 2561 imm.
1480 2531 1582 2569 rapit,

144 2584 203 2615 per
217 2585 263 2612 se,
284 2581 319 2605 et
333 2584 492 2613 nusquam
507 2574 542 2603 in
558 2574 620 2603 hac
642 2572 786 2604 formula
807 2573 843 2602 in
885 2573 996 2602 referri
1013 2582 1079 2602 non
1095 2578 1216 2612 potest.
1250 2573 1419 2603 Glossator
1434 2572 1500 2602 ΜΞ.
1521 2573 1584 2602 mei

145 2618 310 2657 triumpho
318 2617 435 2647 ducere
446 2615 585 2646 additur.
597 2625 657 2645 nec
669 2615 843 2646 addidisset
884 2614 1056 2654 adscripsit
1070 2617 1170 2654 rap-it.
1189 2624 1231 2645 an
1247 2608 1365 2645 excidit
1380 2615 1507 2644 movet?
1526 2618 1583 2644 aut

148 2657 262 2689 Cicero
277 2668 362 2689 eum.
400 2658 500 2688 Uneis
516 2657 632 2687 inclusi
647 2662 770 2688 tamen.
885 2656 992 2686 simile
1006 2657 1106 2695 quid?

189 2703 231 2735 39
252 2700 296 2742 ῼ.
317 2702 375 2731 etsi
397 2701 478 2731 mihi
498 2709 578 2739 saepe
599 2700 746 2737 ostendis,
763 2703 794 2729 te
815 2709 843 2729 e.
928 2700 970 2729 4²2
992 2701 1034 2729 ab
1049 2700 1081 2730 k.
1097 2709 1127 2729 e.
1143 2699 1232 2730 bellis
1243 2697 1443 2738 sejungeres]
1461 2697 1587 2727 Mirum

136 2739 193 2781 s.]
211 2742 297 2775 Puto
310 2741 518 2773 scribendum
539 2742 713 2772 ostendisti.
757 2741 849 2772 Infra
890 2745 953 2777 est,
969 2739 1023 2770 hic
1037 2743 1203 2771 neminem
1219 2741 1359 2775 haesisoe,
1374 2739 1460 2778 quod
1474 2740 1588 2770 sciam.

152 2783 253 2815 etiam
266 2790 316 2816 est
329 2784 513 2817 ostenderis.
543 2784 593 2815 Ab
610 2784 660 2816 ed.
675 2783 773 2816 Rom.
791 2784 848 2815 ab·
892 2783 969 2813 Sine
993 2782 1091 2812 dubio
1119 2783 1248 2822 scripsit
1271 2782 1385 2812 Cicero
1408 2780 1591 2822 sejungere.

152 2828 203 2856 est
226 2829 267 2856 te.
891 2824 980 2855 Nam
1004 2825 1050 2854 sic
1073 2826 1214 2856 struitur
1234 2823 1358 2856 oratio:
1382 2822 1593 2865 conjunctam
