1903 3218
393 113 471 150 AD
497 113 586 151 CN.
613 110 904 150 PLANCUM
930 111 1004 148 ET
1030 110 1311 150 CETEROS.
1483 118 1555 152 ‘261

137 213 355 268 expedita,
370 216 526 270 quibus
545 216 686 258 subito
707 217 744 249 91
762 214 922 270 impetu
944 228 993 255 ac
1011 213 1236 255 latrocinio
1254 214 1558 270 parricidarum

139 271 321 312 resistat.
381 272 541 330 Copias
565 286 662 314 vero
696 281 860 312 nostras
891 272 1012 311 notas
1034 270 1113 310 tibi
1136 284 1227 311 esse
1248 271 1445 312 arbitror.
1509 273 1556 314 In

137 327 288 368 castris
311 330 413 370 meis
436 329 623 386 legiones
646 339 743 368 sunt
766 335 976 368 veteranae
1002 336 1108 368 tres:
1143 327 1328 368 tironum
1354 328 1417 368 vel
1442 328 1558 370 lucu-

138 381 372 427 lentissima
392 401 445 428 ex
476 386 675 427 omnibus
706 399 812 426 una:
846 385 888 425 in
918 385 1068 425 castris
1099 383 1221 424 Bruti
1252 398 1337 424 una
1360 394 1559 427 veterana

138 437 276 495 legio:
308 442 439 485 altera
472 443 612 484 bima:
645 450 745 483 octo
779 442 981 482 tironum.
1044 440 1111 481 Ita
1142 441 1363 482 universus
1394 445 1558 484 exerei-

139 505 205 536 tus
228 512 403 540 numero
424 498 710 554 amplissimus
731 508 810 550 est,
838 498 1040 539 firmitate
1070 497 1270 554 exiguus.
1332 498 1557 544 Quantum

137 564 278 596 autem
302 556 343 596 in
366 556 457 597 acie
479 556 606 597 tironi
642 557 696 596 sit
728 555 1100 606 committendum,
1134 555 1312 595 nimium
1346 570 1460 611 saepe
1481 571 1558 597 ex-

138 621 304 664 pertum
340 612 561 654 habemus.
621 613 689 654 Ad
722 613 805 654 hoc
838 613 967 654 robur
999 621 1240 653 nostrorum
1273 613 1557 665 exercituum,

104 714 110 720 ι
135 666 225 707 sive
243 667 471 711 Africanus
492 671 721 720 exercitus,
743 670 814 725 qui
835 679 899 710 est
919 669 1155 719 veteranuS,
1178 669 1266 709 sive
1287 668 1470 711 Caesaris
1488 686 1558 712 ac-

133 724 342 776 cessisset,
371 741 496 782 aequo
524 727 669 768 animo
698 741 908 768 summam
932 725 1239 782 rempublicam
1263 725 1305 766 in
1329 726 1556 768 discrimen

133 778 452 824 deduceremus,
512 783 801 839 92Aliquant0
833 794 976 824 autem
1011 783 1186 839 propius
1221 797 1327 834 esse,
1357 784 1472 840 quod
1504 786 1557 826 ad

133 834 348 880 Caesarem
391 840 559 892 attinet,
601 841 865 882 videbamus.
927 839 1049 881 Nihil
1085 841 1230 881 destiti
1268 855 1365 880 eum
1402 841 1554 883 litteris

131 890 316 938 hortari:
341 911 476 953 neque
492 898 561 939 ille
584 898 811 938 intermisit
834 896 1059 948 affirmare,
1082 912 1125 937 se
1149 898 1239 937 sine
1262 912 1381 938 mora
1400 899 1556 950 venire,

131 963 228 996 cum
254 953 422 995 interim
445 969 637 996 aversum
661 954 777 995 illum
802 955 856 996 ab
879 953 959 995 hac
979 954 1246 1010 cogitatione
1268 954 1320 995 ad
1343 954 1424 996 alia
1453 971 1557 997 con-

132 1006 224 1048 silia
246 1010 372 1052 video
393 1026 436 1053 se
457 1012 702 1053 contulisse.
764 1011 858 1067 Ego
889 1022 1028 1052 tamen
1052 1011 1104 1052 ad
1125 1025 1221 1052 eum
1248 1011 1453 1053 Furnium
1479 1028 1555 1054 no-

133 1072 266 1106 strum
290 1081 389 1108 cum
413 1069 623 1110 mandatis
643 1068 880 1124 litterisque
901 1068 1012 1119 misi,
1036 1068 1068 1108 si
1092 1068 1194 1123 quid
1217 1067 1328 1109 forte
1349 1070 1557 1124 proficere
1569 1089 1599 1118 p.
1617 1082 1686 1114 159.

133 1132 292 1175 posset.
354 1124 445 1166 Scis
470 1123 530 1177 t'u,
552 1126 609 1166 mi
634 1125 803 1176 Cicero,
824 1125 939 1180 quod
963 1126 1014 1166 ad
1040 1124 1224 1166 Caesaris
1246 1139 1434 1167 amorem
1457 1129 1556 1169 atti·
1569 1134 1598 1154 ἃ·

132 1189 220 1229 net,
253 1181 500 1223 societatem
525 1182 629 1223 mihi
652 1196 741 1223 esse
760 1192 927 1222 tecum:
962 1182 1024 1223 vel
1054 1182 1168 1235 quod
1194 1182 1233 1222 iu
1267 1181 1558 1226 familiaritate

135 1232 334 1288 Caesaris,
360 1238 457 1280 vivo
487 1239 574 1290 illo,
600 1241 692 1294 jam
717 1239 825 1279 tueri
848 1252 945 1278 eum
968 1248 1010 1278 et
1032 1238 1211 1293 diligere
1242 1237 1324 1279 fuit
1355 1240 1462 1281 mihi
1483 1256 1556 1282 ne-

133 1304 273 1335 cesse:
299 1295 362 1335 vel
383 1296 496 1350 quod
521 1296 626 1350 ipse,
647 1295 788 1350 quoad
811 1308 893 1350 ego
916 1308 1041 1335 nosse
1066 1296 1202 1350 potui,
1228 1296 1556 1340 moderatissimi

131 1357 261 1403 atque
293 1352 589 1393 humanissimi
623 1351 705 1392 fuit
741 1365 911 1392 sensus:
947 1351 1009 1391 vel
1041 1351 1156 1406 quod
1189 1366 1243 1392 ex
1278 1361 1362 1392 tam
1398 1354 1556 1411 insigni

131 1406 323 1448 amicitia
345 1422 438 1450 mea
460 1419 589 1465 atque
617 1408 815 1458 Caesaris,
838 1408 951 1449 hunc
975 1407 1050 1448 filii
1074 1408 1185 1459 loco,
1207 1418 1251 1449 et
1273 1409 1399 1461 illius,
1421 1423 1464 1453 et
1489 1428 1558 1453 ve-

133 1471 221 1503 stro
237 1463 407 1518 judicio
430 1467 725 1515 substitutum,
749 1468 789 1499 93
804 1479 887 1506 non
914 1465 1087 1520 perinde
1111 1465 1281 1516 habere,
1307 1476 1430 1522 turpe
1452 1469 1555 1510 mihi

131 1519 315 1562 videtur.
366 1523 464 1572 Sed,
486 1522 695 1577 quidquid
719 1522 796 1562 tibi
821 1522 976 1573 scribo,
999 1522 1192 1562 dolenter
1209 1522 1452 1566 mehercule
1470 1540 1559 1567 ma-

134 1576 200 1630 gis
223 1593 350 1632 quam
374 1579 547 1620 inimice
567 1579 695 1620 facio.
757 1579 886 1625 Quod
913 1579 1019 1619 vivit
1039 1579 1255 1620 Antonius
1278 1579 1420 1632 hodie,
1445 1583 1560 1637 quod

134 1632 322 1690 Lepidus
345 1651 429 1677 una
446 1646 523 1686 est,
545 1637 659 1691 quod
679 1636 893 1676 exercitus
916 1635 1076 1676 habent
1097 1650 1183 1676 non
1206 1640 1561 1691 contemnendos,

133 1692 248 1745 quod
272 1704 457 1748 sperant,
478 1694 593 1749 quod
615 1692 798 1743 audent3
821 1707 947 1733 omne
971 1692 1131 1734 Caesari
1156 1704 1380 1749 acceptum
1405 1695 1561 1738 referre

133 1759 327 1803 possunt,
392 1750 542 1806 Neque
570 1764 651 1806 ego
681 1750 900 1805 superiora
928 1759 1133 1805 repetam.
1195 1750 1276 1791 Sed
1300 1765 1354 1791 ex
1378 1765 1429 1792 eo
1453 1763 1559 1794 tem-

131 1819 250 1860 pore,
273 1821 359 1862 quo
381 1807 472 1863 ipse
490 1806 595 1848 mihi
620 1805 833 1862 professus
856 1815 920 1847 est
941 1821 984 1847 se
1002 1808 1159 1857 venire,
1182 1807 1215 1847 si
1238 1808 1381 1848 venire
1400 1809 1559 1851 voluis-

132 1871 210 1912 set,
234 1873 307 1904 aut
334 1878 584 1920 oppressum
601 1864 694 1918 jam
719 1862 875 1904 bellum
899 1873 1024 1913 esset,
1046 1873 1120 1904 aut
1142 1864 1184 1904 in
1215 1864 1558 1909 adversissimam

131 1919 190 1960 illi
216 1919 471 1977 Hispaniam
492 1936 589 1963 cum
606 1921 865 1962 detrimento
883 1935 1030 1961 eorum
1050 1922 1241 1961 maximo
1264 1924 1304 1955 9⁴
1317 1932 1557 1966 extrusum.

133 1976 244 2023 Quae
268 1992 387 2019 mens
408 1992 521 2029 eum,
554 1988 627 2019 aut
661 1992 842 2032 quorum
875 1977 1055 2018 consilia
1085 1992 1109 2018 a
1141 1987 1261 2018 tanta
1291 1979 1443 2034 gloria,
1475 1982 1557 2023 sibi

134 2047 233 2074 vero
256 2036 382 2076 etiam
407 2036 644 2077 necessaria
664 2049 713 2075 ac
736 2034 924 2085 salutari,
945 2037 985 2068 95
999 2034 1235 2085 avocarint,
1258 2047 1300 2076 et
1319 2037 1370 2077 ad
1391 2039 1557 2093 cogita-

133 2091 293 2132 tionem
316 2092 561 2134 consulatus
582 2092 810 2143 bimestris,
832 2106 1000 2132 summo
1020 2106 1117 2132 cum
1140 2101 1298 2132 terrore
1317 2093 1557 2146 hominum,

131 2156 175 2188 et
212 2148 371 2190 insulsa
408 2164 505 2191 cum
539 2149 849 2205 efflagitatione
882 2148 1189 2199 transtulerint,
1224 2159 1434 2205 exputare
1471 2167 1558 2194 non

132 2218 321 2259 possum.
383 2205 575 2247 Multum
606 2207 649 2246 in
680 2205 760 2246 hac
787 2219 830 2246 re
853 2206 958 2246 mihi
983 2206 1181 2246 videntur
1202 2208 1427 2248 necessarii
1452 2210 1559 2264 ejuS‚

132 2271 176 2302 et
196 2262 461 2318 reipublicae,
480 2272 525 2304 et
544 2263 676 2318 ipsius
698 2277 827 2303 causa
845 2262 1051 2318 proficere
1071 2276 1220 2318 posse:
1246 2263 1491 2321 plurimum,
1514 2279 1562 2308 ut

133 2328 255 2375 puto,
289 2329 333 2360 tu
367 2334 562 2375 quoque:
609 2319 731 2375 cujus
771 2319 840 2361 ille
879 2328 999 2362 tanta
1036 2320 1189 2361 merita
1220 2319 1365 2374 habet,
1401 2338 1561 2378 quanta

172 2436 207 2468 91
227 2433 364 2474 impetu]
383 2435 435 2465 Sic
450 2434 520 2465 edd.
536 2427 583 2474 pr.
596 2437 630 2463 et
644 2432 708 2462 Ms.
720 2441 824 2463 meuS.
867 2433 912 2463 sic
928 2437 977 2463 est
992 2434 1024 2464 in
1041 2433 1112 2464 edd.
1128 2434 1224 2464 Rom.
1239 2433 1329 2465 Med.

133 2472 218 2507 inale
234 2476 395 2508 Corradus
414 2478 563 2516 impetui,
584 2481 622 2504 ut
643 2474 742 2505 habet
762 2474 825 2504 Gu.
909 2478 951 2509 94
972 2476 1158 2516 ext-rusum]
1184 2476 1237 2507 Sic
1252 2477 1384 2514 quidam
1408 2478 1486 2509 Mss.
1511 2490 1566 2519 ap.

130 2522 160 2549 2.
185 2518 269 2558 quod
289 2518 352 2550 dici
375 2520 456 2551 bene
478 2528 544 2550 non
567 2523 686 2558 potest.
704 2527 733 2547 v.
758 2516 826 2547 Cic.
869 2517 1046 2555 Graevium,
1070 2519 1125 2558 qui
1146 2517 1178 2548 id
1200 2519 1336 2558 recepit,
1359 2524 1392 2550 et
1414 2520 1493 2551 olim
1515 2522 1565 2553 ed.

133 2560 190 2591 Or,
868 2559 950 2590 Ven.
971 2560 1060 2595 1469.
1077 2560 1167 2591 Med.
1184 2560 1229 2590 sic
1245 2566 1278 2590 et
1292 2561 1355 2590 Gu.
1376 2564 1399 2590 1.
1416 2562 1480 2593 huc
1493 2568 1565 2594 ten-

174 2604 215 2636 92
242 2603 419 2644 Aliquanto
434 2605 571 2644 propius
593 2612 655 2632 esse
678 2600 753 2640 δια]
779 2610 825 2632 sc.
869 2600 916 2631 dit
927 2601 1025 2632 lectio
1037 2607 1067 2633 et
1079 2612 1215 2634 rursum
1227 2603 1259 2633 in
1275 2602 1352 2632 Mss.
1366 2605 1464 2634 etiam
1478 2615 1562 2642 meo,

132 2644 312 2685 perieulum
328 2656 346 2676 a
362 2652 454 2687 parte
471 2646 620 2678 Caesaris.
648 2644 828 2675 Lambinus
870 2643 932 2673 Gu.
949 2647 980 2675 2.
997 2650 1030 2675 et
1046 2645 1096 2675 ed.
1118 2647 1206 2678 1471.
1230 2644 1337 2682 Vulgo
1352 2645 1530 2678 detrusum,

132 2687 267 2725 corrigit
281 2699 287 2716 z
313 2688 356 2718 At
368 2689 462 2719 illum
482 2697 546 2719 esse
562 2689 709 2728 propius,
726 2695 742 2716 e
757 2694 827 2726 rep.
904 2688 944 2719 95
959 2687 1416 2726 avocarint—transtu[erint]
1435 2689 1486 2719 Sic
1501 2690 1562 2720 ΜΞ.

131 2738 195 2759 esse
210 2729 406 2761 videbamus.
872 2737 977 2765 meuS,
1002 2728 1094 2759 Gorl.
1122 2729 1185 2758 Gu.
1213 2731 1244 2760 2.
1270 2727 1339 2757 edd.
1364 2728 1459 2760 Rom.
1483 2732 1566 2763 Ven.

174 2773 214 2805 93
237 2780 301 2801 non
316 2773 454 2810 proinde
476 2771 604 2811 habere]
631 2771 704 2801 Scio
714 2770 828 2810 proin-
877 2771 968 2805 1469.
990 2773 1079 2804 1471.
1097 2771 1179 2800 etin
1196 2770 1300 2800 altero
1318 2770 1379 2799 Gu.
1404 2772 1491 2804 Med,
1515 2775 1567 2805 Sic

135 2813 173 2842 de
189 2823 246 2853 pro
257 2814 391 2852 perinde
405 2814 484 2851 dici3
508 2813 564 2844 sed
574 2814 626 2843 vix
639 2815 673 2843 in
688 2813 749 2843 hae
765 2811 830 2841 for·
873 2817 907 2841 et
922 2813 1068 2843 Graevius
1084 2813 1184 2842 tacite
1199 2812 1298 2842 dedit.
1329 2812 1436 2854 Vulgo
1452 2825 1567 2846 avoca-

133 2864 204 2885 ma:
231 2859 375 2896 putoque
392 2856 530 2896 perinde
555 2854 773 2886 scribendum.
797 2856 832 2882 et
874 2854 1183 2893 rit—transtulerit,
1204 2859 1241 2884 nt
1259 2865 1276 2884 a
1295 2864 1381 2885 mens
1403 2857 1568 2897 penderet>

813 2900 880 2936 s3
