1903 3218
397 79 478 118 AD
504 79 592 118 cN.
619 76 908 117 PLANcUM
934 77 1008 114 ET
1035 77 1310 117 CETEROS.
1485 83 1562 118 255

646 180 1048 219 ARGUMENTUM.
1582 184 1630 226 19

136 246 350 284 Gratiarum
367 247 545 282 actionem
561 246 627 282 sibi
643 249 791 292 gratam
805 243 938 293 fuisse,
958 249 992 279 et
1020 244 1153 280 litteris
1180 242 1254 289 ejus
1280 249 1443 281 senatum
1471 247 1563 283 clele-

262 302 408 339 etatum,
428 298 622 348 signzficat,
642 302 678 332 et
695 301 736 332 ut
755 297 928 344 reliquias
947 296 1032 332 belli
1050 296 1228 345 conficiat,
1250 295 1427 333 hortatur.

580 361 816 404 CICERO
849 361 1114 403 PLANCO.

134 420 518 486 QUAMQUAM
543 436 777 493 gratiarum
799 436 1013 478 actionem
1037 451 1062 476 a
1084 444 1126 476 te
1148 449 1233 476 non
1257 434 1566 486 desiderabam,

131 507 230 535 cum
272 504 313 536 te
354 509 397 536 re
435 495 542 550 ipsa,
579 503 707 549 atque
746 494 890 534 animo
930 494 1081 534 scirem
1119 506 1210 534 esse
1247 492 1565 548 gratissimum:

134 559 291 603 tamen,
311 550 552 604 (fatendum
574 560 639 591 est
660 551 809 601 enim,)
832 550 915 591 fuit
935 564 986 590 ea
1016 548 1119 590 mihi
1154 549 1434 605 perjucunda.
1495 549 1567 591 Sic

133 609 247 649 enim
271 609 371 658 vidi,
395 608 514 663 quasi
546 622 610 659 ea,
631 622 728 663 quae
760 607 893 648 oculis
925 617 1171 656 cernuntur,
1194 621 1262 647 me
1293 622 1317 647 a
1347 616 1389 646 te
1419 607 1567 648 amari.

134 663 278 716 Dices,
300 665 402 720 quid
425 667 583 707 antea?
632 666 672 696 68
684 664 862 721 Semper
890 663 1115 718 equidem;
1147 663 1220 705 sed
1249 677 1485 719 numquam
1517 663 1566 704 il-

133 720 320 762 lusu-ius.
384 721 559 763 Litterae
594 730 680 764 tuae
718 720 972 762 mirabiliter
1007 730 1142 777 gratae
1178 720 1351 761 fuerunt
1383 723 1606 774 senatui,p.
1628 735 1696 764 155.

130 792 228 819 cum
268 779 393 820 rebus
426 779 544 835 ipsis,
567 793 664 835 quae
698 788 820 820 erant
857 777 1122 835 gravissimae
1159 787 1204 818 et
1237 777 1456 828 maximae,
1478 776 1607 819 for-a·

128 835 281 876 tissimi
304 835 450 888 animi,
473 836 713 891 summique
736 836 902 878 consilii
926 853 934 876 :
969 844 1059 877 tum
1083 835 1213 876 etiam
1237 835 1449 891 gravitate
1471 850 1567 878 sen-

130 893 361 934 tentiarum
395 903 524 948 atque
557 894 798 935 verborum.
860 892 959 942 Sed,
991 907 1049 932 mi
1084 891 1256 944 Plance,
1280 893 1496 944 incumbe,
1519 902 1568 934 ut

132 949 229 990 belli
262 959 458 991 extrema
499 949 707 1006 perficias.
748 950 791 991 in
833 949 918 991 hoc
950 949 1032 990 erit
1067 964 1234 991 summa
1268 959 1311 990 et
1349 951 1487 1004 gratia
1525 959 1571 990 et

130 1005 281 1062 gloria.
343 1006 485 1063 Cupio
523 1007 668 1048 omnia
704 1000 953 1063 reipublicae
988 1021 1145 1048 causa:
1179 1006 1266 1058 sed,
1288 1007 1567 1057 mehercules,

129 1064 174 1104 in
205 1077 255 1104 ea
286 1064 580 1106 conservanda
604 1064 696 1120 jam
731 1064 1009 1119 defatigatum,
1032 1078 1119 1104 non
1141 1063 1277 1104 multo
1299 1064 1393 1119 plus
1416 1064 1566 1120 patriae

128 1119 269 1172 faveo,
291 1136 420 1176 quam
444 1131 528 1167 tuae
566 1120 743 1177 gloriae:
776 1121 899 1176 cujus
933 1121 1167 1162 maximam
1202 1121 1450 1162 facultatem
1486 1121 1568 1162 tibi

128 1177 188 1218 dii
222 1179 497 1229 immortales,
532 1188 578 1219 ut
610 1192 750 1234 spero,
783 1179 960 1219 dedere:
993 1191 1121 1232 quam
1155 1177 1457 1233 complectere,
1490 1179 1569 1219 ob-

128 1248 262 1276 secro.
323 1235 411 1282 Qui
443 1235 557 1276 enirn
578 1234 820 1275 Antonium
850 1233 1124 1289 oppresserit,
1147 1235 1181 1274 is
1213 1235 1296 1275 hoc
1324 1234 1483 1276 bellum
1505 1248 1568 1276 te-

129 1292 349 1333 terrimum
373 1291 865 1348 periculosissimumque
889 1290 1140 1331 confecerit.

643 1379 1049 1430 ARGUMENTUM.
1578 1393 1635 1430 20

128 1442 243 1484 Petit,
271 1449 314 1482 ut
341 1444 384 1480 de
410 1443 543 1492 Lepidi
559 1444 638 1493 fide
662 1444 855 1493 significet,
883 1449 1006 1480 utrum
1033 1455 1144 1491 remp.
1173 1448 1357 1491 sequatur,
1383 1455 1430 1480 an
1449 1444 1565 1480 Anto—

360 1497 461 1532 nium
475 1512 488 1533 :
517 1497 768 1544 hortaturque,
787 1501 828 1532 ut
844 1496 1020 1544 reliquias
1040 1496 1125 1532 betti
1141 1498 1335 1544 opprimat.

586 1561 821 1605 CICERO
853 1561 1122 1604 PLANCO.

131 1617 241 1672 ITA
273 1639 395 1672 erant
431 1631 591 1683 omnia,
627 1646 724 1687 quae
770 1632 897 1673 istinc
937 1630 1241 1682 afferebantur,
1285 1631 1463 1682 incerta,
1506 1640 1570 1683 ut,

130 1687 234 1743 quid
265 1687 319 1728 ad
354 1695 396 1728 te
426 1688 672 1741 scriberem,
695 1703 780 1730 non
813 1698 1071 1730 occurreret.
1134 1687 1275 1728 Modo
1310 1688 1441 1738 enim,
1471 1702 1569 1744 quae

128 1743 347 1794 vellemus,
379 1744 432 1785 de
466 1743 646 1801 Lepido,
679 1746 808 1787 modo
842 1754 994 1787 contra
1028 1744 1356 1786 nuntiabantur.
1419 1745 1488 1786 De
1527 1755 1572 1787 te

128 1810 273 1842 tamen
296 1798 412 1842 fama
432 1811 650 1853 constans,
672 1817 752 1844 nee
779 1803 921 1858 decipi
945 1816 1084 1858 posse,
1107 1816 1186 1843 nec
1208 1802 1322 1843 vinci
1344 1819 1353 1844 :
1385 1817 1570 1858 quorum

127 1857 302 1900 alterius
325 1857 498 1901 fortuna
520 1869 683 1916 partem
708 1859 839 1901 habet
861 1859 1102 1915 quandam3
1126 1858 1322 1910 alterum,
1347 1861 1571 1917 proprium

128 1923 194 1956 est
214 1915 455 1971 prudentiae
478 1925 580 1958 tuae.
640 1916 725 1958 Sed
747 1919 893 1973 accepi
918 1917 1080 1957 litteras
1103 1931 1127 1957 a
1148 1915 1316 1973 collega
1336 1926 1426 1968 tuo,
1449 1917 1571 1960 datas

130 1970 281 2014 Idibus
314 1971 476 2016 Maiis:
509 1975 553 2015 in
576 1973 732 2030 quibus
762 1985 867 2024 erat,
891 1983 932 2014 te
959 1974 1011 2014 ad
1035 1988 1079 2014 se
1100 1973 1334 2029 scripsisse,
1357 1989 1382 2015 a
1405 1975 1570 2032 Lepido

130 2043 216 2071 non
239 2029 373 2086 recipi
394 2029 652 2073 Antonium.
704 2031 834 2078 Quod
856 2031 937 2072 erit
959 2031 1130 2081 certius,
1154 2031 1187 2071 si
1213 2040 1257 2072 tu
1280 2031 1332 2072 ad
1354 2046 1432 2073 nos
1455 2032 1570 2074 idem

127 2087 361 2143 scripseris.
390 2087 462 2129 sed
494 2089 636 2130 minus
669 2089 799 2130 audes
831 2087 1012 2129 fortasse
1046 2096 1221 2144 propter
1253 2087 1424 2130 inanem
1458 2088 1569 2131 laeti-

130 2144 235 2185 tiam
259 2143 496 2202 litterarum
520 2144 803 2201 superiorum.
862 2145 1092 2197 69Verum,
1116 2153 1162 2186 ut
1184 2159 1337 2196 errare,
1358 2146 1417 2187 mi
1441 2145 1570 2188 Plan-

128 2215 192 2252 ce,
218 2200 423 2257 potuisti:
454 2203 568 2257 (quis
590 2202 704 2243 enim
726 2202 770 2244 id
792 2201 993 2258 effugerit
1008 2204 1040 2252 ἓ)
1063 2202 1123 2242 sic
1145 2201 1286 2258 decipi
1319 2212 1360 2243 te
1382 2218 1468 2244 non
1491 2219 1569 2260 po-

130 2259 276 2307 tuisse,
297 2257 393 2313 quis
413 2272 502 2300 non
525 2258 672 2301 videt?
728 2258 859 2301 Nunc
882 2274 980 2300 vero
1004 2260 1134 2300 etiam
1148 2259 1244 2314 jam
1264 2260 1418 2301 erroris
1435 2275 1570 2325 gausa

129 2314 298 2356 sublata
319 2323 398 2356 est.
460 2315 601 2372 Culpa
626 2316 741 2357 enim
772 2316 857 2367 illa,
880 2316 941 2357 bis
960 2315 1017 2357 ad
1035 2315 1215 2367 eundem,
1238 2316 1403 2374 vulgari
1427 2327 1569 2374 repre-

129 2371 262 2413 hensa
283 2372 513 2428 proverbio
535 2382 614 2414 est.
676 2373 768 2424 Sin,
791 2382 838 2413 ut
867 2373 1073 2429 scripsisti
1110 2373 1162 2414 ad
1192 2372 1418 2429 collegam,
1443 2375 1503 2415 ita
1525 2389 1569 2416 se

128 2442 193 2471 res
230 2428 378 2480 habet,
411 2430 528 2470 omni
565 2444 668 2471 cura
702 2429 871 2471 liberati
915 2445 1084 2472 sumus:
1117 2445 1197 2472 nec
1234 2441 1377 2472 tamen
1409 2431 1567 2472 erimus

129 2486 262 2542 prius,
282 2498 411 2542 quam
433 2487 496 2529 ita
515 2501 620 2539 esse,
643 2497 689 2528 tu
710 2501 790 2528 nos
811 2487 962 2529 feceris
985 2485 1204 2529 certiOres.
1251 2487 1354 2528 Mea
1376 2488 1565 2543 quidem,

167 2649 210 2680 68
234 2647 369 2689 Semper
389 2649 551 2690 equidem]
577 2651 638 2680 int.
654 2649 731 2681 vidi.
747 2658 823 2680 mox
862 2649 1014 2689 potuisti]
1033 2650 1085 2680 Sic
1100 2659 1176 2680 cum
1196 2649 1325 2680 Graevio
1347 2654 1420 2690 post
1442 2650 1565 2683 Manu-

128 2696 187 2730 pro
201 2694 278 2721 sunt
291 2691 672 2732 scribendumfiaerunt:
695 2701 772 2723 nam
788 2695 823 2722 et
864 2692 951 2722 tium
964 2692 1059 2722 edere
1083 2701 1150 2722 non
1173 2690 1331 2722 dubitavi.
1380 2692 1501 2732 Vulgo:
1525 2705 1563 2725 ω.

128 2732 273 2771 sequitur
293 2738 400 2765 erant.
418 2744 468 2765 res
489 2734 729 2766 dubitationem
753 2743 822 2764 nou
863 2737 903 2764 ut
924 2743 1088 2770 errarem,
1110 2734 1147 2764 z'd
1167 2733 1296 2764 Plance
1319 2735 1457 2773 voluisti,
1478 2737 1566 2776 quod.

127 2778 237 2814 potest
251 2773 370 2806 habere
385 2787 393 2807 ε
418 2777 526 2816 itaque
542 2776 742 2807 sienni-rexi.
867 2775 998 2807 nullum
1014 2785 1144 2806 sensum
1162 2775 1271 2806 hahet.
1320 2814 1323 2815 ⁷

171 2815 212 2849 69
237 2815 371 2855 Verum,
397 2824 434 2849 ut
458 2827 584 2855 errare,
610 2818 656 2849 ‘mi
685 2816 824 2855 Plance,
