1865 3223
276 118 353 152 818
587 117 768 157 EPIST.
810 118 998 158 LIBER
1030 121 1429 162 DUODEc-IMUS

215 220 264 262 19
791 223 1192 263 ARGUMENTUM.

279 280 498 318 Gratulatur
511 283 554 319 de
565 286 755 331 provincia
773 287 896 334 Syria,
912 288 1102 338 Cornificio
1119 302 1143 325 α
1159 290 1296 325 Caesare
1315 289 1462 325 tributa.
1518 288 1559 324 Si
1578 287 1710 324 bellum

319 333 615 422 ἕὲνζιιινεὴὶιηιιη,
634 341 676 372 ut
694 337 819 375 Bibuli
844 341 1004 387 exemplo
1033 352 1070 376 se
1097 342 1265 377 moenIbus
1292 342 1469 383 includat,
1496 352 1564 389 per
1581 338 1708 386 jocum

581 454 647 495 M.
669 454 720 496 T.
746 455 797 496 c.
831 431 1206 499 CORNIFICIO
1237 458 1282 499 s.
1309 458 1364 499 D.

269 505 725 562 LIBENTISSIME
750 522 832 578 legi
857 532 950 563 tuas
974 523 1161 565 litteras:
1197 524 1238 565 in
1262 527 1416 579 quibus
1437 523 1704 580 jucundissi-

267 589 382 617 mum
405 577 508 617 mihi
533 577 628 629 fuit,
648 579 762 633 quod
786 580 970 635 cognovi
994 594 1108 620 meas
1133 581 1209 621 tibi
1236 582 1419 622 redditas
1441 596 1545 623 esse.
1599 580 1700 622 Non

264 634 378 673 enim
405 633 671 686 dubitabam,
695 637 797 690 quin
827 651 896 677 eas
919 636 1113 677 lubenter
1136 637 1320 678 lecturus
1350 653 1474 680 esseS.
1509 639 1698 687 verebar,

265 698 310 729 ut
333 690 621 732 redderentur.
683 693 865 744 Bellum,
885 693 999 748 quod
1018 703 1082 733 est
1106 694 1146 734 in
1168 694 1305 749 Syria,
1324 694 1577 749 Syriamque
1601 709 1698 751 pro-

264 746 449 788 vinciam
481 748 559 789 tibi
595 749 800 790 tributam
834 764 925 790 esse
962 766 987 790 a
1023 749 1208 801 Caesare,
1242 765 1294 791 ex
1328 751 1411 791 tuis
1444 751 1595 792 litteris
1622 766 1695 793 co-

261 804 409 858 gnovi.
469 804 508 834 ⁶8
527 804 717 846 Eandem
752 820 838 847 rem
872 807 947 848 tibi
975 807 1070 848 volo
1095 807 1203 848 bene
1229 817 1272 848 et
1302 806 1483 848 feliciter
1509 808 1694 850 evenire.

262 860 389 906 Quod
415 861 474 901 ita
497 861 586 902 fore
616 862 802 914 confido,
825 862 957 904 fretus
987 873 1029 904 et
1062 864 1271 905 industria
1291 873 1335 904 et
1356 863 1584 920 prudentia
1605 871 1693 906 tua.

260 916 342 958 Sed
365 917 417 958 de
442 917 633 959 Parthici
660 919 756 960 belli
776 920 1020 976 suspicione
1042 921 1156 975 quod
1181 921 1347 972 scribis,
1371 935 1471 962 sane
1487 934 1555 962 me
1576 935 1694 962 com-

101 981 129 1010 Ρ-
155 975 194 1007 ¹9
215 973 243 1003 6.
258 974 408 1015 movit.
471 975 694 1022 Quantum
726 977 947 1033 copiarum
981 977 1174 1029 haberes,
1196 992 1294 1019 cum
1319 977 1412 1034 ipse
1442 978 1694 1033 conjectura

235 1032 459 1087 'consequi
496 1042 702 1087 poteram,
738 1045 828 1075 tum
865 1049 919 1075 ex
959 1035 1041 1075 tuis
1083 1033 1235 1076 litteris
1276 1035 1480 1090 cognovi.
1518 1048 1521 1050 ·
1541 1034 1694 1089 Itaque

255 1098 375 1143 opto,
399 1104 450 1130 ne
472 1104 515 1130 se
539 1090 608 1131 illa
629 1104 733 1146 gens
756 1100 927 1132 moveat
950 1091 1032 1133 hoc
1061 1100 1269 1148 tempore,
1291 1091 1392 1133 dum
1416 1092 1470 1133 ad
1495 1101 1535 1133 te
1558 1091 1691 1148 legio-

254 1158 327 1186 nes
349 1160 411 1187 eae
437 1147 737 1201 perducantur,
759 1163 863 1204 quas
883 1149 1010 1190 audio
1032 1149 1147 1190 duci.
1210 1149 1376 1196 Quodsi
1401 1163 1522 1205 pares
1543 1149 1690 1204 copias

253 1202 306 1242 ad
339 1204 663 1260 confligendum
698 1220 783 1246 non
822 1204 1015 1257 habebis,
1042 1220 1128 1247 non
1163 1215 1205 1246 te
1238 1205 1377 1261 fugiet
1409 1206 1471 1246 uti
1505 1204 1687 1257 consilio

254 1257 321 1300 M.
353 1260 514 1311 Bibuli,
546 1261 617 1316 qui
657 1276 700 1302 se
737 1262 952 1318 690ppid0
991 1262 1280 1304 munitissimo
1306 1272 1351 1304 et
1387 1261 1687 1318 copiosissimo

253 1317 415 1358 tamdiu
445 1319 596 1369 tenuit,
625 1319 829 1373 quamdiu
859 1321 900 1360 in
930 1320 1153 1375 provincia
1180 1318 1330 1360 Parthi
1355 1318 1542 1361 fuerunt.
1603 1318 1703 1369 Sed*

251 1371 346 1415 haec
371 1375 518 1416 melius
540 1389 593 1416 ex
622 1390 663 1416 re
692 1387 735 1415 et
762 1391 816 1417 ex
843 1386 1035 1432 tempore
1057 1378 1308 1418 constitues.
1369 1375 1485 1417 Mihi
1511 1376 1703 1432 quidem3

250 1443 325 1485 usq
335 1446 385 1471 ue
406 1447 519 1473 curae
542 1433 637 1483 erit,
656 1432 758 1486 quid
782 1447 898 1488 agas,
917 1434 1035 1484 dum,
1053 1433 1158 1488 quid
1179 1435 1333 1489 egeris,
1351 1434 1501 1475 sciero.
1549 1433 1688 1485 Litte-

249 1500 314 1528 ras
337 1488 390 1528 ad
414 1498 454 1529 te
479 1503 711 1544 numquam
736 1489 866 1530 habui
891 1490 960 1531 cui
984 1491 1144 1542 darem,
1166 1490 1271 1545 quin
1301 1490 1505 1531 dederim.
1564 1489 1685 1543 Ate,

247 1553 296 1583 ut
324 1545 436 1586 idem
469 1546 614 1596 facias,
639 1556 766 1601 peto:
799 1547 841 1587 in
876 1547 1125 1603 primisque,
1147 1556 1196 1588 ut
1223 1547 1286 1588 ita
1305 1547 1358 1588 ad
1381 1556 1479 1588 tuos
1508 1547 1685 1599 scribas,

245 1611 294 1642 ut
315 1617 384 1643 me
407 1611 527 1644 tuum
551 1615 689 1644 selant
709 1617 814 1645 esse.
1663 1632 1678 1635 -v

180 1688 236 1725 20
763 1690 1167 1729 ARGUMENTUM.

242 1751 411 1797 Jocatur,
432 1757 527 1803 quod
545 1757 771 1793 ‚Sinuessanae
787 1756 884 1792 villae
902 1756 1058 1803 hospitio
1076 1756 1132 1791 uti
1150 1754 1317 1791 noluerat
1330 1770 1344 1790 .·
1371 1759 1405 1790 et
1423 1755 1563 1792 crebras
1583 1755 1682 1805 litteq‘
1699 1753 1703 1756 ⁴

876 1819 935 1843 ras
951 1808 1079 1855 poscit.

637 1874 740 1916 CIC
752 1874 872 1916 ERO
905 1872 1295 1915 CORNIFICIO.

242 1929 482 1984 GRATAE
514 1942 620 1983 mim
652 1952 736 1983 tuae
763 1942 933 1991 litterae,
953 1941 1034 1983 nisi
1063 1941 1178 1997 quod
1215 1944 1256 1974 το
1275 1940 1583 1984 Sinuessanum
1612 1942 1678 1983 di-

242 2000 520 2041 versoriolum
542 1999 824 2041 contemsisti.
886 1999 1029 2046 Quam
1052 1998 1225 2053 quidem
1248 1996 1555 2039 contumeliam
1578 1999 1678 2042 villa

239 2056 393 2110 pusilla
420 2057 568 2112 iniquo
596 2057 741 2098 animo
768 2056 890 2108 feret,
916 2055 998 2096 nisi
1030 2056 1073 2097 in
1098 2055 1296 2097 Cumano
1326 2064 1370 2095 et
1407 2053 1674 2111 Pompeiano

236 2114 470 2156 reddideris
491 2121 605 2158 πάντα
621 2122 695 2172 περὶ
713 2119 858 2156 πάντων.
910 2113 982 2154 Sic
1004 2113 1137 2168 igitur
1156 2111 1302 2162 facies,
1321 2125 1474 2166 meque
1492 2113 1672 2165 amabis,

235 2178 279 2211 et
311 2172 473 2228 scripto
503 2173 646 2229 aliquo
684 2172 876 2213 lacesses.
940 2169 1035 2225 Ego
1066 2170 1181 2211 enim
1212 2168 1468 2224 respondere
1504 2168 1675 2211 facilius

235 2240 425 2282 possum,
455 2244 583 2284 quam
619 2242 866 2286 provocare.
928 2227 1113 2277 Quodsi,
1146 2236 1193 2268 ut
1215 2240 1274 2276 es,
1307 2225 1509 2277 cessabis,
1540 2226 1679 2281 laces-7

238 2298 325 2325 sam
346 2302 356 2327 τ
387 2289 422 2320 71
447 2300 524 2328 nec
547 2296 620 2327 tua
642 2286 815 2342 ignavia
841 2284 971 2326 etiam
994 2284 1192 2327 inertiam
1215 2281 1377 2324 afferet.
1439 2281 1570 2326 Plura
1588 2284 1672 2327 oti-

233 2356 347 2385 osus.
409 2342 536 2395 Haec,
557 2358 655 2385 cum
677 2358 812 2384 essem
835 2343 878 2382 in
901 2353 1066 2393 senatu,
1083 2340 1274 2383 exaravi.

166 2435 216 2473 21
749 2431 1152 2470 ARGUMENTUM.

318 2499 489 2534 Anicium
503 2501 716 2538 senatorem,
735 2494 879 2544 (jusque
896 2497 1043 2543 negotia
1059 2500 1094 2531 et
1112 2495 1329 2542 dignitatem
1345 2493 1581 2531 commendat.

273 2644 313 2674 68
336 2642 491 2674 Eandem
504 2639 587 2680 rem]
614 2641 681 2672 Cur
693 2639 852 2670 eandem?
875 2648 924 2669 sa·
1010 2642 1050 2671 ῒΟ
1075 2639 1310 2669 Sinuessanum
1326 2637 1585 2678 diversoriolum]
1609 2636 1665 2669 In-

230 2685 272 2716 tis
294 2690 365 2716 erat
389 2694 472 2715 eam.
517 2685 569 2714 An
594 2682 658 2713 fuit
681 2682 773 2713 Eam
796 2681 925 2721 quidem
967 2680 1090 2720 telligit
1104 2680 1219 2710 villam
1236 2689 1329 2710 suam
1343 2680 1383 2710 ad
1399 2681 1598 2712 Sinuessam.

227 2728 330 2758 rem?
1008 2725 1044 2756 71
1073 2732 1130 2752 nec
1152 2727 1212 2752 tna
1228 2723 1250 2752 i.
1272 2732 1301 2752 e.
1316 2722 1338 2752 i.
1359 2721 1492 2762 afferet]
1519 2722 1572 2752 Sic
1590 2722 1665 2754 edd.

269 2771 310 2804 69
332 2779 402 2809 opp.
424 2766 646 2808 copiosissimo]
676 2766 809 2796 Referto
832 2765 926 2796 xebus
970 2774 1018 2804 pr.
1033 2769 1070 2793 ut
1086 2765 1150 2794 Gu.
1171 2766 1197 2793 l.
1215 2765 1245 2796 2.
1270 2773 1336 2794 non
1350 2762 1584 2805 qfferaejquod
1598 2774 1682 2808 sei·-v

226 2812 390 2847 omnibus,
406 2811 522 2850 quibus
534 2809 576 2840 aii
592 2809 742 2840 homines
755 2807 880 2850 possint
892 2813 926 2839 et
970 2807 1056 2836 vax-it
1068 2807 1227 2843 Graevius,
1240 2811 1273 2838 et
1288 2816 1346 2848 pro
1360 2816 1418 2838 nec
1426 2806 1515 2838 dedit
1528 2816 1580 2839 ne.
1596 2806 1668 2846 Μέῤ

226 2854 388 2885 exercitus
403 2852 597 2884 sustentari.
970 2858 1062 2879 meus
1078 2846 1227 2889 qfferret.
1280 2871 1283 2873 .
