1817 3196
423 64 503 102 AD
528 62 914 103 TORQUATUM
939 62 1015 99 ΕΤ
1041 61 1322 100 CETEROS.
1510 65 1582 104 131

153 168 327 225 quidem
359 166 567 223 quotidie
584 165 794 206 faciliores
815 164 921 206 mihi
944 172 988 205 et
1009 164 1204 205 meliores
1229 164 1444 207 videntur:
1477 168 1584 210 mul-

153 228 293 282 tisque
328 225 451 266 video
483 237 652 277 magnae
691 235 782 262 esse
815 236 954 273 ουτως
985 235 1165 276 quorum
1193 220 1246 261 de
1279 221 1434 272 studio,
1457 233 1500 263 et
1531 226 1583 266 de

151 297 227 323 sua
257 295 330 337 spe
361 280 494 321 filium
529 279 579 319 ad
617 287 658 319 te
692 278 1000 334 perscripsisse,
1023 287 1140 318 certo
1163 277 1268 318 scio.
1329 276 1412 318 His
1437 288 1579 322 autem

147 339 201 379 de
235 339 374 389 rebus,
410 350 513 390 quas
544 335 794 389 conjectura
832 335 1035 389 consequi
1075 348 1314 390 possumus„
1348 349 1434 375 non
1473 336 1577 378 mihi

147 409 285 445 sumo,
307 403 354 434 ut
378 393 467 448 plus
491 392 580 447 ipse
600 392 873 447 prospiciam,
897 406 1025 447 quam
1049 400 1089 432 te
1110 391 1250 431 videre
1273 400 1401 446 atque
1423 392 1579 433 intelli-

146 465 246 506 gere
280 450 382 491 mihi
419 449 722 504 persuaserim:
757 448 825 489 sed
851 458 1008 498 tamen,
1030 448 1132 503 quia
1158 447 1246 488 fieri
1274 457 1428 503 potest,
1460 459 1507 489 ut
1531 460 1576 490 tu

143 521 194 548 ea
215 505 524 564 perturbatiore
546 506 689 546 animo
722 505 902 561 cogites,
934 515 1039 561 puto
1061 518 1151 544 csse
1176 519 1331 555 meum,
1354 505 1454 560 quid
1479 520 1573 547 sen-

144 564 261 613 tiam,
282 576 512 618 exponere.
576 561 636 602 Ea
660 571 809 602 natura
829 576 968 602 rerum
991 571 1069 612 est,
1091 571 1133 601 et
1156 561 1188 601 is
1214 571 1452 617 temporum
1475 578 1570 603 cur-

141 635 224 670 sus,
249 628 294 660 ut
316 633 400 659 non
425 619 559 674 possit
582 620 663 659 ista
683 627 757 659 aut
781 619 874 668 tibi,
896 627 970 658 aut
991 618 1157 667 ceteris,
1180 617 1353 658 fortuna
1370 633 1461 659 esse
1473 619 1568 660 diu-

139 684 286 727 turna3
319 689 455 730 neque
488 675 648 716 haerere
683 676 725 715 in
758 684 842 715 tam
871 675 982 715 bona
1016 689 1157 724 causa,
1190 683 1233 714 et
1266 675 1308 715 in
1333 685 1418 716 tam
1443 676 1566 718 bonis

110 764 118 771 .
135 732 300 773 civibus
337 741 423 772 tam
454 733 607 772 acerba
630 732 800 786 injuria.
863 732 1008 778 Quare
1033 734 1068 765 ¹9
1082 731 1133 772 ad
1165 746 1258 772 eam
1281 747 1414 788 spem,
1437 748 1564 788 quam
1579 739 1611 771 b.

132 798 257 830 extra
278 789 468 829 ordinem
488 789 545 829 'de
569 798 609 829 te
630 790 724 844 ipso
748 788 968 839 habemus,
1000 793 1104 841 (non
1140 788 1276 829 solum
1301 799 1474 845 propter
1502 792 1567 832 di-

133 846 343 901 gnitatem
365 854 409 886 et
434 847 632 886 virtutem
658 856 799 886 tuam:
834 845 926 886 haec
948 846 1062 885 enim
1086 855 1338 886 ornamenta
1364 856 1463 887 sunt
1487 849 1566 889 tibi

132 903 262 943 etiam
289 917 385 943 cum
417 902 510 942 aliis
543 903 809 944 communia:
843 902 1053 943 accedunt
1077 912 1150 942 tua
1174 903 1436 958 praecipua:)
1468 919 1566 960 pro-

133 967 228 1014 pter
258 959 465 1000 eximium
494 959 715 1015 ingenium
740 973 1036 1014 summamque
1057 959 1325 1000 doctrinam:
1357 961 1442 1012 cui,
1477 976 1566 1003 me-

132 1015 337 1067 hercules,
374 1015 458 1067 hie,
492 1018 615 1072 cujus
650 1017 694 1057 in
726 1025 938 1072 potestate
980 1030 1140 1066 sumus,
1179 1016 1361 1057 inultum
1398 1018 1564 1060 tribuit.

129 1071 282 1128 Itaque
305 1087 356 1114 ne
379 1081 588 1128 punctum
611 1073 783 1128 quidem
811 1074 1016 1128 temporis
1040 1073 1082 1113 in
1106 1073 1187 1113 ista
1206 1073 1379 1114 fortuna
1398 1074 1562 1127 fuisses,

125 1130 208 1170 nisi
229 1144 280 1170 eo
305 1130 397 1185 ipso
423 1131 535 1171 bono
558 1139 648 1182 tuo,
670 1144 756 1184 quo
778 1130 1029 1179 delectatur,
1060 1143 1104 1169 se
1126 1129 1332 1170 violatum
1356 1140 1562 1186 putasset.

125 1186 240 1241 quod
276 1187 415 1242 ipsum
449 1186 605 1227 lenitur
626 1186 847 1241 quotidie:
881 1185 1236 1241 significaturque
1269 1188 1394 1227 nobis
1416 1189 1470 1228 ab
1495 1189 1561 1241 iis,

123 1243 197 1298 qui
221 1243 466 1283 simul-cum
496 1257 547 1283 eo
579 1243 746 1293 vivunt,
769 1242 847 1283 tibi
873 1241 984 1282 hanc
1006 1242 1143 1297 ipsam
1167 1243 1417 1297 opinionem
1441 1245 1562 1301 inge-

121 1300 182 1340 nii
206 1299 317 1355 apud
341 1299 481 1354 ipsum
504 1299 734 1354 plurimum
755 1298 1038 1354 profuturam.
1074 1298 1351 1354 Quapropter
1374 1301 1560 1355 primum

120 1355 189 1397 fac
211 1356 355 1397 animo
378 1355 477 1397 forti
504 1365 632 1410 atque
661 1369 821 1411 magno
852 1355 922 1395 sis.
956 1355 1016 1395 ita
1047 1356 1161 1395 enim
1195 1366 1333 1407 natus,
1357 1357 1419 1398 ita
1454 1359 1560 1399 edu-

119 1422 229 1465 ctus,
252 1413 312 1453 ita
333 1412 485 1453 doctus
508 1427 567 1463 es,
602 1412 662 1453 ita
682 1413 811 1453 etiam
835 1413 1052 1468 cognituS,
1077 1420 1123 1452 ut
1146 1412 1225 1453 tibi
1247 1413 1288 1454 id
1310 1414 1557 1457 faciendum

119 1470 198 1511 sit:
230 1469 384 1512 deinde
410 1483 528 1524 spem
562 1483 734 1523 quoque
767 1469 924 1509 habeas
955 1469 1243 1509 firmissimam
1278 1481 1455 1526 propter
1487 1487 1559 1513 eas

117 1541 282 1577 causas,
304 1541 408 1581 quas
431 1526 595 1581 scripsi.
655 1525 694 1565 A
729 1539 797 1566 me
829 1540 929 1566 vero
954 1526 1032 1566 tibi
1055 1526 1201 1566 onmia
1222 1526 1452 1582 liberisque
1475 1530 1558 1571 tuis

116 1582 386 1638 paratissima
412 1597 517 1633 esse,
549 1582 740 1623 confidas
763 1582 903 1623 velim.
966 1582 1016 1623 Id
1048 1582 1161 1622 enim
1194 1592 1237 1623 et
1261 1593 1449 1626 vetustas
1480 1600 1559 1627 no-

115 1640 190 1680 stri
224 1639 395 1690 amoris,
418 1649 460 1679 et
489 1653 585 1680 mea
605 1639 872 1681 consuetudo
896 1639 938 1682 in
972 1653 1104 1690 meOS,
1137 1649 1180 1679 et
1204 1649 1277 1680 tua
1297 1640 1434 1682 multa
1453 1656 1556 1700 erga

114 1710 183 1737 me
204 1696 349 1737 officia
373 1695 606 1752 postulant.

319 1769 321 1772 ’
627 1772 1032 1824 ARGUMENTUM.
1564 1805 1592 1847 6

113 1849 327 1886 Consolatur
342 1851 566 1886 divinatione
582 1851 742 1886 melioris
758 1848 925 1899 fortunae
956 1854 1077 1886 sumta
1109 1861 1152 1885 ex
1181 1853 1327 1899 ingenio
1348 1851 1499 1888 Caesaris
1515 1853 1553 1889 et

158 1907 294 1938 natura
311 1914 432 1938 rerum
449 1915 493 1938 ac
511 1907 735 1950 temporum:
761 1904 954 1951 proposita
959 1902 1204 1950 fortitudinis
1231 1905 1340 1939 laude
1359 1909 1395 1939 et
1414 1906 1551 1941 consci-

159 1956 265 1990 entiae
281 1959 376 1990 recte
384 1954 575 2002 factorum
589 1971 601 1990 .·
622 1955 747 2002 quibus
765 1956 871 1991 addit
891 1956 1087 1990 communis
1105 1955 1332 1991 calamitatis
1346 1960 1382 1991 et
1397 1957 1552 1993 turbato:

158 2008 248 2054 reip.
268 2011 530 2054 argumentum.

375 2085 390 2091 ·
437 2072 504 2114 Μ,
526 2071 577 2114 Τ.
605 2072 657 2114 C.
690 2072 743 2114 A.
769 2072 1054 2124 CAECINAE,
1087 2073 1131 2114 S.
1156 2073 1214 2114 D.

105 2126 389 2192 VEREOR‚
412 2156 464 2182 ne
485 2142 697 2182 desideres
720 2142 912 2183 officinm
932 2157 1102 2195 meum3
1134 2142 1247 2198 quod
1269 2141 1349 2183 tibi
1373 2141 1451 2198 pr'o
1469 2157 1547 2184 no-

104 2207 191 2240 stra
210 2207 254 2239 et
271 2198 523 2240 meritorum
544 2197 792 2250 multorum,
814 2209 858 2240 et
876 2200 1133 2250 studiorum,
1156 2209 1199 2240 et
1221 2200 1408 2256 partium
1440 2214 1545 2241 con-

146 2324 183 2357 19
206 2322 253 2352 ad
275 2331 349 2351 eam
371 2331 459 2361 spem
482 2321 555 2361 δια]
581 2320 663 2352 Haee
691 2322 797 2362 perio·
840 2321 984 2353 multum
1007 2321 1175 2353 tribuebat
1205 2322 1327 2353 Caesar.
1359 2332 1426 2353 non
1449 2323 1542 2354 dubi-

99 2363 159 2394 dus
180 2369 230 2394 est
245 2364 446 2404 interpolata
469 2368 503 2393 et
527 2364 645 2394 vitiosa
669 2368 703 2393 et
725 2373 796 2394 ma-
838 2364 906 2395 tavi
929 2363 961 2394 id
975 2365 1075 2395 etiam
1098 2365 1168 2395 sine
1184 2363 1275 2395 libris
1290 2365 1446 2405 recipere,
1463 2375 1539 2396 curn

98 2404 130 2436 le
145 2405 329 2436 cohaerens:
354 2415 413 2437 nec
434 2406 602 2445 explanari
625 2415 683 2446 per
697 2406 795 2436 libros
837 2411 872 2437 et
894 2407 972 2438 alibi
995 2407 1165 2446 ingenium
1183 2410 1218 2436 et
1233 2406 1537 2446 doctrinajungan-

98 2451 217 2487 potest.
262 2446 317 2478 De
335 2452 366 2478 te
388 2450 454 2488 ipso
477 2449 650 2479 habemus.-
677 2457 795 2487 nempe
836 2453 924 2480 tura
939 2449 1107 2480 Cicerone.
1131 2448 1172 2479 In
1186 2449 1268 2479 serie
1283 2450 1440 2479 orationis
1456 2449 1538 2479 diffi-

97 2498 169 2529 spes
192 2500 260 2520 esse
286 2494 416 2530 poterat
442 2490 562 2530 partim
595 2490 629 2520 in
656 2490 792 2521 Caesaris
836 2490 941 2521 cultas
955 2498 1017 2522 est.
1060 2490 1147 2521 Nam
1163 2491 1210 2521 ad
1221 2500 1294 2521 eam
1309 2500 1395 2530 spem
1406 2491 1534 2521 nullum

97 2530 257 2568 bonitate,
285 2532 407 2570 partim
431 2533 469 2563 in
493 2532 656 2571 dignitate
679 2533 792 2571 ipsius.

97 2573 159 2604 Sed
181 2575 247 2613 ipso
262 2573 343 2604 mihi
359 2578 547 2614 suspectum
572 2579 640 2604 est:
664 2574 700 2605 in
726 2575 793 2605 fine

96 2615 197 2646 etiam
211 2625 436 2656 summamque
447 2617 602 2647 virtulem
613 2629 622 2645 .·
639 2626 716 2647 nam
729 2617 792 2646 vir-

94 2661 147 2687 tus
163 2660 320 2698 anteJam
336 2656 519 2689 memorata
533 2663 584 2689 est
595 2659 629 2688 in
642 2669 790 2689 eommu-

96 2699 190 2729 nibus
205 2700 346 2731 Caeeinae
362 2701 465 2731 bonis.
509 2701 585 2731 Sine
608 2700 708 2732 dubio
735 2700 790 2731 Ci-

96 2749 170 2778 cero
184 2742 313 2782 scripsit
326 2743 508 2773 doctrinam
519 2754 528 2772 .-
551 2752 625 2781 quae
637 2742 792 2773 convenit

97 2780 175 2812 bene
191 2783 339 2822 ingenio:
363 2789 397 2815 et
410 2789 481 2815 erat
494 2785 531 2816 in
541 2785 684 2824 Coecina,
697 2785 790 2824 eique

835 2533 971 2563 verbum
1000 2532 1112 2564 habet.
1141 2533 1265 2563 etenim
1291 2533 1449 2563 accedunt
1476 2537 1537 2563 tua

829 2576 999 2615 praecz'pua
1014 2573 1212 2614 respondent
1225 2574 1294 2604 his:
1310 2583 1373 2605 non
1382 2576 1486 2604 solum
1495 2584 1533 2614 p.

834 2616 866 2646 d.
882 2617 1065 2656 diciturque
1079 2626 1138 2656 pro
1153 2617 1211 2647 sed
1225 2615 1336 2646 etiassm.
1382 2616 1443 2646 Sed
1460 2616 1534 2646 reii-

834 2668 899 2697 qua
913 2659 1020 2690 oratio
1035 2668 1103 2689 non
1123 2660 1204 2688 sinit
1227 2658 1395 2697 suspicari,
1412 2657 1535 2697 aliquid

833 2700 999 2731 excidisse.
1045 2699 1160 2740 Itaque
1184 2701 1218 2730 in
1244 2699 1308 2730 illis
1335 2700 1380 2740 Q.
1404 2701 1534 2732 adeam

832 2750 933 2782 spem,
948 2752 1049 2784 quam
1065 2742 1182 2773 Vitium
1197 2751 1264 2772 esse
1280 2741 1432 2773 arbitror.

763 2831 843 2870 ΚΞ
