1865 3223
403 101 480 138 AD
508 97 809 138 CONSULES
837 97 910 135 ET
936 97 1215 136 CETEROS.
1447 100 1522 136 393

97 203 395 260 magnitudine
426 213 470 245 et
504 195 632 245 animi
662 211 705 242 et
739 201 922 250 consilii,
942 199 1107 256 legatos
1140 201 1191 242 ad
1224 216 1290 242 me
1317 200 1448 251 misit,
1481 214 1526 242 se

97 276 195 302 cum
218 261 417 302 omnibus
439 262 524 302 suis
546 259 681 314 copiis
705 259 745 299 in
766 273 860 299 mea
881 268 1019 298 castra
1040 270 1130 297 esse
1154 269 1394 299 venturum.
1438 257 1525 298 Cu·
1538 276 1569 306 b.

91 317 166 371 jus
202 332 283 373 ego
323 318 464 359 studio
505 316 734 371 officioque
775 324 1031 365 commotus,
1066 314 1136 369 egi
1174 313 1214 353 ei
1254 329 1325 369 per
1366 314 1527 354 litteras

100 375 283 429 gratias:
317 375 444 429 idque
468 383 511 414 ut
535 381 780 422 maturaret,
804 371 997 412 hortatus
1020 385 1127 411 sum.
1176 368 1287 412 Cum
1311 380 1452 412 autem
1476 371 1530 412 ad

103 429 308 485 Cybistra
343 441 514 486 propter
546 431 751 470 rationem
786 428 882 469 belli
916 430 1106 483 quinque
1134 427 1224 468 dies
1262 441 1396 467 essem
1439 443 1531 469 mo·

101 497 242 529 ratus:
286 501 425 543 regem
461 486 812 535 Ariobarzanem,
850 484 973 539 cujus
1015 484 1193 526 salutem
1232 498 1254 523 a
1294 493 1457 534 senatu,
1491 495 1533 525 te

101 555 290 594 auctore,
322 544 664 584 commendatam
698 544 924 591 habebam,
952 541 1233 597 praesentibus
1265 540 1429 581 insidiis
1455 555 1533 581 nec

103 601 351 655 opinantem
383 600 584 642 liberavi:
618 615 755 655 neque
786 599 918 639 solum
951 600 989 640 ei
1023 598 1146 639 saluti
1175 597 1265 649 fui3
1297 597 1369 638 sed
1403 598 1534 639 etiam

104 659 264 707 curavi,
298 667 345 697 ut
386 672 483 699 cum
521 658 777 698 auctoritate
820 666 1030 712 regnaret.
1094 655 1296 705 Metram,
1339 665 1381 695 et
1421 669 1534 706 eum,

104 728 231 768 quem
277 724 319 754 tu
353 714 582 769 diligenter
621 714 724 754 mihi
768 714 1104 762 commendatas,
1144 711 1419 762 Athen-(eum,
1458 713 1538 753 im-

104 771 370 826 portunitate
392 771 647 812 Athenaidis
680 771 832 811 exsilio
868 770 1084 820 multatos,
1109 769 1296 810 maxima
1325 769 1436 825 apud
1475 783 1537 809 re-

106 841 205 882 gem
247 829 503 868 auctoritate
546 829 767 882 gratiaque
810 827 1031 868 constitui.
1094 825 1291 881 Cumque
1333 840 1537 882 magnum

106 883 262 924 bellum
301 885 342 924 in
378 884 656 940 Cappadocia
693 885 995 934 concitaretur,
1024 882 1056 922 si
1092 886 1286 924 sacerdos
1320 885 1448 924 armis
1481 897 1540 934 se,

106 941 221 995 quod
256 940 445 981 facturus
486 942 730 997 putabatur,
765 940 1026 989 defenderet,
1060 939 1306 981 adolescens
1339 950 1382 981 et
1420 941 1542 995 equi-

108 1007 198 1038 tatu
226 1006 269 1037 et
298 998 488 1052 peditatu
520 1008 563 1038 et
596 998 776 1053 pecunia
807 1007 992 1053 paratus,
1019 1000 1110 1037 ¹9et
1142 1007 1233 1037 toto
1267 998 1330 1047 iis,
1361 998 1434 1052 qui
1465 1012 1544 1038 no-

110 1054 198 1094 vari
232 1053 392 1109 aliquid
418 1055 646 1096 volebant:
682 1055 855 1110 perfeci,
880 1066 926 1095 ut
961 1069 983 1094 e
1012 1069 1144 1110 regno
1178 1054 1246 1094 ille
1279 1054 1543 1105 discederet3

109 1124 270 1165 rexque
305 1112 394 1152 sine
426 1111 626 1162 tumultu,
649 1127 697 1152 ac
728 1112 818 1152 sine
850 1111 992 1161 armis,
1015 1112 1131 1151 omni
1156 1111 1412 1152 auctoritate
1435 1111 1544 1152 aulae

109 1169 389 1218 communita,
413 1183 593 1224 regnum
615 1183 711 1209 cum
734 1168 947 1224 dignitate
982 1168 1211 1208 obtineret.
1274 1167 1444 1209 Interea
1472 1184 1546 1210 co-

112 1225 244 1280 gnovi
279 1227 509 1266 multorum
543 1226 695 1266 litteris
728 1235 856 1279 atque
884 1225 1060 1274 nuntiis,
1084 1239 1261 1280 magnas
1287 1225 1546 1267 Parthorum

112 1281 259 1336 copias
281 1292 323 1322 et
349 1282 552 1332 Arabum,
575 1282 627 1322 ad
654 1282 862 1336 oppidum
886 1281 1164 1322 Antiochiam
1193 1282 1435 1333 accessisse,
1458 1298 1547 1324 rna-

113 1352 331 1393 gnumque
355 1353 502 1379 eorum
535 1339 789 1392 equitatum,
812 1339 884 1392 qui
922 1338 963 1378 in
992 1337 1190 1378 Ciliciam
1226 1340 1458 1388 transisset,
1493 1341 1548 1381 ab

113 1395 306 1448 equitum
339 1410 526 1436 meorum
562 1395 726 1445 turmis,
748 1404 790 1435 et
824 1410 847 1435 a
876 1394 1054 1435 cohorte
1091 1397 1304 1450 praetoria,
1328 1411 1425 1451 quae
1458 1408 1550 1439 erat

115 1450 381 1506 Epiphaneae
407 1453 592 1507 praesidii
615 1467 757 1502 causa,
779 1452 1004 1492 occidione
1026 1453 1232 1494 occisum.
1284 1454 1430 1500 Quare
1450 1469 1549 1496 cum

115 1508 318 1558 viderem,
361 1523 384 1549 a
424 1508 702 1564 Cappadocia
751 1508 1010 1549 Parthorum
1052 1510 1198 1564 copias
1241 1526 1422 1563 aversas,
1464 1527 1552 1553 non

118 1564 247 1620 longe
268 1580 292 1605 a
314 1565 471 1606 finibus
488 1579 577 1606 esse
596 1565 783 1607 Ciliciae:
807 1580 934 1620 quam
959 1566 1080 1621 potui
1106 1567 1304 1608 maximis
1328 1570 1553 1611 itineribus

117 1621 170 1662 ad
194 1620 409 1662 Amanum
432 1623 670 1663 exercitum
693 1621 814 1663 duxi.
867 1623 968 1668 Quo
993 1631 1039 1663 ut
1063 1624 1173 1674 veni,
1198 1624 1362 1666 hostem
1387 1627 1440 1667 ab
1463 1627 1556 1668 An-

120 1678 282 1719 tiochia
303 1680 537 1728 recessisse,
563 1679 766 1720 Bibulum
791 1679 1039 1720 Antiochiae
1061 1694 1151 1720 esse
1173 1684 1358 1737 cognovi
1377 1700 1385 1724 :
1423 1683 1555 1726 Deio-

121 1746 344 1790 tarumque
373 1735 726 1790 confestim,jam
755 1737 808 1777 ad
840 1751 906 1776 me
932 1736 1172 1778 venientem
1203 1753 1301 1779 cum
1332 1754 1490 1796 magno
1512 1751 1557 1782 et

121 1791 245 1832 firmo
279 1793 471 1847 equitatu
506 1803 549 1832 et
588 1794 794 1848 peditatu,
827 1804 870 1833 et
906 1807 1005 1833 cum
1038 1795 1240 1835 omnibus
1279 1796 1364 1836 suis
1402 1798 1684 1854 copiis,p.245.

119 1848 344 1890 certiorem
369 1849 466 1899 feci,
486 1864 570 1889 non
593 1850 723 1890 videri
747 1864 838 1891 esse
860 1864 1047 1899 causam,
1067 1865 1142 1891 cur
1163 1853 1332 1893 abesset
1353 1868 1378 1894 a
1398 1868 1532 1910 regno
1546 1873 1555 1898 ε
1569 1856 1599 1876 ³·

123 1919 276 1960 meque
298 1906 350 1946 ad
372 1921 485 1957 eum,
508 1907 541 1946 si
563 1907 665 1961 quid
690 1908 790 1948 novi
818 1906 928 1947 forte
959 1907 1199 1959 accidisset,
1223 1910 1368 1950 statim
1396 1910 1560 1953 litteras

123 1962 381 2018 nuntiosque
403 1963 630 2004 missurum
652 1978 756 2004 esse.
804 1963 1002 2018 Cumque
1023 1978 1074 2004 eo
1096 1965 1240 2006 animo
1266 1968 1491 2020 venissem,
1513 1980 1561 2010 ut

126 2021 295 2074 utrique
327 2020 574 2074 provinciae,
597 2020 629 2060 si
662 2021 722 2061 ita
755 2031 924 2076 tempus
961 2019 1104 2070 ferret,
1137 2023 1434 2066 subvenirem:
1468 2036 1560 2067 tum

126 2075 185 2127 id,
206 2076 321 2131 quod
350 2076 441 2131 jam
472 2086 570 2116 ante
600 2086 845 2127 statueram,
871 2077 1144 2118 vehementer
1167 2079 1369 2121 interesse
1405 2083 1562 2123 utrius·

125 2147 209 2187 que
239 2134 488 2189 provincias,
525 2149 675 2188 pacare
697 2133 929 2183 Amanum,
955 2145 998 2175 et
1028 2145 1282 2189 perpetuum
1306 2137 1472 2179 hostem
1506 2154 1561 2181 ex

127 2203 178 2230 eo
214 2199 361 2231 monte
397 2190 556 2240 tollere,
596 2205 721 2245 agere
761 2191 942 2246 perrexi.
1005 2190 1202 2246 Cumque
1241 2208 1309 2234 me
1345 2194 1562 2238 discedere

128 2247 185 2287 ab
222 2261 274 2287 eo
311 2255 458 2287 monte
494 2247 772 2297 simulassem,
806 2258 849 2288 et
884 2247 987 2288 alias
1026 2259 1166 2303 partes
1202 2249 1368 2293 Ciliciae
1405 2263 1562 2308 petere,

129 2304 408 2358 abessemque
429 2304 483 2344 ab
505 2303 674 2344 Amano
699 2304 778 2344 iter
801 2305 924 2345 unius
947 2305 1047 2354 diei,
1069 2315 1112 2346 et
1140 2317 1280 2348 castra
1312 2311 1425 2365 apud
1461 2309 1566 2366 Epi-

132 2361 335 2417 phaniam
360 2359 554 2401 fecissem
578 2377 586 2401 :
620 2375 657 2401 a.
680 2361 721 2402 d.
744 2372 942 2416 quartum
979 2361 1077 2403 [dus
1113 2362 1340 2414 Octobres,
1363 2381 1461 2407 cum
1488 2367 1566 2408 ad-

133 2427 460 2473 vesperasceret,
482 2417 686 2472 expedito
708 2418 899 2459 exercitu
929 2419 988 2458 ita
1018 2429 1148 2460 noctu
1172 2421 1252 2461 iter
1274 2422 1371 2472 feci,
1396 2434 1440 2463 ut
1462 2438 1500 2465 a.
1523 2425 1566 2466 d.

135 2475 310 2516 tertium
342 2473 444 2515 Idus
473 2473 700 2525 Octobres,
723 2490 818 2515 cum
850 2475 1086 2527 lucisceret,
1111 2476 1152 2518 in
1174 2476 1391 2520 Amanum
1420 2495 1567 2524 ascen-

134 2634 170 2663 in
191 2635 318 2662 textum
341 2631 483 2670 recipere
506 2640 611 2670 posse,
632 2641 695 2670 quo
717 2631 830 2661 Victo·
873 2633 960 2669 nino,
976 2643 1014 2663 ex
1032 2634 1124 2671 cnjus
1140 2634 1331 2673 compendio
1350 2635 1433 2666 illud
1455 2640 1572 2670 natum

137 2674 204 2704 rius
225 2675 396 2712 proesentz':
418 2679 452 2703 et
474 2682 616 2713 presens
639 2675 831 2711 magnitudo
873 2675 926 2704 sit.
950 2675 1020 2705 haec
1042 2675 1140 2704 lectio
1163 2682 1212 2705 est
1235 2677 1268 2705 in
1291 2676 1340 2707 ed.
1365 2677 1462 2709 Rom.
1487 2680 1572 2710 Geb-

138 2715 233 2746 nihili
248 2720 310 2745 est.
878 2717 996 2746 hardus
1022 2722 1055 2746 et
1078 2717 1112 2746 in
1140 2717 1201 2746 Ms.
1226 2719 1300 2748 vat.
1323 2728 1390 2749 esse
1417 2724 1572 2754 testatur.

185 2759 221 2792 19
237 2761 268 2787 et
282 2761 344 2787 coco
358 2756 410 2792 iis,
424 2757 480 2796 qui
497 2757 570 2796 &e.]
591 2758 664 2788 Hoc
681 2759 835 2789 vitiosum
877 2759 939 2789 Sed
967 2760 1168 2788 constructio
1193 2769 1258 2789 non
1282 2766 1425 2799 constat,
1449 2772 1508 2793 nec
1534 2765 1576 2793 iis

137 2807 252 2829 omnes
271 2797 446 2838 judicant3
469 2801 632 2838 quomodo
654 2801 834 2839 corrigant,
877 2800 989 2836 habet,
1020 2799 1104 2830 unde
1134 2801 1295 2840 pendeat:
1332 2808 1517 2843 possetque,
1546 2806 1574 2836 si

137 2850 206 2872 non
221 2840 399 2881 reperiunt.
441 2841 606 2873 Victorius
621 2843 755 2882 corrigit
769 2852 835 2873 om·
879 2842 948 2873 haec
963 2845 1141 2881 constaret,
1158 2843 1327 2876 commode
1341 2849 1426 2877 mus
1439 2845 1514 2886 legi.
