<?xml version="1.0" encoding="UTF-8"?>
<!DOCTYPE html PUBLIC "-//W3C//DTD XHTML 1.0 Transitional//EN"
    "http://www.w3.org/TR/xhtml1/DTD/xhtml1-transitional.dtd">
<html xmlns="http://www.w3.org/1999/xhtml" xml:lang="en" lang="en">
 <head>
  <title>
</title>
<meta http-equiv="Content-Type" content="text/html;charset=utf-8" />
  <meta name='ocr-system' content='tesseract 3.04.00' />
  <meta name='ocr-capabilities' content='ocr_page ocr_carea ocr_par ocr_line ocrx_word'/>
</head>
<body>
  <div class='ocr_page' id='page_1' title='image "./p1operaomnia03ciceuoft_0344.png"; bbox 0 0 1865 3223; ppageno 0'>
   <div class='ocr_carea' id='block_1_1' title="bbox 176 297 266 345">
    <p class='ocr_par' dir='ltr' id='par_1_1' title="bbox 176 297 266 345">
     <span class='ocr_line' id='line_1_1' title="bbox 176 297 266 345; baseline 0 -12"><span class='ocrx_word' id='word_1_1' title='bbox 176 297 266 345; x_wconf 74' lang='lat'>&#39;4</span> 
     </span>
    </p>
   </div>
   <div class='ocr_carea' id='block_1_2' title="bbox 275 77 1474 129">
    <p class='ocr_par' dir='ltr' id='par_1_2' title="bbox 275 77 1474 129">
     <span class='ocr_line' id='line_1_2' title="bbox 275 77 1474 129; baseline 0.002 -13"><span class='ocrx_word' id='word_1_2' title='bbox 275 81 355 116; x_wconf 85' lang='lat'>330</span> <span class='ocrx_word' id='word_1_3' title='bbox 520 77 701 117; x_wconf 86' lang='lat' dir='ltr'><strong>EPIST.</strong></span> <span class='ocrx_word' id='word_1_4' title='bbox 727 78 914 118; x_wconf 86' lang='lat' dir='ltr'>LIBER</span> <span class='ocrx_word' id='word_1_5' title='bbox 937 78 1474 129; x_wconf 75' lang='lat' dir='ltr'>TERTlusDECIMUS</span> 
     </span>
    </p>
   </div>
   <div class='ocr_carea' id='block_1_3' title="bbox 274 182 1705 296">
    <p class='ocr_par' dir='ltr' id='par_1_3' title="bbox 274 182 1705 296">
     <span class='ocr_line' id='line_1_3' title="bbox 274 182 1705 239; baseline 0.001 -16"><span class='ocrx_word' id='word_1_6' title='bbox 274 182 391 237; x_wconf 89' lang='lat' dir='ltr'>quod</span> <span class='ocrx_word' id='word_1_7' title='bbox 412 182 718 237; x_wconf 82' lang='lat' dir='ltr'>gratissimum.</span> <span class='ocrx_word' id='word_1_8' title='bbox 751 183 902 239; x_wconf 87' lang='lat' dir='ltr'>Ipsum</span> <span class='ocrx_word' id='word_1_9' title='bbox 927 191 1132 238; x_wconf 85' lang='lat' dir='ltr'>praeterea</span> <span class='ocrx_word' id='word_1_10' title='bbox 1153 197 1320 223; x_wconf 88' lang='lat' dir='ltr'>summo</span> <span class='ocrx_word' id='word_1_11' title='bbox 1341 182 1503 232; x_wconf 88' lang='lat' dir='ltr'>officio,</span> <span class='ocrx_word' id='word_1_12' title='bbox 1524 190 1569 224; x_wconf 81' lang='lat' dir='ltr'>et</span> <span class='ocrx_word' id='word_1_13' title='bbox 1589 197 1705 225; x_wconf 83' lang='lat' dir='ltr'>sum·</span> 
     </span>
     <span class='ocr_line' id='line_1_4' title="bbox 275 239 1541 296; baseline -0.001 -15"><span class='ocrx_word' id='word_1_14' title='bbox 275 253 347 280; x_wconf 87' lang='lat' dir='ltr'>ma</span> <span class='ocrx_word' id='word_1_15' title='bbox 366 240 638 281; x_wconf 69' lang='lat' dir='ltr'>observantia</span> <span class='ocrx_word' id='word_1_16' title='bbox 661 240 739 281; x_wconf 92' lang='lat' dir='ltr'>tibi</span> <span class='ocrx_word' id='word_1_17' title='bbox 761 241 805 281; x_wconf 89' lang='lat' dir='ltr'>in</span> <span class='ocrx_word' id='word_1_18' title='bbox 831 249 1083 296; x_wconf 87' lang='lat' dir='ltr'>perpetuum</span> <span class='ocrx_word' id='word_1_19' title='bbox 1103 239 1363 280; x_wconf 77' lang='lat' dir='ltr'><strong>devinxeris.</strong></span> <span class='ocrx_word' id='word_1_20' title='bbox 1421 239 1541 280; x_wconf 84' lang='lat' dir='ltr'>Vale.</span> 
     </span>
    </p>
   </div>
   <div class='ocr_carea' id='block_1_4' title="bbox 279 310 1704 411">
    <p class='ocr_par' dir='ltr' id='par_1_4' title="bbox 279 310 1704 411">
     <span class='ocr_line' id='line_1_5' title="bbox 793 310 1194 349; baseline 0.005 -3"><span class='ocrx_word' id='word_1_21' title='bbox 793 310 1194 349; x_wconf 87' lang='lat' dir='ltr'><strong>ARGUMENTUM.</strong></span> 
     </span>
     <span class='ocr_line' id='line_1_6' title="bbox 279 363 1704 411; baseline 0.001 -12"><span class='ocrx_word' id='word_1_22' title='bbox 279 363 367 399; x_wconf 80' lang='lat' dir='ltr'>Cum</span> <span class='ocrx_word' id='word_1_23' title='bbox 387 364 515 403; x_wconf 74' lang='lat' dir='ltr'>Caesar,</span> <span class='ocrx_word' id='word_1_24' title='bbox 535 364 650 399; x_wconf 80' lang='lat' dir='ltr'>victor</span> <span class='ocrx_word' id='word_1_25' title='bbox 668 363 828 397; x_wconf 75' lang='lat' dir='ltr'>civilium</span> <span class='ocrx_word' id='word_1_26' title='bbox 845 363 1028 402; x_wconf 87' lang='lat' dir='ltr'>bellorum,</span> <span class='ocrx_word' id='word_1_27' title='bbox 1057 376 1185 411; x_wconf 80' lang='lat' dir='ltr'>agrum</span> <span class='ocrx_word' id='word_1_28' title='bbox 1208 364 1382 400; x_wconf 74' lang='lat' dir='ltr'><em>militibus</em></span> <span class='ocrx_word' id='word_1_29' title='bbox 1406 366 1584 401; x_wconf 79' lang='lat' dir='ltr'>divisurus</span> <span class='ocrx_word' id='word_1_30' title='bbox 1602 368 1704 407; x_wconf 79' lang='lat' dir='ltr'>esset,</span> 
     </span>
    </p>
   </div>
   <div class='ocr_carea' id='block_1_5' title="bbox 326 413 1706 511">
    <p class='ocr_par' dir='ltr' id='par_1_5' title="bbox 326 413 1706 511">
     <span class='ocr_line' id='line_1_7' title="bbox 326 413 1706 462; baseline 0.001 -11"><span class='ocrx_word' id='word_1_31' title='bbox 326 417 430 462; x_wconf 65' lang='lat' dir='ltr'>eique</span> <span class='ocrx_word' id='word_1_32' title='bbox 447 417 590 461; x_wconf 73' lang='lat' dir='ltr'>negotio</span> <span class='ocrx_word' id='word_1_33' title='bbox 607 413 823 462; x_wconf 79' lang='lat' dir='ltr'>praefecz&#39;sset</span> <span class='ocrx_word' id='word_1_34' title='bbox 852 414 894 454; x_wconf 89' lang='lat' dir='ltr'>Q.</span> <span class='ocrx_word' id='word_1_35' title='bbox 919 415 1098 450; x_wconf 82' lang='lat' dir='ltr'>Valerium</span> <span class='ocrx_word' id='word_1_36' title='bbox 1114 429 1125 455; x_wconf 88' lang='lat'><em>;</em></span> <span class='ocrx_word' id='word_1_37' title='bbox 1157 415 1239 452; x_wconf 83' lang='lat' dir='ltr'>huic</span> <span class='ocrx_word' id='word_1_38' title='bbox 1259 416 1513 452; x_wconf 80' lang='lat' dir='ltr'><em>Volaterranos</em></span> <span class='ocrx_word' id='word_1_39' title='bbox 1532 428 1706 452; x_wconf 82' lang='lat' dir='ltr'>commen-</span> 
     </span>
     <span class='ocr_line' id='line_1_8' title="bbox 327 465 1161 511; baseline -0.002 -7"><span class='ocrx_word' id='word_1_40' title='bbox 327 469 404 510; x_wconf 82' lang='lat' dir='ltr'>dat,</span> <span class='ocrx_word' id='word_1_41' title='bbox 422 480 467 503; x_wconf 83' lang='lat' dir='ltr'>ne</span> <span class='ocrx_word' id='word_1_42' title='bbox 485 467 631 503; x_wconf 73' lang='lat' dir='ltr'>illorum</span> <span class='ocrx_word' id='word_1_43' title='bbox 649 476 736 511; x_wconf 85' lang='lat' dir='ltr'>ager</span> <span class='ocrx_word' id='word_1_44' title='bbox 754 466 922 501; x_wconf 68' lang='lat' dir='ltr'>divisioni</span> <span class='ocrx_word' id='word_1_45' title='bbox 938 465 1161 511; x_wconf 80' lang='lat' dir='ltr'>subjiciatur.</span> 
     </span>
    </p>
   </div>
   <div class='ocr_carea' id='block_1_6' title="bbox 401 526 1570 626">
    <p class='ocr_par' dir='ltr' id='par_1_6' title="bbox 401 526 1570 625">
     <span class='ocr_line' id='line_1_9' title="bbox 401 526 1570 582; baseline 0.002 -13"><span class='ocrx_word' id='word_1_46' title='bbox 401 528 468 569; x_wconf 88' lang='lat' dir='ltr'>M.</span> <span class='ocrx_word' id='word_1_47' title='bbox 491 528 542 568; x_wconf 90' lang='lat' dir='ltr'>T.</span> <span class='ocrx_word' id='word_1_48' title='bbox 566 527 618 568; x_wconf 89' lang='lat' dir='ltr'>C.</span> <span class='ocrx_word' id='word_1_49' title='bbox 651 528 709 574; x_wconf 81' lang='lat' dir='ltr'><strong>Q.</strong></span> <span class='ocrx_word' id='word_1_50' title='bbox 733 526 1022 575; x_wconf 81' lang='lat' dir='ltr'>VALERIO,</span> <span class='ocrx_word' id='word_1_51' title='bbox 1054 528 1111 573; x_wconf 85' lang='lat' dir='ltr'><strong>Q.</strong></span> <span class='ocrx_word' id='word_1_52' title='bbox 1136 528 1184 568; x_wconf 89' lang='lat' dir='ltr'>F.</span> <span class='ocrx_word' id='word_1_53' title='bbox 1209 528 1410 582; x_wconf 85' lang='lat' dir='ltr'><strong>ORCAE,</strong></span> <span class='ocrx_word' id='word_1_54' title='bbox 1435 529 1570 571; x_wconf 90' lang='lat' dir='ltr'><strong>LEG.</strong></span> 
     </span>
     <span class='ocr_line' id='line_1_10' title="bbox 747 582 1234 626; baseline 0.002 -2"><span class='ocrx_word' id='word_1_55' title='bbox 747 582 1072 624; x_wconf 69' lang='lat' dir='ltr'>PROPRAE&#39;R</span> <span class='ocrx_word' id='word_1_56' title='bbox 1106 584 1149 625; x_wconf 88' lang='lat' dir='ltr'>S.</span> <span class='ocrx_word' id='word_1_57' title='bbox 1176 584 1234 626; x_wconf 94' lang='lat' dir='ltr'>D.</span> 
     </span>
    </p>
   </div>
   <div class='ocr_carea' id='block_1_7' title="bbox 273 640 1710 1728">
    <p class='ocr_par' dir='ltr' id='par_1_7' title="bbox 273 640 1710 1728">
     <span class='ocr_line' id='line_1_11' title="bbox 284 640 1706 707; baseline 0 -15"><span class='ocrx_word' id='word_1_58' title='bbox 284 640 429 692; x_wconf 86' lang='lat' dir='ltr'>CUM</span> <span class='ocrx_word' id='word_1_59' title='bbox 465 651 754 707; x_wconf 84' lang='lat' dir='ltr'>municipibus</span> <span class='ocrx_word' id='word_1_60' title='bbox 788 650 1076 691; x_wconf 82' lang='lat' dir='ltr'>Volaterranis</span> <span class='ocrx_word' id='word_1_61' title='bbox 1115 651 1219 691; x_wconf 89' lang='lat' dir='ltr'>mihi</span> <span class='ocrx_word' id='word_1_62' title='bbox 1251 666 1417 693; x_wconf 83' lang='lat' dir='ltr'>summa</span> <span class='ocrx_word' id='word_1_63' title='bbox 1437 651 1706 694; x_wconf 80' lang='lat' dir='ltr'>necessitudo</span> 
     </span>
     <span class='ocr_line' id='line_1_12' title="bbox 276 707 1704 763; baseline 0.001 -15"><span class='ocrx_word' id='word_1_64' title='bbox 276 719 355 748; x_wconf 85' lang='lat' dir='ltr'>est.</span> <span class='ocrx_word' id='word_1_65' title='bbox 377 722 535 763; x_wconf 81' lang='lat' dir='ltr'>magno</span> <span class='ocrx_word' id='word_1_66' title='bbox 557 722 670 749; x_wconf 81' lang='lat' dir='ltr'>enim</span> <span class='ocrx_word' id='word_1_67' title='bbox 695 721 789 748; x_wconf 88' lang='lat' dir='ltr'>meo</span> <span class='ocrx_word' id='word_1_68' title='bbox 818 707 1027 748; x_wconf 84' lang='lat' dir='ltr'>beneficio</span> <span class='ocrx_word' id='word_1_69' title='bbox 1051 707 1210 758; x_wconf 85' lang='lat' dir='ltr'>affecti,</span> <span class='ocrx_word' id='word_1_70' title='bbox 1242 708 1576 750; x_wconf 78' lang='lat' dir='ltr'>cumulatissime</span> <span class='ocrx_word' id='word_1_71' title='bbox 1597 709 1704 750; x_wconf 85' lang='lat' dir='ltr'>mihi</span> 
     </span>
     <span class='ocr_line' id='line_1_13' title="bbox 277 742 1705 820; baseline 0.001 -15.001"><span class='ocrx_word' id='word_1_72' title='bbox 277 742 475 820; x_wconf 58' lang='lat' dir='ltr'>gratian?</span> <span class='ocrx_word' id='word_1_73' title='bbox 485 764 732 805; x_wconf 86' lang='lat' dir='ltr'>retulerunt.</span> <span class='ocrx_word' id='word_1_74' title='bbox 755 767 773 797; x_wconf 84' lang='lat'><strong>7</strong></span> <span class='ocrx_word' id='word_1_75' title='bbox 790 778 885 804; x_wconf 54' lang='lat' dir='ltr'>num</span> <span class='ocrx_word' id='word_1_76' title='bbox 916 778 994 804; x_wconf 88' lang='lat' dir='ltr'>nec</span> <span class='ocrx_word' id='word_1_77' title='bbox 1028 764 1071 804; x_wconf 87' lang='lat' dir='ltr'>in</span> <span class='ocrx_word' id='word_1_78' title='bbox 1102 764 1337 805; x_wconf 80' lang='lat' dir='ltr'>hono1ibus</span> <span class='ocrx_word' id='word_1_79' title='bbox 1362 766 1466 805; x_wconf 86' lang='lat' dir='ltr'>meis</span> <span class='ocrx_word' id='word_1_80' title='bbox 1488 766 1705 806; x_wconf 86' lang='lat' dir='ltr'>laboribus</span> 
     </span>
     <span class='ocr_line' id='line_1_14' title="bbox 276 820 1709 875; baseline 0.001 -15"><span class='ocrx_word' id='word_1_81' title='bbox 276 835 480 875; x_wconf 83' lang='lat' dir='ltr'>umquam</span> <span class='ocrx_word' id='word_1_82' title='bbox 503 821 744 862; x_wconf 86' lang='lat' dir='ltr'>defuerunt.</span> <span class='ocrx_word' id='word_1_83' title='bbox 805 820 918 861; x_wconf 86' lang='lat' dir='ltr'>Cum</span> <span class='ocrx_word' id='word_1_84' title='bbox 940 820 1095 874; x_wconf 86' lang='lat' dir='ltr'>quibus</span> <span class='ocrx_word' id='word_1_85' title='bbox 1118 822 1151 861; x_wconf 88' lang='lat' dir='ltr'>si</span> <span class='ocrx_word' id='word_1_86' title='bbox 1176 821 1279 862; x_wconf 90' lang='lat' dir='ltr'>mihi</span> <span class='ocrx_word' id='word_1_87' title='bbox 1298 822 1413 862; x_wconf 81' lang='lat' dir='ltr'>nulla</span> <span class='ocrx_word' id='word_1_88' title='bbox 1429 837 1556 863; x_wconf 85' lang='lat' dir='ltr'>causa</span> <span class='ocrx_word' id='word_1_89' title='bbox 1577 823 1709 863; x_wconf 87' lang='lat' dir='ltr'>inter-</span> 
     </span>
     <span class='ocr_line' id='line_1_15' title="bbox 277 877 1706 934; baseline 0.001 -16"><span class='ocrx_word' id='word_1_90' title='bbox 277 878 460 928; x_wconf 86' lang='lat' dir='ltr'>cederet,</span> <span class='ocrx_word' id='word_1_91' title='bbox 484 887 641 928; x_wconf 80' lang='lat' dir='ltr'>tamen,</span> <span class='ocrx_word' id='word_1_92' title='bbox 664 878 778 933; x_wconf 91' lang='lat' dir='ltr'>quod</span> <span class='ocrx_word' id='word_1_93' title='bbox 802 887 844 918; x_wconf 89' lang='lat' dir='ltr'>te</span> <span class='ocrx_word' id='word_1_94' title='bbox 860 877 1233 918; x_wconf 85' lang='lat' dir='ltr'>vehementissime</span> <span class='ocrx_word' id='word_1_95' title='bbox 1254 878 1403 934; x_wconf 84' lang='lat' dir='ltr'>diligo,</span> <span class='ocrx_word' id='word_1_96' title='bbox 1423 879 1622 933; x_wconf 90' lang='lat' dir='ltr'>quodque</span> <span class='ocrx_word' id='word_1_97' title='bbox 1638 893 1706 919; x_wconf 90' lang='lat' dir='ltr'>me</span> 
     </span>
     <span class='ocr_line' id='line_1_16' title="bbox 276 934 1706 990; baseline 0.001 -17.018"><span class='ocrx_word' id='word_1_98' title='bbox 276 949 302 973; x_wconf 81' lang='grc'>-1</span> <span class='ocrx_word' id='word_1_99' title='bbox 324 943 364 974; x_wconf 89' lang='lat' dir='ltr'>te</span> <span class='ocrx_word' id='word_1_100' title='bbox 387 934 557 990; x_wconf 83' lang='lat' dir='ltr'>plurimi</span> <span class='ocrx_word' id='word_1_101' title='bbox 582 935 671 975; x_wconf 82' lang='lat' dir='ltr'>fieri</span> <span class='ocrx_word' id='word_1_102' title='bbox 696 934 849 985; x_wconf 88' lang='lat' dir='ltr'>sentio,</span> <span class='ocrx_word' id='word_1_103' title='bbox 871 944 914 975; x_wconf 81' lang='lat' dir='ltr'>et</span> <span class='ocrx_word' id='word_1_104' title='bbox 933 949 1147 975; x_wconf 87' lang='lat' dir='ltr'>monerem</span> <span class='ocrx_word' id='word_1_105' title='bbox 1172 945 1228 986; x_wconf 87' lang='lat' dir='ltr'>te,</span> <span class='ocrx_word' id='word_1_106' title='bbox 1250 945 1293 975; x_wconf 87' lang='lat' dir='ltr'>et</span> <span class='ocrx_word' id='word_1_107' title='bbox 1316 935 1521 986; x_wconf 70' lang='lat' dir='ltr'>hortarer,</span> <span class='ocrx_word' id='word_1_108' title='bbox 1555 944 1603 975; x_wconf 93' lang='lat' dir='ltr'>ut</span> <span class='ocrx_word' id='word_1_109' title='bbox 1634 949 1706 975; x_wconf 91' lang='lat' dir='ltr'>eo-</span> 
     </span>
     <span class='ocr_line' id='line_1_17' title="bbox 276 991 1707 1048; baseline 0.003 -19"><span class='ocrx_word' id='word_1_110' title='bbox 276 1005 371 1030; x_wconf 86' lang='lat' dir='ltr'>rum</span> <span class='ocrx_word' id='word_1_111' title='bbox 402 991 584 1032; x_wconf 69' lang='lat' dir='ltr'>fortunis</span> <span class='ocrx_word' id='word_1_112' title='bbox 607 991 863 1042; x_wconf 79' lang='lat' dir='ltr'>consuleres,</span> <span class='ocrx_word' id='word_1_113' title='bbox 896 991 1131 1046; x_wconf 84' lang='lat' dir='ltr'>praesertim</span> <span class='ocrx_word' id='word_1_114' title='bbox 1156 1007 1253 1033; x_wconf 87' lang='lat' dir='ltr'>cum</span> <span class='ocrx_word' id='word_1_115' title='bbox 1288 1006 1421 1048; x_wconf 90' lang='lat' dir='ltr'>prope</span> <span class='ocrx_word' id='word_1_116' title='bbox 1443 992 1707 1048; x_wconf 71' lang='lat' dir='ltr'>praecipuam</span> 
     </span>
     <span class='ocr_line' id='line_1_18' title="bbox 277 1048 1707 1104; baseline 0.001 -17"><span class='ocrx_word' id='word_1_117' title='bbox 277 1062 445 1088; x_wconf 84' lang='lat' dir='ltr'>causam</span> <span class='ocrx_word' id='word_1_118' title='bbox 468 1048 673 1089; x_wconf 83' lang='lat' dir='ltr'>habereut</span> <span class='ocrx_word' id='word_1_119' title='bbox 695 1048 782 1089; x_wconf 82' lang='lat' dir='ltr'>ad</span> <span class='ocrx_word' id='word_1_120' title='bbox 764 1063 838 1102; x_wconf 78' lang='lat' dir='ltr'>Jus</span> <span class='ocrx_word' id='word_1_121' title='bbox 859 1048 1172 1090; x_wconf 86' lang='lat' dir='ltr'>obtinendum:</span> <span class='ocrx_word' id='word_1_122' title='bbox 1196 1049 1378 1104; x_wconf 88' lang='lat' dir='ltr'>primum</span> <span class='ocrx_word' id='word_1_123' title='bbox 1402 1049 1516 1104; x_wconf 90' lang='lat' dir='ltr'>quod</span> <span class='ocrx_word' id='word_1_124' title='bbox 1544 1048 1707 1089; x_wconf 85' lang='lat' dir='ltr'>Sullani</span> 
     </span>
     <span class='ocr_line' id='line_1_19' title="bbox 276 1105 1708 1160; baseline 0.001 -16"><span class='ocrx_word' id='word_1_125' title='bbox 276 1105 482 1159; x_wconf 86' lang='lat' dir='ltr'>temporis</span> <span class='ocrx_word' id='word_1_126' title='bbox 525 1106 818 1156; x_wconf 83' lang='lat' dir='ltr'>acerbit1tem,</span> <span class='ocrx_word' id='word_1_127' title='bbox 862 1105 1038 1145; x_wconf 88' lang='lat' dir='ltr'>deorum</span> <span class='ocrx_word' id='word_1_128' title='bbox 1090 1105 1395 1146; x_wconf 76' lang='lat' dir='ltr'>immortalium</span> <span class='ocrx_word' id='word_1_129' title='bbox 1440 1105 1708 1160; x_wconf 86' lang='lat' dir='ltr'>benignitate</span> 
     </span>
     <span class='ocr_line' id='line_1_20' title="bbox 276 1161 1709 1218; baseline 0.001 -17"><span class='ocrx_word' id='word_1_130' title='bbox 276 1161 653 1217; x_wconf 83' lang='lat' dir='ltr'>subterfugerunt:</span> <span class='ocrx_word' id='word_1_131' title='bbox 676 1162 844 1212; x_wconf 86' lang='lat' dir='ltr'>deinde,</span> <span class='ocrx_word' id='word_1_132' title='bbox 865 1162 979 1216; x_wconf 89' lang='lat' dir='ltr'>quod</span> <span class='ocrx_word' id='word_1_133' title='bbox 1003 1176 1170 1202; x_wconf 86' lang='lat' dir='ltr'>summo</span> <span class='ocrx_word' id='word_1_134' title='bbox 1191 1163 1331 1203; x_wconf 88' lang='lat' dir='ltr'>studio</span> <span class='ocrx_word' id='word_1_135' title='bbox 1349 1162 1496 1218; x_wconf 90' lang='lat' dir='ltr'>populi</span> <span class='ocrx_word' id='word_1_136' title='bbox 1522 1162 1709 1203; x_wconf 84' lang='lat' dir='ltr'>Romani</span> 
     </span>
     <span class='ocr_line' id='line_1_21' title="bbox 276 1218 1710 1274; baseline -0.001 -15"><span class='ocrx_word' id='word_1_137' title='bbox 276 1233 386 1259; x_wconf 80' lang='lat' dir='ltr'>ame</span> <span class='ocrx_word' id='word_1_138' title='bbox 405 1219 447 1259; x_wconf 86' lang='lat' dir='ltr'>in</span> <span class='ocrx_word' id='word_1_139' title='bbox 471 1220 694 1260; x_wconf 83' lang='lat' dir='ltr'>consulatu</span> <span class='ocrx_word' id='word_1_140' title='bbox 718 1233 812 1259; x_wconf 88' lang='lat' dir='ltr'>meo</span> <span class='ocrx_word' id='word_1_141' title='bbox 834 1218 997 1260; x_wconf 84' lang='lat' dir='ltr'>defensi</span> <span class='ocrx_word' id='word_1_142' title='bbox 1016 1227 1130 1259; x_wconf 85' lang='lat' dir='ltr'>sunt.</span> <span class='ocrx_word' id='word_1_143' title='bbox 1182 1219 1292 1260; x_wconf 87' lang='lat' dir='ltr'>Cum</span> <span class='ocrx_word' id='word_1_144' title='bbox 1318 1219 1476 1260; x_wconf 88' lang='lat' dir='ltr'>tribuni</span> <span class='ocrx_word' id='word_1_145' title='bbox 1497 1219 1632 1274; x_wconf 89' lang='lat' dir='ltr'>plebis</span> <span class='ocrx_word' id='word_1_146' title='bbox 1649 1218 1710 1258; x_wconf 89' lang='lat' dir='ltr'>le-</span> 
     </span>
     <span class='ocr_line' id='line_1_22' title="bbox 275 1274 1708 1340; baseline 0 -25"><span class='ocrx_word' id='word_1_147' title='bbox 275 1289 375 1330; x_wconf 79' lang='lat' dir='ltr'>gem</span> <span class='ocrx_word' id='word_1_148' title='bbox 399 1276 709 1340; x_wconf 82' lang='lat' dir='ltr'>iniquissimam</span> <span class='ocrx_word' id='word_1_149' title='bbox 737 1276 790 1316; x_wconf 86' lang='lat' dir='ltr'>de</span> <span class='ocrx_word' id='word_1_150' title='bbox 819 1289 965 1316; x_wconf 87' lang='lat' dir='ltr'>eorum</span> <span class='ocrx_word' id='word_1_151' title='bbox 994 1275 1106 1330; x_wconf 82' lang='lat' dir='ltr'>agris</span> <span class='ocrx_word' id='word_1_152' title='bbox 1136 1276 1550 1331; x_wconf 84' lang='lat' dir='ltr'>promulgavissent:</span> <span class='ocrx_word' id='word_1_153' title='bbox 1583 1274 1708 1316; x_wconf 77' lang='lat' dir='ltr'>facile</span> 
     </span>
     <span class='ocr_line' id='line_1_23' title="bbox 277 1332 1708 1396; baseline 0.001 -25"><span class='ocrx_word' id='word_1_154' title='bbox 277 1333 443 1373; x_wconf 84' lang='lat' dir='ltr'>senatui</span> <span class='ocrx_word' id='word_1_155' title='bbox 477 1333 722 1396; x_wconf 85' lang='lat' dir='ltr'>populoque</span> <span class='ocrx_word' id='word_1_156' title='bbox 759 1332 955 1373; x_wconf 80' lang='lat' dir='ltr'>Romano</span> <span class='ocrx_word' id='word_1_157' title='bbox 990 1333 1193 1387; x_wconf 83' lang='lat' dir='ltr'>persuasi,</span> <span class='ocrx_word' id='word_1_158' title='bbox 1227 1342 1274 1374; x_wconf 84' lang='lat' dir='ltr'>ut</span> <span class='ocrx_word' id='word_1_159' title='bbox 1305 1347 1378 1373; x_wconf 87' lang='lat' dir='ltr'>eos</span> <span class='ocrx_word' id='word_1_160' title='bbox 1400 1333 1531 1383; x_wconf 76' lang='lat' dir='ltr'>cives,</span> <span class='ocrx_word' id='word_1_161' title='bbox 1552 1332 1708 1395; x_wconf 87' lang='lat' dir='ltr'>quibus</span> 
     </span>
     <span class='ocr_line' id='line_1_24' title="bbox 275 1387 1709 1445; baseline 0 -17"><span class='ocrx_word' id='word_1_162' title='bbox 275 1387 449 1430; x_wconf 56' lang='lat' dir='ltr'>fortuna</span> <span class='ocrx_word' id='word_1_163' title='bbox 483 1390 756 1445; x_wconf 85' lang='lat' dir='ltr'>pepercisset,</span> <span class='ocrx_word' id='word_1_164' title='bbox 797 1389 934 1429; x_wconf 83' lang='lat' dir='ltr'>salvos</span> <span class='ocrx_word' id='word_1_165' title='bbox 972 1403 1062 1428; x_wconf 83' lang='lat' dir='ltr'>csse</span> <span class='ocrx_word' id='word_1_166' title='bbox 1099 1389 1268 1431; x_wconf 85' lang='lat' dir='ltr'>vellent.</span> <span class='ocrx_word' id='word_1_167' title='bbox 1329 1389 1457 1431; x_wconf 84' lang='lat' dir='ltr'>Hanc</span> <span class='ocrx_word' id='word_1_168' title='bbox 1493 1390 1709 1430; x_wconf 86' lang='lat' dir='ltr'>actionem</span> 
     </span>
     <span class='ocr_line' id='line_1_25' title="bbox 274 1445 1709 1512; baseline 0 -26"><span class='ocrx_word' id='word_1_169' title='bbox 274 1459 413 1486; x_wconf 82' lang='lat' dir='ltr'>meam</span> <span class='ocrx_word' id='word_1_170' title='bbox 433 1445 484 1486; x_wconf 94' lang='lat' dir='ltr'>C.</span> <span class='ocrx_word' id='word_1_171' title='bbox 509 1446 656 1487; x_wconf 85' lang='lat' dir='ltr'>Caesar</span> <span class='ocrx_word' id='word_1_172' title='bbox 679 1449 696 1476; x_wconf 74' lang='grc'>8</span> <span class='ocrx_word' id='word_1_173' title='bbox 713 1446 850 1512; x_wconf 88' lang='lat' dir='ltr'>primo</span> <span class='ocrx_word' id='word_1_174' title='bbox 875 1460 950 1485; x_wconf 88' lang='lat' dir='ltr'>suo</span> <span class='ocrx_word' id='word_1_175' title='bbox 974 1445 1230 1486; x_wconf 85' lang='lat' dir='ltr'>consulatu</span> <span class='ocrx_word' id='word_1_176' title='bbox 1221 1461 1262 1485; x_wconf 82' lang='lat' dir='ltr'>in</span> <span class='ocrx_word' id='word_1_177' title='bbox 1282 1445 1374 1501; x_wconf 83' lang='lat' dir='ltr'>lege</span> <span class='ocrx_word' id='word_1_178' title='bbox 1394 1445 1485 1500; x_wconf 82' lang='lat' dir='ltr'>Ag1</span> <span class='ocrx_word' id='word_1_179' title='bbox 1488 1446 1576 1486; x_wconf 60' lang='lat' dir='ltr'>wia</span> <span class='ocrx_word' id='word_1_180' title='bbox 1590 1459 1709 1486; x_wconf 85' lang='lat' dir='ltr'>com-</span> 
     </span>
     <span class='ocr_line' id='line_1_26' title="bbox 274 1501 1709 1564; baseline 0 -23"><span class='ocrx_word' id='word_1_181' title='bbox 274 1502 489 1564; x_wconf 82' lang='lat' dir='ltr'>probavit,</span> <span class='ocrx_word' id='word_1_182' title='bbox 504 1518 741 1559; x_wconf 73' lang='lat' dir='ltr'>agrumque</span> <span class='ocrx_word' id='word_1_183' title='bbox 756 1502 790 1541; x_wconf 86' lang='lat' dir='ltr'>V</span> <span class='ocrx_word' id='word_1_184' title='bbox 796 1502 1079 1542; x_wconf 77' lang='lat' dir='ltr'>olaterra·u11u</span> <span class='ocrx_word' id='word_1_185' title='bbox 1101 1512 1144 1542; x_wconf 83' lang='lat' dir='ltr'>et</span> <span class='ocrx_word' id='word_1_186' title='bbox 1157 1502 1364 1558; x_wconf 80' lang='lat' dir='ltr'>oppidum</span> <span class='ocrx_word' id='word_1_187' title='bbox 1383 1502 1500 1542; x_wconf 88' lang='lat' dir='ltr'>omni</span> <span class='ocrx_word' id='word_1_188' title='bbox 1521 1501 1709 1564; x_wconf 84' lang='lat' dir='ltr'>periculo</span> 
     </span>
     <span class='ocr_line' id='line_1_27' title="bbox 274 1557 1708 1622; baseline 0 -24"><span class='ocrx_word' id='word_1_189' title='bbox 274 1572 315 1598; x_wconf 84' lang='grc'>111</span> <span class='ocrx_word' id='word_1_190' title='bbox 354 1569 606 1614; x_wconf 83' lang='lat' dir='ltr'>perpetuum</span> <span class='ocrx_word' id='word_1_191' title='bbox 640 1559 864 1600; x_wconf 79' lang='lat' dir='ltr'>liberavit:</span> <span class='ocrx_word' id='word_1_192' title='bbox 899 1567 947 1598; x_wconf 87' lang='lat' dir='ltr'>ut</span> <span class='ocrx_word' id='word_1_193' title='bbox 982 1557 1088 1598; x_wconf 85' lang='lat' dir='ltr'>mihi</span> <span class='ocrx_word' id='word_1_194' title='bbox 1125 1559 1303 1600; x_wconf 85' lang='lat' dir='ltr'>dubium</span> <span class='ocrx_word' id='word_1_195' title='bbox 1331 1573 1417 1600; x_wconf 90' lang='lat' dir='ltr'>non</span> <span class='ocrx_word' id='word_1_196' title='bbox 1441 1559 1510 1609; x_wconf 88' lang='lat' dir='ltr'>sit,</span> <span class='ocrx_word' id='word_1_197' title='bbox 1531 1572 1635 1622; x_wconf 79' lang='lat' dir='ltr'>quin</span> <span class='ocrx_word' id='word_1_198' title='bbox 1659 1572 1708 1608; x_wconf 78' lang='lat' dir='ltr'>is,</span> 
     </span>
     <span class='ocr_line' id='line_1_28' title="bbox 273 1615 1708 1670; baseline 0 -15"><span class='ocrx_word' id='word_1_199' title='bbox 273 1615 345 1669; x_wconf 85' lang='lat' dir='ltr'>qui</span> <span class='ocrx_word' id='word_1_200' title='bbox 368 1630 501 1656; x_wconf 81' lang='lat' dir='ltr'>novas</span> <span class='ocrx_word' id='word_1_201' title='bbox 520 1616 854 1658; x_wconf 84' lang='lat' dir='ltr'>necessitudines</span> <span class='ocrx_word' id='word_1_202' title='bbox 872 1615 1097 1670; x_wconf 83' lang='lat' dir='ltr'>adjungat,</span> <span class='ocrx_word' id='word_1_203' title='bbox 1118 1624 1260 1656; x_wconf 84' lang='lat' dir='ltr'>v·ete1a</span> <span class='ocrx_word' id='word_1_204' title='bbox 1278 1631 1354 1657; x_wconf 83' lang='lat' dir='ltr'>sua</span> <span class='ocrx_word' id='word_1_205' title='bbox 1375 1616 1584 1656; x_wconf 82' lang='lat' dir='ltr'>benefic1a</span> <span class='ocrx_word' id='word_1_206' title='bbox 1605 1628 1708 1655; x_wconf 91' lang='lat' dir='ltr'>con·</span> 
     </span>
     <span class='ocr_line' id='line_1_29' title="bbox 275 1673 1706 1728; baseline 0.002 -19.002"><span class='ocrx_word' id='word_1_207' title='bbox 275 1673 430 1713; x_wconf 73' lang='lat' dir='ltr'>servari</span> <span class='ocrx_word' id='word_1_208' title='bbox 473 1673 591 1714; x_wconf 80' lang='lat' dir='ltr'>velit.</span> <span class='ocrx_word' id='word_1_209' title='bbox 653 1673 947 1719; x_wconf 77' lang='lat' dir='ltr'>Quamobicm</span> <span class='ocrx_word' id='word_1_210' title='bbox 981 1681 1046 1712; x_wconf 78' lang='lat' dir='ltr'>est</span> <span class='ocrx_word' id='word_1_211' title='bbox 1083 1681 1168 1713; x_wconf 86' lang='lat' dir='ltr'>tuae</span> <span class='ocrx_word' id='word_1_212' title='bbox 1202 1673 1454 1728; x_wconf 82' lang='lat' dir='ltr'>prudentiae,</span> <span class='ocrx_word' id='word_1_213' title='bbox 1483 1681 1557 1712; x_wconf 88' lang='lat' dir='ltr'>aut</span> <span class='ocrx_word' id='word_1_214' title='bbox 1587 1686 1706 1726; x_wconf 81' lang='lat' dir='ltr'>sequi</span> 
     </span>
    </p>
   </div>
   <div class='ocr_carea' id='block_1_8' title="bbox 240 1729 1708 1785">
    <p class='ocr_par' dir='ltr' id='par_1_8' title="bbox 240 1729 1708 1785">
     <span class='ocr_line' id='line_1_30' title="bbox 240 1729 1708 1785; baseline -0.002 -14"><span class='ocrx_word' id='word_1_215' title='bbox 240 1768 242 1771; x_wconf 80' lang='grc'>,</span> <span class='ocrx_word' id='word_1_216' title='bbox 274 1729 367 1783; x_wconf 71' lang='lat' dir='ltr'>GjUS</span> <span class='ocrx_word' id='word_1_217' title='bbox 404 1731 722 1779; x_wconf 66' lang='lat' dir='ltr'>auctoritatem,</span> <span class='ocrx_word' id='word_1_218' title='bbox 755 1729 878 1785; x_wconf 72' lang='lat' dir='ltr'><strong>CUjUS</strong></span> <span class='ocrx_word' id='word_1_219' title='bbox 918 1737 1076 1769; x_wconf 69' lang='lat' dir='ltr'>sectam</span> <span class='ocrx_word' id='word_1_220' title='bbox 1113 1739 1241 1784; x_wconf 72' lang='lat' dir='ltr'>atque</span> <span class='ocrx_word' id='word_1_221' title='bbox 1283 1730 1506 1785; x_wconf 69' lang='lat' dir='ltr'>imperium</span> <span class='ocrx_word' id='word_1_222' title='bbox 1541 1743 1708 1769; x_wconf 83' lang='lat' dir='ltr'>Summa</span> 
     </span>
    </p>
   </div>
   <div class='ocr_carea' id='block_1_9' title="bbox 142 1862 262 1900">
    <p class='ocr_par' dir='ltr' id='par_1_9' title="bbox 142 1862 262 1900">
     <span class='ocr_line' id='line_1_31' title="bbox 142 1862 262 1900; baseline 0 -11"><span class='ocrx_word' id='word_1_223' title='bbox 142 1871 174 1900; x_wconf 81' lang='lat' dir='ltr'>p.</span> <span class='ocrx_word' id='word_1_224' title='bbox 190 1862 262 1890; x_wconf 74' lang='lat'><strong>204.</strong></span> 
     </span>
    </p>
   </div>
   <div class='ocr_carea' id='block_1_10' title="bbox 275 1786 1706 1907">
    <p class='ocr_par' dir='ltr' id='par_1_10' title="bbox 275 1786 1706 1897">
     <span class='ocr_line' id='line_1_32' title="bbox 275 1786 1706 1841; baseline 0 -16"><span class='ocrx_word' id='word_1_225' title='bbox 275 1800 372 1825; x_wconf 88' lang='lat' dir='ltr'>cum</span> <span class='ocrx_word' id='word_1_226' title='bbox 397 1795 470 1827; x_wconf 82' lang='lat' dir='ltr'>tua</span> <span class='ocrx_word' id='word_1_227' title='bbox 485 1787 698 1841; x_wconf 78' lang='lat' dir='ltr'>dignitate</span> <span class='ocrx_word' id='word_1_228' title='bbox 715 1797 884 1826; x_wconf 80' lang='lat' dir='ltr'>secutus</span> <span class='ocrx_word' id='word_1_229' title='bbox 906 1800 975 1835; x_wconf 87' lang='lat' dir='ltr'>es;</span> <span class='ocrx_word' id='word_1_230' title='bbox 1000 1794 1073 1825; x_wconf 87' lang='lat' dir='ltr'>aut</span> <span class='ocrx_word' id='word_1_231' title='bbox 1092 1796 1206 1826; x_wconf 84' lang='lat' dir='ltr'>certe</span> <span class='ocrx_word' id='word_1_232' title='bbox 1229 1786 1311 1826; x_wconf 90' lang='lat' dir='ltr'>illi</span> <span class='ocrx_word' id='word_1_233' title='bbox 1304 1797 1511 1841; x_wconf 81' lang='lat' dir='ltr'>integram</span> <span class='ocrx_word' id='word_1_234' title='bbox 1533 1799 1706 1825; x_wconf 88' lang='lat' dir='ltr'>omnem</span> 
     </span>
     <span class='ocr_line' id='line_1_33' title="bbox 275 1842 1703 1907; baseline -0.001 -25"><span class='ocrx_word' id='word_1_235' title='bbox 275 1855 447 1883; x_wconf 83' lang='lat' dir='ltr'>causam</span> <span class='ocrx_word' id='word_1_236' title='bbox 471 1858 695 1884; x_wconf 34' lang='lat' dir='ltr'>reservare.</span> <span class='ocrx_word' id='word_1_237' title='bbox 745 1842 854 1883; x_wconf 88' lang='lat' dir='ltr'>Illud</span> <span class='ocrx_word' id='word_1_238' title='bbox 878 1857 977 1883; x_wconf 85' lang='lat' dir='ltr'>vero</span> <span class='ocrx_word' id='word_1_239' title='bbox 1000 1842 1198 1884; x_wconf 83' lang='lat' dir='ltr'>dubitare</span> <span class='ocrx_word' id='word_1_240' title='bbox 1218 1858 1302 1884; x_wconf 87' lang='lat' dir='ltr'>non</span> <span class='ocrx_word' id='word_1_241' title='bbox 1326 1844 1470 1907; x_wconf 81' lang='lat' dir='ltr'>debes,</span> <span class='ocrx_word' id='word_1_242' title='bbox 1491 1842 1595 1897; x_wconf 86' lang='lat' dir='ltr'>quin</span> <span class='ocrx_word' id='word_1_243' title='bbox 1619 1851 1703 1881; x_wconf 80' lang='lat' dir='ltr'>tam</span> 
     </span>
    </p>
   </div>
   <div class='ocr_carea' id='block_1_11' title="bbox 254 1898 1705 1955">
    <p class='ocr_par' dir='ltr' id='par_1_11' title="bbox 254 1898 1705 1955">
     <span class='ocr_line' id='line_1_34' title="bbox 254 1898 1705 1955; baseline 0 -17"><span class='ocrx_word' id='word_1_244' title='bbox 254 1914 418 1954; x_wconf 76' lang='lat' dir='ltr'>·‹rrav,e</span> <span class='ocrx_word' id='word_1_245' title='bbox 461 1909 547 1940; x_wconf 86' lang='lat' dir='ltr'>tam</span> <span class='ocrx_word' id='word_1_246' title='bbox 587 1900 774 1950; x_wconf 86' lang='lat' dir='ltr'>firmum,</span> <span class='ocrx_word' id='word_1_247' title='bbox 803 1908 889 1940; x_wconf 83' lang='lat' dir='ltr'>tam</span> <span class='ocrx_word' id='word_1_248' title='bbox 924 1899 1152 1939; x_wconf 83' lang='lat' dir='ltr'>honestum</span> <span class='ocrx_word' id='word_1_249' title='bbox 1190 1900 1474 1955; x_wconf 87' lang='lat' dir='ltr'>municipium</span> <span class='ocrx_word' id='word_1_250' title='bbox 1511 1898 1589 1939; x_wconf 87' lang='lat' dir='ltr'>tibi</span> <span class='ocrx_word' id='word_1_251' title='bbox 1630 1908 1705 1939; x_wconf 93' lang='lat' dir='ltr'>tuo</span> 
     </span>
    </p>
   </div>
   <div class='ocr_carea' id='block_1_12' title="bbox 270 1954 1707 2412">
    <p class='ocr_par' dir='ltr' id='par_1_12' title="bbox 270 1954 1707 2412">
     <span class='ocr_line' id='line_1_35' title="bbox 274 1954 1707 2012; baseline 0.001 -17"><span class='ocrx_word' id='word_1_252' title='bbox 274 1971 441 1997; x_wconf 86' lang='lat' dir='ltr'>summo</span> <span class='ocrx_word' id='word_1_253' title='bbox 478 1957 688 1998; x_wconf 88' lang='lat' dir='ltr'>beneficio</span> <span class='ocrx_word' id='word_1_254' title='bbox 722 1957 764 1997; x_wconf 92' lang='lat' dir='ltr'>in</span> <span class='ocrx_word' id='word_1_255' title='bbox 798 1966 1052 2012; x_wconf 83' lang='lat' dir='ltr'>perpetuum</span> <span class='ocrx_word' id='word_1_256' title='bbox 1075 1957 1290 2012; x_wconf 83' lang='lat' dir='ltr'>9obligari</span> <span class='ocrx_word' id='word_1_257' title='bbox 1315 1956 1432 1997; x_wconf 87' lang='lat' dir='ltr'>velis.</span> <span class='ocrx_word' id='word_1_258' title='bbox 1491 1955 1575 1996; x_wconf 88' lang='lat' dir='ltr'>Sed</span> <span class='ocrx_word' id='word_1_259' title='bbox 1597 1954 1707 2006; x_wconf 85' lang='lat' dir='ltr'>haec,</span> 
     </span>
     <span class='ocr_line' id='line_1_36' title="bbox 273 2013 1706 2070; baseline 0 -18"><span class='ocrx_word' id='word_1_260' title='bbox 273 2028 370 2066; x_wconf 80' lang='lat' dir='ltr'>quae</span> <span class='ocrx_word' id='word_1_261' title='bbox 394 2029 522 2070; x_wconf 85' lang='lat' dir='ltr'>supra</span> <span class='ocrx_word' id='word_1_262' title='bbox 540 2014 700 2069; x_wconf 82' lang='lat' dir='ltr'>scripta</span> <span class='ocrx_word' id='word_1_263' title='bbox 714 2023 826 2063; x_wconf 87' lang='lat' dir='ltr'>sunt,</span> <span class='ocrx_word' id='word_1_264' title='bbox 837 2028 888 2054; x_wconf 93' lang='lat' dir='ltr'>eo</span> <span class='ocrx_word' id='word_1_265' title='bbox 903 2020 1114 2068; x_wconf 85' lang='lat' dir='ltr'>spectant,</span> <span class='ocrx_word' id='word_1_266' title='bbox 1134 2023 1181 2053; x_wconf 89' lang='lat' dir='ltr'>ut</span> <span class='ocrx_word' id='word_1_267' title='bbox 1204 2024 1244 2054; x_wconf 90' lang='lat' dir='ltr'>te</span> <span class='ocrx_word' id='word_1_268' title='bbox 1263 2014 1409 2054; x_wconf 82' lang='lat' dir='ltr'>horter</span> <span class='ocrx_word' id='word_1_269' title='bbox 1428 2020 1472 2054; x_wconf 86' lang='lat' dir='ltr'>et</span> <span class='ocrx_word' id='word_1_270' title='bbox 1490 2013 1706 2054; x_wconf 84' lang='lat' dir='ltr'>suadeam.</span> 
     </span>
     <span class='ocr_line' id='line_1_37' title="bbox 272 2069 1706 2126; baseline -0.001 -15"><span class='ocrx_word' id='word_1_271' title='bbox 272 2069 458 2125; x_wconf 82' lang='lat' dir='ltr'>Reliqua</span> <span class='ocrx_word' id='word_1_272' title='bbox 475 2082 587 2121; x_wconf 87' lang='lat' dir='ltr'>sunt,</span> <span class='ocrx_word' id='word_1_273' title='bbox 606 2086 702 2126; x_wconf 87' lang='lat' dir='ltr'>quae</span> <span class='ocrx_word' id='word_1_274' title='bbox 720 2080 934 2125; x_wconf 60' lang='lat' dir='ltr'>pertinent</span> <span class='ocrx_word' id='word_1_275' title='bbox 947 2069 999 2109; x_wconf 84' lang='lat' dir='ltr'>ad</span> <span class='ocrx_word' id='word_1_276' title='bbox 1021 2071 1353 2125; x_wconf 80' lang='lat' dir='ltr'>rogmdun1211t</span> <span class='ocrx_word' id='word_1_277' title='bbox 1369 2085 1456 2111; x_wconf 90' lang='lat' dir='ltr'>non</span> <span class='ocrx_word' id='word_1_278' title='bbox 1473 2070 1608 2111; x_wconf 90' lang='lat' dir='ltr'>solum</span> <span class='ocrx_word' id='word_1_279' title='bbox 1632 2079 1706 2110; x_wconf 83' lang='lat' dir='ltr'>tua</span> 
     </span>
     <span class='ocr_line' id='line_1_38' title="bbox 273 2103 1704 2182; baseline 0 -16"><span class='ocrx_word' id='word_1_280' title='bbox 273 2142 401 2168; x_wconf 69' lang='lat' dir='ltr'>causi.</span> <span class='ocrx_word' id='word_1_281' title='bbox 431 2128 508 2169; x_wconf 87' lang='lat' dir='ltr'>tibi</span> <span class='ocrx_word' id='word_1_282' title='bbox 532 2103 759 2169; x_wconf 70' lang='lat' dir='ltr'>cdnsilium</span> <span class='ocrx_word' id='word_1_283' title='bbox 793 2142 861 2168; x_wconf 89' lang='lat' dir='ltr'>me</span> <span class='ocrx_word' id='word_1_284' title='bbox 894 2128 995 2167; x_wconf 83' lang='lat' dir='ltr'>dare</span> <span class='ocrx_word' id='word_1_285' title='bbox 1027 2138 1164 2180; x_wconf 80' lang='lat' dir='ltr'>putes,</span> <span class='ocrx_word' id='word_1_286' title='bbox 1198 2128 1267 2168; x_wconf 89' lang='lat' dir='ltr'>sed</span> <span class='ocrx_word' id='word_1_287' title='bbox 1291 2128 1437 2179; x_wconf 82' lang='lat' dir='ltr'>etiam,</span> <span class='ocrx_word' id='word_1_288' title='bbox 1459 2127 1574 2182; x_wconf 89' lang='lat' dir='ltr'>quod</span> <span class='ocrx_word' id='word_1_289' title='bbox 1597 2126 1704 2167; x_wconf 83' lang='lat' dir='ltr'>mihi</span> 
     </span>
     <span class='ocr_line' id='line_1_39' title="bbox 273 2183 1705 2240; baseline -0.001 -17"><span class='ocrx_word' id='word_1_290' title='bbox 273 2198 380 2239; x_wconf 81' lang='lat' dir='ltr'>opus</span> <span class='ocrx_word' id='word_1_291' title='bbox 404 2186 473 2235; x_wconf 80' lang='lat' dir='ltr'>sit,</span> <span class='ocrx_word' id='word_1_292' title='bbox 495 2200 560 2225; x_wconf 83' lang='lat' dir='ltr'>me</span> <span class='ocrx_word' id='word_1_293' title='bbox 583 2201 608 2225; x_wconf 87' lang='lat' dir='ltr'>a</span> <span class='ocrx_word' id='word_1_294' title='bbox 631 2195 671 2225; x_wconf 83' lang='lat' dir='ltr'>te</span> <span class='ocrx_word' id='word_1_295' title='bbox 692 2194 834 2240; x_wconf 76' lang='lat' dir='ltr'>petere</span> <span class='ocrx_word' id='word_1_296' title='bbox 855 2193 896 2224; x_wconf 81' lang='lat' dir='ltr'>et</span> <span class='ocrx_word' id='word_1_297' title='bbox 918 2197 1082 2229; x_wconf 71' lang='grc'>100816.</span> <span class='ocrx_word' id='word_1_298' title='bbox 1117 2185 1421 2226; x_wconf 80' lang='lat' dir='ltr'>Gratissimum</span> <span class='ocrx_word' id='word_1_299' title='bbox 1446 2185 1577 2240; x_wconf 81' lang='lat' dir='ltr'>igitur</span> <span class='ocrx_word' id='word_1_300' title='bbox 1600 2183 1705 2224; x_wconf 83' lang='lat' dir='ltr'>mihi</span> 
     </span>
     <span class='ocr_line' id='line_1_40' title="bbox 271 2240 1706 2298; baseline -0.001 -17"><span class='ocrx_word' id='word_1_301' title='bbox 271 2240 437 2291; x_wconf 84' lang='lat' dir='ltr'>feceris,</span> <span class='ocrx_word' id='word_1_302' title='bbox 461 2242 494 2282; x_wconf 91' lang='lat' dir='ltr'>si</span> <span class='ocrx_word' id='word_1_303' title='bbox 520 2241 821 2282; x_wconf 80' lang='lat' dir='ltr'>Volaterranos</span> <span class='ocrx_word' id='word_1_304' title='bbox 843 2240 1043 2282; x_wconf 83' lang='lat' dir='ltr'>omnibus</span> <span class='ocrx_word' id='word_1_305' title='bbox 1075 2243 1199 2282; x_wconf 87' lang='lat' dir='ltr'>rebus</span> <span class='ocrx_word' id='word_1_306' title='bbox 1226 2242 1415 2298; x_wconf 84' lang='lat' dir='ltr'>integros</span> <span class='ocrx_word' id='word_1_307' title='bbox 1449 2241 1706 2282; x_wconf 86' lang='lat' dir='ltr'>incolumes-</span> 
     </span>
     <span class='ocr_line' id='line_1_41' title="bbox 272 2297 1703 2363; baseline 0.001 -25"><span class='ocrx_word' id='word_1_308' title='bbox 272 2312 355 2352; x_wconf 89' lang='lat' dir='ltr'>que</span> <span class='ocrx_word' id='word_1_309' title='bbox 376 2313 466 2339; x_wconf 90' lang='lat' dir='ltr'>esse</span> <span class='ocrx_word' id='word_1_310' title='bbox 490 2299 689 2339; x_wconf 89' lang='lat' dir='ltr'>volueris.</span> <span class='ocrx_word' id='word_1_311' title='bbox 749 2298 909 2339; x_wconf 85' lang='lat' dir='ltr'>Eorum</span> <span class='ocrx_word' id='word_1_312' title='bbox 931 2311 1014 2353; x_wconf 89' lang='lat' dir='ltr'>ego</span> <span class='ocrx_word' id='word_1_313' title='bbox 1037 2299 1269 2349; x_wconf 85' lang='lat' dir='ltr'>domicilia,</span> <span class='ocrx_word' id='word_1_314' title='bbox 1289 2299 1422 2363; x_wconf 82' lang='lat' dir='ltr'>sedes,</span> <span class='ocrx_word' id='word_1_315' title='bbox 1442 2312 1545 2348; x_wconf 90' lang='lat' dir='ltr'>rem,</span> <span class='ocrx_word' id='word_1_316' title='bbox 1567 2297 1703 2339; x_wconf 89' lang='lat' dir='ltr'>fortu-</span> 
     </span>
     <span class='ocr_line' id='line_1_42' title="bbox 270 2355 1704 2412; baseline 0 -17"><span class='ocrx_word' id='word_1_317' title='bbox 270 2369 361 2406; x_wconf 82' lang='lat' dir='ltr'>nas,</span> <span class='ocrx_word' id='word_1_318' title='bbox 379 2369 476 2411; x_wconf 81' lang='lat' dir='ltr'>quae</span> <span class='ocrx_word' id='word_1_319' title='bbox 499 2371 523 2396; x_wconf 80' lang='lat' dir='ltr'>a</span> <span class='ocrx_word' id='word_1_320' title='bbox 544 2357 625 2397; x_wconf 90' lang='lat' dir='ltr'>diis</span> <span class='ocrx_word' id='word_1_321' title='bbox 647 2355 976 2405; x_wconf 64' lang='lat' dir='ltr'>immortalibus,</span> <span class='ocrx_word' id='word_1_322' title='bbox 990 2362 1035 2394; x_wconf 87' lang='lat' dir='ltr'>et</span> <span class='ocrx_word' id='word_1_323' title='bbox 1055 2370 1080 2396; x_wconf 87' lang='lat' dir='ltr'>a</span> <span class='ocrx_word' id='word_1_324' title='bbox 1101 2356 1465 2412; x_wconf 65' lang='lat' dir='ltr'>praestantissimis</span> <span class='ocrx_word' id='word_1_325' title='bbox 1484 2355 1528 2396; x_wconf 89' lang='lat' dir='ltr'>in</span> <span class='ocrx_word' id='word_1_326' title='bbox 1557 2363 1704 2396; x_wconf 83' lang='lat' dir='ltr'>nostra</span> 
     </span>
    </p>
   </div>
   <div class='ocr_carea' id='block_1_13' title="bbox 269 2468 1701 2678">
    <p class='ocr_par' dir='ltr' id='par_1_13' title="bbox 269 2468 1701 2678">
     <span class='ocr_line' id='line_1_43' title="bbox 312 2468 1700 2510; baseline 0.002 -12"><span class='ocrx_word' id='word_1_327' title='bbox 312 2471 330 2501; x_wconf 79' lang='grc'>7</span> <span class='ocrx_word' id='word_1_328' title='bbox 346 2469 678 2505; x_wconf 56' lang='lat' dir='ltr'>nam—mmmmm</span> <span class='ocrx_word' id='word_1_329' title='bbox 692 2468 868 2508; x_wconf 71' lang='lat' dir='ltr'>laboribus]</span> <span class='ocrx_word' id='word_1_330' title='bbox 897 2479 954 2500; x_wconf 75' lang='lat' dir='ltr'>nec</span> <span class='ocrx_word' id='word_1_331' title='bbox 1011 2479 1030 2498; x_wconf 86' lang='lat' dir='ltr'>a</span> <span class='ocrx_word' id='word_1_332' title='bbox 1055 2470 1235 2509; x_wconf 79' lang='lat' dir='ltr'>glossatore</span> <span class='ocrx_word' id='word_1_333' title='bbox 1259 2480 1326 2502; x_wconf 82' lang='lat' dir='ltr'>esse</span> <span class='ocrx_word' id='word_1_334' title='bbox 1349 2474 1458 2510; x_wconf 82' lang='lat' dir='ltr'>putat.</span> <span class='ocrx_word' id='word_1_335' title='bbox 1483 2470 1639 2510; x_wconf 76' lang='lat' dir='ltr'>abestque</span> <span class='ocrx_word' id='word_1_336' title='bbox 1660 2470 1700 2501; x_wconf 84' lang='lat' dir='ltr'>ab</span> 
     </span>
     <span class='ocr_line' id='line_1_44' title="bbox 270 2509 1700 2551; baseline 0.003 -12"><span class='ocrx_word' id='word_1_337' title='bbox 270 2511 304 2539; x_wconf 69' lang='lat' dir='ltr'>in</span> <span class='ocrx_word' id='word_1_338' title='bbox 333 2518 381 2540; x_wconf 60' lang='lat' dir='ltr'>cst</span> <span class='ocrx_word' id='word_1_339' title='bbox 409 2521 427 2540; x_wconf 77' lang='lat' dir='ltr'>e</span> <span class='ocrx_word' id='word_1_340' title='bbox 455 2511 666 2541; x_wconf 67' lang='lat' dir='ltr'>correctione.</span> <span class='ocrx_word' id='word_1_341' title='bbox 712 2509 800 2541; x_wconf 90' lang='lat' dir='ltr'>Libri</span> <span class='ocrx_word' id='word_1_342' title='bbox 828 2521 889 2541; x_wconf 83' lang='lat' dir='ltr'>scr.</span> <span class='ocrx_word' id='word_1_343' title='bbox 919 2517 954 2541; x_wconf 79' lang='lat' dir='ltr'>et</span> <span class='ocrx_word' id='word_1_344' title='bbox 1010 2511 1134 2551; x_wconf 83' lang='lat' dir='ltr'>aliquot</span> <span class='ocrx_word' id='word_1_345' title='bbox 1150 2513 1251 2544; x_wconf 82' lang='lat' dir='ltr'>Codd.</span> <span class='ocrx_word' id='word_1_346' title='bbox 1297 2513 1358 2543; x_wconf 85' lang='lat' dir='ltr'>Sed</span> <span class='ocrx_word' id='word_1_347' title='bbox 1379 2512 1511 2543; x_wconf 86' lang='lat' dir='ltr'>dixisset</span> <span class='ocrx_word' id='word_1_348' title='bbox 1528 2515 1700 2544; x_wconf 76' lang='lat' dir='ltr'>consulatu</span> 
     </span>
     <span class='ocr_line' id='line_1_45' title="bbox 269 2553 1701 2595; baseline 0.003 -14"><span class='ocrx_word' id='word_1_349' title='bbox 269 2553 341 2583; x_wconf 62' lang='lat' dir='ltr'>edd.</span> <span class='ocrx_word' id='word_1_350' title='bbox 371 2562 419 2593; x_wconf 87' lang='lat' dir='ltr'>pr.</span> <span class='ocrx_word' id='word_1_351' title='bbox 449 2553 571 2583; x_wconf 78' lang='lat' dir='ltr'>habent</span> <span class='ocrx_word' id='word_1_352' title='bbox 599 2554 689 2588; x_wconf 63' lang='lat' dir='ltr'>meis,</span> <span class='ocrx_word' id='word_1_353' title='bbox 719 2554 952 2593; x_wconf 69' lang='lat' dir='ltr'>laboribusque,</span> <span class='ocrx_word' id='word_1_354' title='bbox 1009 2563 1087 2584; x_wconf 67' lang='lat'>5110.-</span> <span class='ocrx_word' id='word_1_355' title='bbox 1110 2561 1143 2585; x_wconf 79' lang='lat' dir='ltr'>et</span> <span class='ocrx_word' id='word_1_356' title='bbox 1168 2560 1217 2585; x_wconf 75' lang='lat' dir='ltr'>est</span> <span class='ocrx_word' id='word_1_357' title='bbox 1240 2561 1353 2585; x_wconf 72' lang='lat' dir='ltr'>tamen</span> <span class='ocrx_word' id='word_1_358' title='bbox 1380 2563 1505 2592; x_wconf 83' lang='lat' dir='ltr'>verum,</span> <span class='ocrx_word' id='word_1_359' title='bbox 1534 2556 1640 2595; x_wconf 87' lang='lat' dir='ltr'>primo</span> <span class='ocrx_word' id='word_1_360' title='bbox 1665 2555 1701 2586; x_wconf 89' lang='lat' dir='ltr'>in</span> 
     </span>
     <span class='ocr_line' id='line_1_46' title="bbox 271 2595 1699 2637; baseline 0.003 -12"><span class='ocrx_word' id='word_1_361' title='bbox 271 2601 328 2625; x_wconf 69' lang='lat' dir='ltr'>aut</span> <span class='ocrx_word' id='word_1_362' title='bbox 361 2596 439 2625; x_wconf 73' lang='lat' dir='ltr'>meis</span> <span class='ocrx_word' id='word_1_363' title='bbox 468 2595 639 2631; x_wconf 79' lang='lat' dir='ltr'>laboribus,</span> <span class='ocrx_word' id='word_1_364' title='bbox 671 2599 708 2624; x_wconf 86' lang='lat' dir='ltr'>ut</span> <span class='ocrx_word' id='word_1_365' title='bbox 734 2595 822 2625; x_wconf 76' lang='lat' dir='ltr'>Viet.</span> <span class='ocrx_word' id='word_1_366' title='bbox 853 2596 950 2626; x_wconf 76' lang='lat' dir='ltr'>Grut.</span> <span class='ocrx_word' id='word_1_367' title='bbox 1010 2597 1182 2628; x_wconf 81' lang='lat' dir='ltr'>consulatu</span> <span class='ocrx_word' id='word_1_368' title='bbox 1200 2598 1322 2627; x_wconf 70' lang='lat' dir='ltr'>factum</span> <span class='ocrx_word' id='word_1_369' title='bbox 1338 2606 1406 2627; x_wconf 75' lang='lat' dir='ltr'>esse</span> <span class='ocrx_word' id='word_1_370' title='bbox 1431 2597 1464 2626; x_wconf 90' lang='lat' dir='ltr'>in</span> <span class='ocrx_word' id='word_1_371' title='bbox 1486 2597 1555 2637; x_wconf 80' lang='lat' dir='ltr'>lege</span> <span class='ocrx_word' id='word_1_372' title='bbox 1570 2598 1699 2637; x_wconf 76' lang='lat' dir='ltr'>agraria</span> 
     </span>
     <span class='ocr_line' id='line_1_47' title="bbox 270 2637 1527 2678; baseline 0.003 -14"><span class='ocrx_word' id='word_1_373' title='bbox 270 2637 454 2675; x_wconf 68' lang='lat' dir='ltr'>[sori-igam:</span> <span class='ocrx_word' id='word_1_374' title='bbox 470 2647 548 2668; x_wconf 80' lang='lat' dir='ltr'>nam</span> <span class='ocrx_word' id='word_1_375' title='bbox 562 2638 664 2667; x_wconf 81' lang='lat' dir='ltr'>necin</span> <span class='ocrx_word' id='word_1_376' title='bbox 679 2638 847 2666; x_wconf 72' lang='lat' dir='ltr'>honoribus</span> <span class='ocrx_word' id='word_1_377' title='bbox 861 2640 951 2673; x_wconf 73' lang='lat' dir='ltr'>mihi,</span> <span class='ocrx_word' id='word_1_378' title='bbox 1009 2637 1047 2668; x_wconf 86' lang='lat' dir='ltr'>de</span> <span class='ocrx_word' id='word_1_379' title='bbox 1062 2649 1140 2678; x_wconf 76' lang='lat' dir='ltr'>agro</span> <span class='ocrx_word' id='word_1_380' title='bbox 1156 2640 1325 2678; x_wconf 76' lang='lat' dir='ltr'>Campano</span> <span class='ocrx_word' id='word_1_381' title='bbox 1341 2638 1527 2669; x_wconf 85' lang='lat' dir='ltr'>dividendo.</span> 
     </span>
    </p>
   </div>
   <div class='ocr_carea' id='block_1_14' title="bbox 267 2680 1697 2802">
    <p class='ocr_par' dir='ltr' id='par_1_14' title="bbox 267 2680 1697 2802">
     <span class='ocr_line' id='line_1_48' title="bbox 268 2680 1692 2721; baseline 0.004 -14"><span class='ocrx_word' id='word_1_382' title='bbox 268 2689 326 2708; x_wconf 69' lang='lat' dir='ltr'>vec</span> <span class='ocrx_word' id='word_1_383' title='bbox 348 2680 519 2715; x_wconf 78' lang='lat' dir='ltr'>laboribus,</span> <span class='ocrx_word' id='word_1_384' title='bbox 535 2681 585 2709; x_wconf 81' lang='lat' dir='ltr'>vel</span> <span class='ocrx_word' id='word_1_385' title='bbox 607 2688 686 2709; x_wconf 70' lang='lat' dir='ltr'>mam</span> <span class='ocrx_word' id='word_1_386' title='bbox 708 2689 765 2709; x_wconf 79' lang='lat' dir='ltr'>nec</span> <span class='ocrx_word' id='word_1_387' title='bbox 784 2680 953 2709; x_wconf 75' lang='lat' dir='ltr'>bonoribus</span> <span class='ocrx_word' id='word_1_388' title='bbox 1049 2684 1070 2713; x_wconf 79' lang='grc'>9</span> <span class='ocrx_word' id='word_1_389' title='bbox 1092 2682 1231 2717; x_wconf 35' lang='lat' dir='ltr'>obli-euri</span> <span class='ocrx_word' id='word_1_390' title='bbox 1245 2680 1336 2719; x_wconf 79' lang='lat' dir='ltr'>velis]</span> <span class='ocrx_word' id='word_1_391' title='bbox 1362 2682 1414 2710; x_wconf 81' lang='lat' dir='ltr'>Sic</span> <span class='ocrx_word' id='word_1_392' title='bbox 1429 2690 1489 2711; x_wconf 81' lang='lat' dir='ltr'>scr.</span> <span class='ocrx_word' id='word_1_393' title='bbox 1505 2686 1540 2712; x_wconf 87' lang='lat' dir='ltr'>et</span> <span class='ocrx_word' id='word_1_394' title='bbox 1554 2680 1626 2712; x_wconf 81' lang='lat' dir='ltr'>edd.</span> <span class='ocrx_word' id='word_1_395' title='bbox 1643 2691 1692 2721; x_wconf 83' lang='lat' dir='ltr'>pr.</span> 
     </span>
     <span class='ocr_line' id='line_1_49' title="bbox 268 2721 1697 2762; baseline 0.003 -13"><span class='ocrx_word' id='word_1_396' title='bbox 268 2722 358 2757; x_wconf 60' lang='lat' dir='ltr'>meir,</span> <span class='ocrx_word' id='word_1_397' title='bbox 375 2731 432 2751; x_wconf 75' lang='lat' dir='ltr'>nec</span> <span class='ocrx_word' id='word_1_398' title='bbox 448 2722 609 2752; x_wconf 73' lang='lat' dir='ltr'>laboribus</span> <span class='ocrx_word' id='word_1_399' title='bbox 626 2731 659 2751; x_wconf 83' lang='lat' dir='ltr'><strong>n.</strong></span> <span class='ocrx_word' id='word_1_400' title='bbox 685 2721 717 2752; x_wconf 80' lang='lat' dir='ltr'><strong>d.</strong></span> <span class='ocrx_word' id='word_1_401' title='bbox 741 2721 827 2760; x_wconf 85' lang='lat' dir='ltr'>quod</span> <span class='ocrx_word' id='word_1_402' title='bbox 850 2723 951 2760; x_wconf 70' lang='lat' dir='ltr'>mag-is</span> <span class='ocrx_word' id='word_1_403' title='bbox 1009 2721 1097 2751; x_wconf 72' lang='lat' dir='ltr'>Male</span> <span class='ocrx_word' id='word_1_404' title='bbox 1119 2723 1250 2762; x_wconf 70' lang='lat' dir='ltr'>quidam</span> <span class='ocrx_word' id='word_1_405' title='bbox 1279 2724 1423 2760; x_wconf 62' lang='lat' dir='ltr'>oblleare</span> <span class='ocrx_word' id='word_1_406' title='bbox 1450 2723 1577 2755; x_wconf 84' lang='lat' dir='ltr'>dedere.</span> <span class='ocrx_word' id='word_1_407' title='bbox 1604 2725 1697 2754; x_wconf 69' lang='lat' dir='ltr'>resti-</span> 
     </span>
     <span class='ocr_line' id='line_1_50' title="bbox 267 2763 1452 2802; baseline 0.003 -11"><span class='ocrx_word' id='word_1_408' title='bbox 267 2763 386 2802; x_wconf 64' lang='lat' dir='ltr'>placet.</span> <span class='ocrx_word' id='word_1_409' title='bbox 1005 2765 1071 2794; x_wconf 75' lang='lat' dir='ltr'>tuit</span> <span class='ocrx_word' id='word_1_410' title='bbox 1085 2765 1164 2795; x_wconf 74' lang='lat' dir='ltr'>illud</span> <span class='ocrx_word' id='word_1_411' title='bbox 1181 2766 1279 2795; x_wconf 70' lang='lat' dir='ltr'>stiam</span> <span class='ocrx_word' id='word_1_412' title='bbox 1296 2764 1452 2795; x_wconf 64' lang='lat' dir='ltr'>Graesius.</span> 
     </span>
    </p>
   </div>
   <div class='ocr_carea' id='block_1_15' title="bbox 309 2804 952 2845">
    <p class='ocr_par' dir='ltr' id='par_1_15' title="bbox 309 2804 952 2845">
     <span class='ocr_line' id='line_1_51' title="bbox 309 2804 952 2845; baseline 0.005 -12"><span class='ocrx_word' id='word_1_413' title='bbox 309 2807 326 2833; x_wconf 70' lang='lat'><em>2</em></span> <span class='ocrx_word' id='word_1_414' title='bbox 346 2807 453 2844; x_wconf 71' lang='lat' dir='ltr'>primo</span> <span class='ocrx_word' id='word_1_415' title='bbox 477 2816 533 2838; x_wconf 73' lang='lat' dir='ltr'>sno</span> <span class='ocrx_word' id='word_1_416' title='bbox 555 2804 655 2843; x_wconf 55' lang='lat' dir='ltr'>cons]</span> <span class='ocrx_word' id='word_1_417' title='bbox 681 2805 825 2835; x_wconf 60' lang='lat' dir='ltr'>Grau-iu:</span> <span class='ocrx_word' id='word_1_418' title='bbox 843 2806 952 2845; x_wconf 65' lang='lat' dir='ltr'>prlmo</span> 
     </span>
    </p>
   </div>
  </div>
 </body>
</html>
