1903 3218
340 94 417 129 210
711 116 716 119 .
740 88 918 127 EPIST.
945 88 1131 130 ΜΒΕΒ
1155 90 1359 139 NQNUs

341 192 413 233 dio
443 192 647 245 civitatis,
683 193 724 234 in
762 193 852 234 istis
884 193 988 235 locis
1019 209 1123 236 esse.
1185 195 1396 237 Dabimus
1429 207 1666 234 sermonem
1696 193 1762 245 iis,

339 250 413 304 qui
438 251 649 302 nesciunt,
672 250 811 301 nobis,
831 265 1103 307 quocumque
1127 254 1168 293 in
1193 252 1288 293 loco
1307 253 1453 301 simus,
1474 251 1656 291 eundern
1675 250 1765 291 cul-

340 317 446 357 tum,
476 307 656 348 eundem
683 307 842 348 victum
874 322 978 348 esse.
1040 309 1156 355 Quid
1188 308 1343 350 refert?
1375 317 1516 348 tamen
1539 308 1581 347 in
1604 321 1762 348 sermo-

337 377 435 404 nem
476 364 726 404 incidemus.
788 363 921 404 Valde
959 364 1018 415 id,
1054 366 1197 416 credo,
1239 364 1518 406 laborandum
1572 373 1651 414 est,
1693 377 1763 414 ne,

338 434 436 460 cum
459 435 606 461 omnes
630 421 671 460 in
695 421 810 460 omni
835 434 990 475 genere
1010 431 1054 462 et
1075 422 1278 463 scelerum
1301 434 1344 463 et
1366 421 1628 477 flagitiorum
1645 420 1763 461 volu-

340 486 495 528 tentur,
522 480 556 507 ¹0
570 486 716 517 nostra
739 476 962 517 nobiscum
994 489 1066 517 aut
1097 479 1207 519 inter
1238 493 1314 519 nos
1345 478 1526 519 cessatio
1550 478 1765 532 vitupere-

338 543 420 574 tur.
483 533 577 588 Ego
599 547 711 582 vero,
735 533 929 588 neglecta
953 533 1227 575 barbarorum
1250 536 1435 585 inscitia,
1459 546 1497 575 te
1522 547 1762 589 persequar.

339 590 548 636 Quamvis
579 590 692 630 enim
723 589 818 630 haec
847 589 932 629 sint
962 590 1129 640 misera,
1164 606 1260 646 quae
1284 601 1383 631 sunt
1404 592 1666 642 miserrima3
1702 600 1765 630 ta-

337 661 432 686 men
457 655 566 687 artes
589 656 762 695 nostrae,
785 647 929 687 nescio
953 661 1038 701 quo
1058 648 1202 698 modo,
1225 662 1338 687 nunc
1361 648 1576 689 uberiores
1601 647 1764 688 fructus

338 703 446 743 ferre
471 703 681 752 videntur,
714 717 840 757 quam
868 703 970 743 olim
994 703 1212 746 ferebant:
1246 704 1350 754 sive,
1373 704 1475 758 quia
1505 705 1620 746 nulla
1649 718 1764 744 nunc

337 760 379 800 in
404 774 446 799 re
468 759 550 799 alia
572 759 898 813 acquiescimus,
931 758 1034 811 sive,
1063 761 1178 816 quod
1202 761 1391 816 gravitas
1416 762 1552 802 morbi
1577 762 1695 811 facit,
1720 770 1767 801 ut

338 816 562 857 medicinae
596 829 813 870 egeamus,
845 829 979 870 eaque
1010 831 1124 859 nunc
1155 827 1384 873 appareat3
1416 817 1539 871 cujus
1563 818 1647 858 vim
1679 831 1765 858 non

336 873 640 923 sentiebamus,
663 886 762 913 cum
786 872 1046 914 valebamus.
1109 874 1191 915 Sed
1214 874 1317 929 quid
1347 887 1429 929 ego
1459 888 1573 914 nunc
1594 873 1688 915 haec
1709 873 1763 914 ad

336 940 391 980 te,
413 928 536 982 eujus
555 929 671 969 domi
694 931 954 970 nascuntur?
974 932 1101 979 γλαῦκ’
1119 936 1159 974 ιὶς
1178 932 1329 974 Ἀθήνας.
1352 929 1460 971 nihil
1481 930 1659 980 scilicet,
1680 929 1763 971 nisi

334 995 381 1025 ut
404 986 654 1027 rescriberes
677 985 854 1041 aliquid,
879 1000 945 1026 me
966 997 1253 1041 exspectares.
1285 987 1345 1027 sic
1370 988 1501 1043 igitur
1523 985 1668 1028 facies.

291 1089 317 1123 4
843 1074 1248 1113 ARGUMENTUM.

332 1140 393 1175 De
429 1139 598 1175 Varronis
633 1140 790 1174 adventu
817 1149 858 1172 ex
886 1135 1048 1174 Diodori
1077 1138 1285 1187 philosophi
1312 1141 1490 1175 sententia
1520 1138 1671 1186 jocatur
1698 1140 1764 1182 ita,

690 1195 731 1225 ut
750 1190 798 1225 ad
818 1189 1010 1238 Chrysippi
1027 1192 1241 1226 sententiam
1261 1192 1417 1227 accedat.

727 1255 961 1297 CICERO
985 1256 1288 1308 VARRONI,
1319 1258 1364 1299 S.

334 1331 365 1359 Η
386 1320 507 1368 ΠΕΡΙ
537 1331 678 1370 δυνατῶν
700 1344 768 1371 me
790 1330 898 1370 SCItO
928 1334 1018 1370 κατὰ
1047 1332 1201 1384 Διόὲωξον
1227 1333 1347 1384 κςίνειν.
1410 1331 1699 1387 Quapropter,
1721 1332 1757 1372 SI

333 1394 534 1425 venturus
555 1398 614 1435 es,
637 1397 745 1428 scito
769 1400 940 1427 necesse
963 1400 1067 1435 esse,
1092 1396 1132 1426 te
1156 1400 1312 1426 venire.
1336 1401 1399 1427 sm
1424 1399 1566 1428 autem
1591 1402 1677 1429 non
1699 1402 1762 1440 es,

329 1442 574 1481 τῶνάδυνοίτων
605 1453 683 1493 est,
716 1454 757 1484 te
780 1443 938 1483 venire.
1000 1442 1128 1483 Nunc
1153 1443 1264 1492 vide,
1295 1452 1389 1484 utra
1420 1453 1462 1484 te
1492 1448 1594 1499 nga‘m
1625 1446 1763 1501 magis

332 1495 530 1547 delectet,
551 1504 762 1552 xngrma‘x
793 1514 859 1550 ne,
887 1514 940 1540 an
961 1499 1071 1548 haec,
1094 1513 1222 1554 quam
1255 1508 1398 1540 noster
1434 1500 1648 1541 Diodotus
1678 1515 1765 1543 non

201 1571 232 1600 p.
254 1563 320 1592 128.
336 1554 650 1608 concoquebat.
713 1556 794 1597 Sed
825 1557 877 1597 de
900 1556 964 1596 his
987 1555 1114 1596 etiam
1141 1556 1281 1606 1·ebuS‚
1311 1556 1438 1596 otiosi
1469 1570 1567 1597 cum
1592 1557 1765 1609 erimus,

289 1616 318 1634 ³¹·
336 1610 572 1664 loquemur.
604 1610 688 1652 hoc
721 1615 849 1653 etiam
881 1617 973 1653 κατὰ
991 1613 1332 1666 Χςὺσιππονδυνκτὸν
1365 1622 1443 1653 est.
1508 1611 1575 1652 De
1608 1613 1765 1655 Coctio

333 1666 439 1707 mihi
463 1677 633 1722 gratum
656 1679 734 1710 est.
800 1670 910 1710 Nam
935 1668 975 1708 id
998 1668 1127 1708 etiam
1152 1667 1300 1709 Attico
1325 1670 1587 1711 mandaram.
1638 1670 1702 1711 Tu
1726 1672 1762 1712 si

334 1724 473 1763 minus
496 1724 548 1764 ad
571 1739 673 1776 nos;
704 1739 974 1768 accurremus
997 1724 1048 1765 ad
1073 1733 1128 1765 te.
1161 1725 1193 1764 si
1217 1724 1389 1766 hortum
1424 1726 1464 1766 in
1502 1727 1763 1769 bibliotheca

333 1780 479 1831 habes,
502 1781 635 1821 deerit
660 1783 781 1823 nihil.

292 1868 314 1902 5
844 1859 1245 1900 ARGUMEN'I'UM.

334 1922 469 1958 Probat
489 1927 523 1958 et
543 1923 648 1964 diem,
675 1936 745 1972 quo
774 1926 981 1960 conventuri
999 1926 1083 1963 sint,
1115 1929 1148 1959 et
1172 1936 1275 1959 suum
1299 1924 1540 1972 Varronisque
1563 1925 1764 1968 consilium,

565 1977 660 2023 quod
677 1977 785 2012 semel
803 1990 825 2013 α
846 1977 983 2013 Caesare
999 1977 1088 2011 victi
1106 1976 1149 2012 ab
1167 1979 1277 2012 armis
1297 1978 1532 2013 discesserint.

760 2043 997 2086 CICERO
1026 2042 1326 2084 VARRONI.

336 2097 502 2151 MIHI
528 2125 627 2152 vero
651 2112 702 2152 ad
732 2112 881 2153 Nonas
914 2113 1020 2153 bene
1053 2120 1266 2152 maturum
1292 2111 1458 2152 videtur
1492 2111 1595 2161 fore,
1627 2124 1765 2167 neque

334 2168 469 2209 solum
505 2180 680 2224 propter
709 2170 973 2225 reipublicae,
1006 2168 1077 2208 sed
1101 2169 1227 2208 etiam
1263 2178 1436 2223 propter
1457 2169 1554 2208 anni
1581 2177 1764 2224 tempus.

336 2225 479 2271 Quare
502 2225 612 2265 diem
638 2226 764 2267 istum
791 2227 940 2282 probo.
965 2226 1107 2279 itaque
1129 2225 1311 2266 eundem
1335 2226 1425 2279 ipsc
1447 2239 1611 2280 sequar.
1646 2224 1764 2267 Con-

334 2282 415 2322 silii
451 2282 599 2332 nostri,
636 2285 671 2314 12
686 2298 737 2324 ne
771 2285 804 2324 si
837 2297 909 2324 eos
941 2283 1129 2337 quidem,
1151 2282 1225 2337 qui
1258 2282 1298 2322 id
1330 2281 1498 2336 sequuti
1531 2296 1616 2323 non
1648 2292 1762 2334 sunt,

335 2353 419 2379 non
473 2340 719 2393 poeniteret,
772 2341 895 2381 nobis
949 2339 1249 2395 poenitendum
1301 2348 1509 2394 putarem.
1580 2338 1760 2393 Sequuti

333 2397 446 2436 euim
491 2409 634 2436 sumus
673 2412 756 2438 non
796 2411 930 2452 spem,
968 2396 1040 2437 sed
1073 2396 1292 2437 officium:
1337 2394 1584 2449 reliquimus
1619 2407 1762 2436 autem

335 2467 418 2493 non
453 2452 661 2503 officium,
699 2454 772 2495 sed
805 2453 1160 2509 desperationem.
1223 2451 1291 2492 Ita
1322 2450 1646 2492 verecundiores
1678 2452 1762 2493 fui-

334 2523 442 2560 mus,
464 2523 590 2564 quam
614 2511 687 2564 qui
710 2526 753 2552 se
775 2511 902 2552 domo
927 2524 1010 2551 non
1033 2518 1380 2551 commoverunt:
1405 2508 1607 2559 saniores,
1630 2523 1759 2564 quam

333 2567 422 2622 qui,
457 2566 622 2607 amissis
657 2568 827 2624 opibus,
860 2568 1036 2608 domum
1069 2581 1155 2608 nou
1190 2573 1467 2607 reverterunt.
1528 2563 1612 2605 Sed
1652 2566 1761 2607 nihil

378 2681 414 2709 10
431 2683 541 2709 nostra
557 2690 588 2710 n.
608 2685 666 2710 aue
682 2681 767 2710 inter
781 2690 836 2710 nos
851 2680 941 2719 cem]
962 2680 982 2709 i.
996 2690 1023 2710 e.
1068 2679 1133 2709 Ms.
1153 2688 1237 2715 meu,
1254 2683 1287 2708 et
1303 2679 1366 2708 Gn.
1387 2680 1413 2708 1.
1430 2676 1469 2708 In
1484 2677 1533 2708 ed.
1552 2679 1642 2711 1471.
1658 2677 1764 2709 cohae·

332 2722 451 2757 otium,
465 2721 551 2760 quod
565 2731 622 2752 nos
637 2723 697 2752 soli
712 2724 932 2753 communiter
947 2732 1024 2753 oon·
1069 2727 1119 2751 ret
1133 2730 1208 2750 cum
1225 2720 1439 2761 praecedente.

332 2763 490 2792 sumimus
515 2763 728 2804 colloquendo
755 2772 789 2794 et
815 2765 1023 2805 disputando,
1112 2764 1149 2793 12
1171 2772 1211 2792 ne
1224 2763 1265 2801 si]
1292 2763 1344 2793 Sic
1358 2771 1434 2794 cum
1449 2761 1578 2793 Graevio
1599 2760 1684 2793 edidi
1703 2770 1762 2802 pro

331 2814 398 2834 non
414 2814 487 2834 eum
503 2805 574 2835 aliis
590 2816 646 2846 per
659 2806 771 2847 epulas
785 2812 818 2837 et
834 2807 961 2837 similia.
1068 2805 1202 2845 vulgato
1217 2806 1290 2835 nisi.

376 2849 408 2877 11
440 2848 513 2889 Περὶ
532 2845 604 2888 Eum]
632 2849 713 2880 Haec
734 2849 874 2890 epistola
895 2849 986 2881 abest
1009 2859 1028 2880 a
