1865 3223
350 96 427 132 410
583 93 758 132 EPIST.
785 94 970 132 LIBER
997 95 1543 158 QUINsrUSDECIMUS

351 197 531 238 Brutum
572 207 764 239 nostrum
802 199 980 242 videris:
1019 201 1221 256 quamdiu
1261 201 1385 241 simul
1424 200 1577 243 fueris:
1609 200 1776 253 deinde,

348 269 445 295 cum
471 255 722 310 processeris
745 255 930 311 longiuS‚
952 258 1004 298 de
1039 258 1196 300 bellicis
1228 261 1368 308 rebus,
1391 258 1442 298 de
1467 268 1559 299 toto
1584 260 1774 314 negotio,

347 321 396 352 ut
425 312 673 353 existimare
704 315 929 368 possimus,
953 328 1037 369 quo
1061 325 1173 356 statu
1194 316 1339 356 simus.
1402 314 1495 371 Ego
1516 326 1680 356 tantum
1707 330 1772 356 me

347 369 455 409 scire
487 370 662 424 putabo,
685 381 892 425 quantum
924 384 976 411 ex
1019 373 1101 412 tuis
1141 372 1290 413 litteris
1330 372 1497 413 habebo
1533 373 1773 426 cognitum.

348 425 463 467 Cura
485 438 532 467 ut
554 427 705 477 vetlem,
730 440 880 483 meque
902 441 1016 468 ames
1039 443 1181 469 amore
1204 429 1274 470 illo
1298 438 1371 470 tuo
1393 429 1611 486 singulari.

281 515 330 550 21
860 514 1262 554 ARGUMENTUM.

346 576 483 625 Rogat,
503 582 543 612 ut
559 579 615 612 sui
633 577 786 613 absentis
806 579 1020 614 desiderium
1043 580 1204 625 epistolis
1224 580 1352 615 crebris
1371 585 1404 616 et
1425 581 1538 628 longis
1567 580 1702 616 leniat:
1732 580 1775 615 tle

580 629 689 665 Calvo
710 629 944 676 oratorejam
965 637 1103 667 ›nortuo
1123 633 1210 679 qnid
1227 634 1372 673 sentiat,
1393 635 1548 680 exponit.

296 713 317 741 h
656 695 723 737 M.
746 695 796 736 T.
821 695 871 737 C.
903 696 1226 739 TREBONJO
1260 698 1302 739 S.
1329 697 1377 738 P.
1404 698 1459 738 D.

347 750 435 803 ET
467 762 691 817 epistolam
728 773 844 804 tuam
875 763 958 819 legi
992 765 1186 814 libenter,
1208 774 1248 804 et
1283 766 1433 805 librum
1467 764 1770 811 libentissime:

344 819 417 859 sed
442 828 582 859 tamen
605 819 647 860 in
671 833 720 860 ea
743 820 960 875 voluptate
985 822 1098 862 hunc
1126 823 1269 877 accepi
1294 822 1498 872 dolorem,
1521 822 1650 877 quod,
1673 835 1769 862 cum

344 875 603 916 incendisses
641 877 921 932 cupiditatem
960 893 1097 919 meam
1139 879 1459 919 consuetudinis
1499 888 1657 918 nostrae
1697 893 1770 918 au-

343 932 510 988 gendae,
534 937 653 985 (nam
685 934 736 975 ad
770 949 957 975 amorem
987 936 1158 990 quidem
1194 936 1299 977 nihil
1334 944 1500 991 poterat
1535 935 1769 984 accedere)

343 1000 430 1030 tum
454 990 635 1031 discedis
658 1005 680 1030 a
702 991 839 1041 nobis,
858 1007 1010 1047 meque
1035 1003 1152 1033 tanto
1175 993 1383 1034 desiderio
1406 993 1555 1043 afficis,
1576 1002 1623 1033 ut
1642 1006 1769 1032 unam

341 1046 445 1087 mihi
475 1047 812 1088 consolationem
846 1049 1070 1105 relinquas,
1107 1050 1210 1099 fore,
1246 1061 1290 1091 ut
1325 1052 1542 1105 utriusque
1577 1048 1766 1090 nostrum

339 1104 527 1145 absentis
568 1105 823 1145 desiderium
866 1107 1024 1147 crebris
1066 1116 1108 1146 et
1156 1107 1293 1162 longis
1336 1108 1527 1163 epistolis
1571 1106 1766 1147 leniatur.

341 1161 469 1208 Quod
492 1176 573 1218 ego
597 1177 680 1203 non
705 1163 833 1203 modo
852 1163 904 1204 de
926 1178 993 1204 ine
1017 1164 1093 1203 tibi
1120 1167 1327 1219 spondere
1353 1179 1538 1220 possum,
1558 1163 1629 1204 secl
1652 1163 1704 1203 de
1727 1172 1768 1204 te

337 1219 466 1259 etiam
489 1218 609 1259 mihi.
651 1219 819 1260 Nullam
844 1220 958 1261 enim
981 1222 1094 1276 apud
1117 1236 1183 1262 me
1207 1222 1412 1277 reliquisti
1436 1221 1766 1270 dubitationem,

337 1285 544 1330 quantum
567 1290 636 1316 me
661 1291 836 1317 amares.
900 1277 1027 1327 Nam,
1053 1287 1096 1318 ut
1131 1279 1198 1319 illa
1229 1281 1442 1329 omittam,
1464 1292 1560 1333 quae
1591 1278 1767 1318 civitate

339 1343 446 1373 teste
484 1332 638 1383 fecisti,
671 1348 769 1374 cum
804 1349 971 1375 mecum
1007 1335 1254 1376 inimicitias
1293 1335 1636 1385 communicasti,
1668 1349 1767 1376 cum

336 1404 404 1430 me
436 1391 766 1431 fisscoiacionibus
801 1391 884 1431 tuis
918 1391 1162 1443 defendisti,
1196 1407 1294 1433 cum
1327 1396 1563 1448 70quaestor
1597 1394 1638 1432 in
1673 1405 1768 1432 mea

336 1457 464 1502 atque
488 1447 527 1486 in
553 1446 724 1502 publica
744 1462 873 1488 causa
894 1448 1118 1489 consulum
1149 1458 1288 1505 partes
1311 1450 1550 1505 suscepisti,
1572 1464 1669 1489 eum
1693 1448 1768 1488 tri·

336 1505 452 1544 buno
476 1504 610 1558 plebis
632 1514 820 1559 quaestor
843 1519 927 1545 non
953 1506 1145 1561 paruisti,
1168 1507 1237 1547 cui
1261 1516 1357 1547 tuus
1382 1506 1616 1561 praesertim
1639 1505 1765 1545 colle-

335 1575 390 1617 ga
414 1570 604 1617 pareret:
639 1572 684 1602 ut
713 1561 805 1602 baec
837 1563 1037 1614 recentia,
1059 1577 1156 1618 quae
1188 1564 1421 1604 meminero
1453 1577 1633 1618 semper,
1656 1562 1763 1602 obli-

333 1618 494 1659 viscar:
526 1633 623 1673 quae
655 1627 728 1659 tua
759 1618 1001 1660 sollicitudo
1033 1620 1085 1660 de
1118 1635 1184 1661 me
1206 1621 1248 1661 in
1275 1621 1418 1671 armis,
1440 1623 1587 1675 7¹quae
1611 1619 1764 1660 laetitia

331 1675 374 1716 in
408 1675 573 1718 reditu?
604 1690 700 1731 quae
732 1690 847 1725 cura,
879 1677 950 1731 qui
983 1677 1118 1728 dolor,
1140 1692 1237 1718 cum
1269 1678 1319 1719 ad
1354 1687 1394 1718 te
1424 1692 1538 1719 curae
1570 1686 1613 1717 ct
1642 1676 1762 1717 dolo-

329 1746 395 1773 res
418 1733 498 1773 mei
524 1732 839 1788 perferrentur?
871 1737 910 1766 72
923 1734 1200 1775 Brundisium
1229 1735 1413 1790 denique
1435 1744 1476 1775 te
1495 1735 1546 1775 ad
1570 1748 1637 1774 me
1661 1747 1762 1774 ven-

329 1800 471 1830 turum
505 1790 650 1840 fuisse,
673 1790 753 1830 nisi
785 1790 928 1831 subito
962 1792 1001 1831 in
1038 1790 1293 1848 Hispaniam
1326 1793 1478 1832 missus
1508 1793 1647 1832 esses?
1698 1791 1760 1832 Ut

327 1845 423 1888 haec
448 1847 578 1903 igitur
599 1847 811 1897 omittam,
827 1862 923 1902 quae
947 1848 1050 1888 milli
1076 1849 1184 1890 tanti
1208 1849 1460 1890 aestimanda
1482 1847 1757 1903 sunt,quanti

328 1904 459 1944 vitam
494 1903 661 1945 aestimo
693 1913 736 1944 et
769 1904 945 1945 salutem
987 1920 1150 1947 meam:
1181 1906 1338 1947 73liber
1370 1906 1463 1956 iste,
1492 1920 1618 1961 quem
1652 1904 1759 1945 mihi

325 1961 496 2011 misisti,
519 1970 722 2016 quantam
745 1960 875 2002 habet
897 1962 1226 2004 declarationem
1249 1963 1405 2004 amoris
1435 1963 1525 2004 tui?
1559 1963 1758 2017 primum,

326 2019 440 2073 quod
477 2018 556 2058 tibi
591 2018 778 2059 facetum
810 2019 990 2068 videtur,
1019 2020 1227 2075 quidquid
1259 2035 1341 2075 ego
1372 2020 1488 2060 dixi:
1521 2020 1634 2074 quod
1668 2019 1760 2059 aliis

328 2076 506 2116 fortasse
539 2089 623 2116 non
658 2076 786 2118 item:
819 2076 988 2128 deinde,
1021 2078 1136 2132 quod
1175 2077 1259 2128 illa,
1294 2078 1433 2118 74sive
1472 2075 1612 2117 faceta
1644 2084 1758 2127 sunt,

1061 2211 1186 2251 generis
1215 2213 1398 2251 quaestoriae
1426 2211 1629 2242 fortitudinis
1658 2211 1757 2241 etiam

363 2211 403 2244 69
425 2211 626 2241 concionibus
640 2210 718 2250 tuis]
738 2211 825 2250 Quas
842 2211 890 2241 vel
909 2211 940 2241 in
957 2211 1015 2240 tri-

1061 2255 1209 2283 adn-rsus
1233 2255 1381 2285 consules
1404 2259 1438 2284 et
1452 2254 1516 2284 alia
1533 2261 1759 2284 memorantur

320 2253 448 2283 buriatu
479 2260 552 2293 post
581 2259 780 2293 quaesturam
810 2253 937 2289 habuit,
967 2253 1016 2282 vel

318 2300 410 2331 ante,
424 2299 461 2325 ut
473 2295 600 2325 videtur
613 2296 778 2332 Manutio,
792 2296 968 2336 productus
977 2297 1017 2326 ab

317 2336 428 2377 aliquo>
443 2338 649 2375 magistratu.

359 2382 400 2413 70
423 2384 558 2419 (μανψ-[ον
586 2381 620 2409 in
646 2390 718 2410 mea
741 2385 838 2420 atque
859 2381 893 2409 in
910 2389 945 2419 p.
970 2379 1010 2418 a]

314 2421 482 2461 Quaestor,
500 2422 591 2452 Coss.
609 2422 723 2452 Pisone
738 2428 770 2452 et
791 2423 943 2457 Gabinim
961 2422 1014 2451 Ci-

316 2473 469 2495 ceronem
491 2463 648 2500 defendit,
665 2474 738 2494 cum
754 2475 770 2494 a
788 2467 875 2496 Coss.
891 2464 1016 2494 desere-

316 2511 419 2540 retur,
443 2506 497 2545 qui
520 2507 590 2544 ejus
613 2507 832 2536 defensionem
856 2507 1017 2545 suscipere

314 2548 489 2584 debebant,
513 2558 587 2578 cum
616 2549 749 2579 Clodius
772 2549 874 2587 legem
899 2554 1015 2579 contra

313 2600 389 2621 eum
404 2590 544 2621 fecisset.
589 2591 626 2622 Id
640 2590 734 2629 quale
757 2591 868 2626 fuerit,
882 2595 1013 2621 tacente

316 2632 464 2668 historia,
481 2643 544 2662 nun
566 2641 736 2673 possumus
757 2632 875 2662 dicere.
921 2632 1012 2662 Alte-

315 2684 402 2709 rum,
420 2674 506 2712 quod
527 2676 661 2705 tribuno
685 2684 750 2704 non
773 2673 893 2704 dicitur
915 2684 1011 2713 paru-

315 2717 388 2753 isse,
401 2716 550 2755 intelligo
566 2717 604 2748 (le
619 2717 861 2757 pecunia‚quod
876 2716 1009 2746 tribuno

313 2767 382 2789 non
412 2759 487 2788 sivit
515 2759 581 2789 dari
614 2759 785 2799 pecuniam
815 2769 852 2789 ex
881 2759 1008 2795 zei-ario,

314 2810 411 2839 quarn
423 2801 561 2839 jubebat
576 2802 635 2832 sibi
651 2801 732 2837 dari,
749 2810 944 2840 quamquam
962 2803 1008 2830 al-

315 2847 366 2874 ter
393 2846 537 2882 quaestor
565 2842 741 2875 concedere
770 2842 887 2874 vellet:
918 2844 1008 2883 cujus

1060 2296 1220 2336 exempla.

1102 2341 1137 2372 71
1163 2348 1232 2378 quoe
1247 2339 1360 2368 torisia
1382 2339 1416 2368 in
1438 2337 1559 2377 reditu]
1587 2338 1650 2367 Hic
1672 2337 1756 2367 exci-

1058 2380 1140 2411 disse
1157 2379 1365 2420 putosuerit,
1380 2381 1466 2420 quod
1479 2386 1513 2410 et
1527 2381 1579 2410 hic
1592 2380 1685 2410 facile
1700 2389 1758 2419 po.

1061 2424 1122 2453 tuit
1138 2422 1292 2452 excidere.

1101 2468 1140 2498 72
1163 2464 1380 2495 Brundisium
1402 2469 1432 2494 le
1453 2465 1500 2494 ad
1520 2474 1570 2494 me
1594 2463 1750 2504 infecisse]

1060 2506 1183 2537 Pendet
1198 2507 1259 2537 hoc
1275 2508 1315 2537 ab
1331 2508 1480 2537 omilium
1495 2514 1526 2537 et
1542 2508 1721 2537 obliviscar.

1097 2552 1138 2582 73
1162 2549 1240 2578 liber
1260 2550 1332 2589 iste]
1362 2549 1419 2578 Est
1446 2549 1483 2583 is,
1507 2549 1546 2578 de
1568 2558 1630 2586 quo
1654 2558 1752 2587 supra

1056 2592 1122 2631 ipse
1135 2591 1318 2620 Trebonius
1334 2591 1373 2621 ad
1389 2592 1578 2620 Ciceronem
1597 2591 1735 2629 scripsit.

1098 2635 1137 2666 74
1159 2631 1346 2671 sivefaeela
1360 2637 1448 2668 sunt,
1463 2635 1527 2663 sive
1543 2633 1700 2671 sie-siunt,
1715 2643 1748 2664 η.

1056 2680 1079 2705 t.
1091 2675 1330 2713 venustissima]
1352 2675 1431 2704 Haec
1443 2681 1519 2705 sunt
1534 2675 1658 2704 vitiosa.
1675 2685 1750 2705 nam

1053 2726 1165 2747 sensus
1180 2718 1369 2746 commodus
1386 2727 1451 2746 non
1470 2724 1530 2747 est.
1548 2726 1620 2746 mea
1643 2718 1750 2755 conje-

1052 2765 1146 2789 ctura
1174 2759 1254 2789 fuit:
1278 2763 1344 2789 sim?
1371 2769 1470 2795 sec-us,
1489 2761 1584 2799 fiunt
1607 2769 1640 2788 η.
1668 2763 1692 2788 t.
1717 2768 1747 2789 v.

1052 2811 1147 2840 quarn
1165 2806 1198 2831 et
1214 2801 1347 2831 Corradi
1362 2802 1458 2831 fuisse
1472 2802 1584 2841 reperi.
1604 2811 1678 2830 nam
1695 2801 1751 2830 de.

1053 2845 1132 2874 bcnt
1160 2852 1226 2874 esse
1256 2843 1418 2883 disjuncta
1433 2856 1438 2872 :
1468 2845 1534 2874 sive
1562 2848 1652 2881 sunt,
1681 2844 1746 2873 sive
