1860 3228
422 98 500 135 AD
525 94 907 138 TORQUATUM
932 94 1006 132 ET
1033 94 1305 137 CETEROS.
1494 103 1568 141 149

136 199 258 242 malis
279 199 395 242 nullo
416 215 507 242 esse
537 173 740 256 potuisti:
773 213 827 240 ex
858 213 945 255 quo
969 207 1025 251 te,
1046 214 1320 264 quocumque
1341 215 1448 256 opus
1470 205 1566 257 erit,

135 256 337 299 facillime
354 267 398 298 et
419 257 741 313 expeditissime
759 256 969 297 conferas.
1019 256 1186 302 Quodsi
1208 257 1386 313 recipiet
1408 258 1476 299 ille
1494 274 1563 303 se:

134 315 187 355 ad
219 324 385 371 tempus
417 314 567 355 aderis.
602 314 666 354 sin
688 313 962 368 9⁰(quoniam
995 313 1131 354 multa
1151 314 1344 355 accidere
1367 318 1566 370 possunt)

134 371 277 427 aliqua
296 386 360 412 res
382 385 478 411 eum
502 370 566 411 vel
595 370 814 426 impediet,
840 370 903 411 vel
923 371 1185 413 morabitur:
1219 380 1264 412 tu
1288 371 1348 412 ibi
1370 372 1467 423 eris,
1489 374 1564 414 ubi

133 429 279 469 omnia
300 429 406 469 scire
427 427 577 483 possis.
600 427 683 469 hoc
705 427 810 468 mihi
835 441 1004 483 prorsus
1029 427 1148 469 valde
1170 427 1324 484 placet.
1377 427 1445 470 De
1469 430 1565 471 reli-

133 500 234 540 quo,
272 494 319 526 ut
348 493 388 524 te
418 498 533 540 saepe
564 499 639 540 per
669 485 830 526 litteras
863 484 1057 526 hortatus
1088 500 1198 537 sum,
1229 485 1290 526 ita
1319 485 1448 526 velim
1483 487 1562 527 tibi

134 541 398 605 persuadeaS‚
429 549 471 582 te
502 542 544 582 in
577 541 657 583 hac
678 556 807 583 causa
836 541 943 582 nihil
974 542 1144 606 habere,
1166 543 1279 598 quod
1306 542 1386 584 tibi
1409 543 1565 584 timen-

132 599 232 640 dum
263 598 332 649 sit,
366 607 521 653 praeter
552 612 824 640 communem
858 613 1003 639 casum
1038 599 1250 642 civitatis:
1283 599 1356 654 qui
1389 601 1469 641 etsi
1499 611 1564 642 est

133 655 424 711 gravissimus,
447 664 590 696 tamen
613 656 673 697 ita
696 656 898 706 viximus,
919 664 963 696 et
986 655 1029 696 id
1052 656 1191 696 aetatis
1213 657 1308 712 jam
1333 671 1493 708 sumUS,
1515 668 1564 699 ut

129 712 289 762 omnia,
311 727 407 767 quae
441 727 527 753 non
558 722 704 754 nostra
729 712 856 768 culpa
874 712 1000 753 nobis
1021 713 1234 765 accidant,
1258 713 1427 754 fortiter
1454 714 1564 756 ferre

127 768 375 810 debeamus.
436 769 524 811 Hic
544 771 605 812 tui
625 784 773 811 omnes
796 769 953 820 valent,
976 784 1227 826 summaque
1249 771 1410 827 pietate
1432 779 1473 812 te
1490 772 1564 813 de-

129 826 330 877 siderant,
352 835 396 867 et
413 826 614 884 diligunt,
633 839 676 868 et
698 827 860 868 colunt.
921 826 988 867 Tu
1019 835 1063 867 et
1085 842 1187 869 cura
1211 839 1257 869 ut
1281 827 1435 880 valeas,
1456 837 1500 870 et
1523 839 1565 870 te

127 882 255 924 istinc
277 898 330 924 ne
353 892 509 925 temere
526 899 814 926 commoveas.

636 972 1041 1011 ARGUMENTUM.
1572 990 1625 1030 21

132 1036 326 1072 Toranium
355 1037 561 1073 consolatur
588 1049 629 1072 ex
655 1049 720 1073 suo
747 1037 920 1085 exemplo,
944 1039 1018 1085 qui,
1040 1048 1120 1073 cum
1147 1041 1255 1073 antea
1273 1038 1369 1073 idem
1387 1038 1482 1085 quod
1501 1039 1565 1074 ille

176 1090 339 1131 sentiret,
368 1089 530 1136 nihilque
556 1090 746 1139 proficeret
777 1092 887 1126 etiam
916 1092 1025 1127 rectis
1057 1090 1230 1132 consiliis,
1261 1091 1445 1126 moderate
1471 1103 1566 1127 nunc

167 1139 275 1190 ferat
295 1153 372 1188 quae
390 1142 610 1182 acciderant,
631 1143 829 1184 ostendens,
849 1148 1026 1190 quantum
1046 1142 1204 1177 levamen
1224 1143 1286 1184 sit,
1305 1147 1400 1178 recte
1416 1154 1565 1190 vereque

177 1195 352 1230 sensisse:
381 1198 581 1240 monetque,
601 1198 641 1228 ut
659 1194 754 1229 nihil
781 1196 824 1230 de
841 1195 943 1230 rebus
969 1195 1056 1236 suis,
1080 1197 1327 1241 praeterquam
1346 1196 1442 1242 quod
1470 1207 1564 1231 com-

179 1257 285 1281 mune
303 1250 368 1288 est,
389 1247 526 1281 timeat.

524 1309 758 1353 CICERO
789 1311 1091 1364 TORANIO,
1123 1311 1168 1352 S.

129 1366 292 1430 ETSI,
314 1385 412 1419 cum
444 1377 540 1419 haec
571 1379 623 1419 ad
646 1388 688 1419 te
711 1380 969 1431 scribebam,
994 1388 1069 1420 aut
1098 1378 1445 1435 appropinquare
1474 1380 1566 1421 exi÷

129 1446 196 1479 tus
237 1436 366 1491 hujus
407 1435 769 1477 calamitosissimi
811 1437 925 1487 belli,
968 1446 1043 1477 aut
1078 1436 1171 1490 jam
1216 1437 1377 1491 aliquid
1421 1447 1568 1479 actum

127 1504 172 1536 et
203 1493 451 1536 confectum
482 1493 731 1535 videbatur:
763 1505 907 1535 tamen
930 1494 1125 1550 quotidie
1158 1495 1567 1546 commemorabam,

127 1562 169 1592 te
199 1565 332 1592 unum
362 1550 406 1590 in
435 1559 554 1591 tanto
584 1550 777 1592 exercitu
813 1551 920 1592 mihi
952 1551 1084 1593 fuisse
1116 1565 1394 1602 assensorem,
1418 1562 1462 1593 et
1494 1567 1565 1593 me

128 1609 224 1660 tibi,
248 1607 444 1662 solosque
477 1622 554 1648 nos
579 1607 749 1660 vidisse,
771 1618 982 1663 quantum
1018 1617 1130 1649 esset
1162 1608 1204 1648 in
1240 1622 1291 1649 eo
1314 1609 1425 1650 bello
1447 1609 1563 1661 mali,

125 1666 171 1707 in
193 1680 294 1721 quo,
320 1678 394 1720 spe
428 1664 546 1720 pacis
578 1665 767 1716 exclusa,
791 1666 883 1721 ipsa
914 1666 1095 1707 victoria
1126 1664 1272 1706 futura
1303 1675 1416 1707 esset
1447 1680 1564 1707 acer-

128 1723 327 1772 bissima3
359 1735 456 1776 quae
493 1731 566 1761 aut
597 1722 818 1763 interitum
852 1723 1031 1764 allatura
1064 1732 1188 1773 esset,
1212 1723 1246 1763 si
1270 1722 1409 1764 victus
1436 1738 1562 1776 esses,

125 1789 214 1832 aut,
238 1780 271 1820 si
294 1779 482 1829 vicisses,
505 1779 820 1820 9¹servitutem.
882 1779 1035 1836 Itaque
1069 1794 1166 1835 eg0,
1188 1793 1317 1834 quem
1352 1789 1443 1821 tum
1477 1780 1563 1822 for·
1575 1785 1607 1817 b.

124 1847 189 1878 tes
212 1836 271 1878 illi
293 1836 372 1876 viri
403 1845 447 1876 et
479 1837 708 1892 sapientes,
733 1836 918 1878 Domitii
953 1846 996 1878 et
1030 1836 1217 1888 Lentuli,
1241 1837 1440 1878 timidum
1473 1853 1566 1879 esse

123 1895 352 1936 dicebant:
386 1898 519 1945 (eram
559 1893 708 1949 plane:
742 1895 949 1937 timebam
985 1895 1116 1946 enim,
1154 1908 1208 1935 ne
1245 1895 1467 1936 evenirent
1501 1909 1566 1947 ea,

126 1967 223 2007 quae
259 1950 553 2001 aecideruntz)
586 1951 697 1992 idem
736 1966 851 1994 nunc
890 1952 998 1993 nihil
1037 1953 1183 2003 timeo,
1219 1960 1263 1992 et
1299 1952 1352 1992 ad
1391 1967 1564 1994 ornnem

125 2018 327 2051 eventum
351 2017 523 2063 paratus
543 2023 650 2049 sum.
695 2008 807 2050 Cum
830 2009 989 2065 aliquid
1015 2009 1240 2051 videbatur
1260 2009 1401 2050 caveri
1424 2024 1564 2065 posse,

125 2074 218 2108 tum
242 2066 284 2107 id
305 2064 467 2120 negliori
490 2065 703 2107 dolebam.
726 2081 840 2107 nunc
862 2081 979 2119 vero,
1001 2066 1158 2108 eversis
1189 2066 1390 2106 omnibus
1422 2067 1564 2119 rebus,

125 2138 226 2164 cum
244 2122 424 2164 consilio
425 2097 595 2177 ζ>Ῐ)ιοίίοἰ
618 2123 725 2164 nihil
747 2124 898 2179 possit,
921 2139 1007 2165 una
1027 2124 1137 2164 ratio
1160 2123 1566 2187 videtur,quicquid

125 2180 330 2229 evenerit,
353 2179 462 2219 ferre
493 2179 741 2222 moderate:
775 2182 1029 2236 praesertim,
1061 2195 1160 2222 cum
1195 2195 1390 2222 omnlum
1422 2195 1564 2222 rerum

126 2251 242 2278 mors
276 2236 332 2277 sit
363 2245 620 2286 extremum,
643 2247 686 2277 et
717 2238 824 2278 mihi
852 2239 930 2278 sim
955 2239 1167 2289 conscius,
1190 2252 1273 2289 me,
1294 2238 1437 2293 quoad
1457 2237 1566 2279 licu-

127 2295 223 2346 erit,
244 2293 448 2349 dignitati
480 2294 728 2349 reipublicae
761 2296 1039 2346 consuluisse,
1060 2298 1102 2328 92
1115 2305 1173 2346 et,
1193 2294 1276 2336 hac
1306 2295 1476 2347 amissa,
1498 2310 1565 2336 sa-

126 2351 262 2392 lutem
293 2351 476 2391 retinere
499 2350 696 2392 voluisse.
759 2351 872 2394 Haec
905 2353 1070 2417 scripsi,
1091 2367 1177 2394 non
1212 2360 1261 2393 ut
1292 2352 1345 2393 de
1377 2366 1447 2393 me
1472 2352 1565 2409 ipse

125 2409 327 2460 dicerem,
350 2408 423 2449 sed
446 2417 494 2448 ut
515 2417 576 2460 tu,
595 2409 666 2463 qui
691 2410 1048 2465 conjunctissima
1068 2410 1190 2451 fuisti
1211 2423 1381 2450 mecum
1404 2418 1449 2450 et
1469 2424 1563 2450 sen-

125 2467 262 2507 tentia
282 2476 326 2507 et
349 2465 585 2516 voluntate,
607 2466 756 2507 eadem
789 2468 1018 2523 cogitares.
1079 2466 1248 2524 Magna
1273 2467 1390 2507 enim
1409 2480 1566 2507 conso-

124 2522 229 2565 latio
259 2533 338 2575 est,
361 2537 460 2564 cum
494 2524 731 2575 recordare,
753 2525 922 2566 etiamsi
956 2539 1076 2566 secus
1109 2525 1329 2575 acciderit,
1350 2533 1394 2563 te
1419 2532 1564 2566 tamen

163 2672 205 2703 90
240 2679 340 2709 quum
369 2670 477 2700 multa
502 2670 647 2701 accidere
667 2670 818 2711 possunt]
906 2675 942 2706 91
960 2670 1164 2710 servitutem]
1182 2679 1226 2701 se.
1243 2671 1327 2709 ejus,
1342 2668 1377 2697 in
1389 2668 1480 2708 cujus
1488 2678 1563 2709 pan·

123 2709 189 2742 Ms.
203 2716 316 2742 noster
330 2715 364 2742 et
379 2713 443 2742 Gu.
459 2718 596 2753 uterque
611 2715 774 2753 quoniam,
783 2719 822 2744 ut
863 2713 951 2744 tibus
972 2714 1098 2750 fuisses,
1118 2716 1252 2753 propter
1266 2710 1450 2750 potentiam
1464 2711 1562 2742 nimi-

123 2752 174 2783 ed.
207 2756 298 2788 1471.
326 2754 454 2795 quando
481 2755 530 2786 ed.
562 2755 651 2787 Med.
675 2757 700 2786 si
721 2765 822 2796 quum
865 2765 932 2793 am,
949 2765 1048 2795 quam
1062 2755 1200 2785 victoria
1216 2760 1410 2783 consecutus
1424 2757 1521 2784 esset.

124 2802 238 2825 verum
266 2799 330 2833 est,
355 2796 565 2829 scribendum
583 2798 720 2838 possint.
744 2808 820 2838 quo·
907 2801 948 2832 92
963 2803 1007 2835 et,
1021 2795 1227 2835 hacamissa]
1240 2798 1270 2824 et
1280 2793 1454 2825 delendum
1467 2799 1564 2835 puto,

123 2844 216 2867 mam
230 2847 346 2870 verum
358 2843 419 2870 est.
866 2849 944 2872 nam
958 2820 1052 2872 vaide
1064 2839 1212 2878 languet,
1227 2846 1266 2868 eo
1281 2835 1405 2875 addito,
1420 2838 1538 2869 oratio.

812 2887 886 2923 ιδ
