1865 3223
413 88 491 126 AD
518 86 823 127 CONSULES
851 85 924 123 ET
951 85 1230 123 CETEROS.
1454 88 1530 125 39⁵

108 192 151 233 in
171 190 453 233 concionibus
477 193 527 234 ad
551 190 701 233 caelum
724 190 942 231 extulisti:
968 189 1090 243 cujus
1113 203 1194 243 ego
1227 202 1392 243 semper
1414 197 1534 229 tanta

104 264 196 290 esse
233 250 456 290 verborum
499 248 683 305 pondera
723 248 883 301 putavi,
923 257 970 286 ut
1008 260 1092 286 uno
1134 246 1261 285 verbo
1304 255 1393 295 tuo,
1435 260 1534 286 cum

106 319 202 346 mea
238 306 361 347 laude
395 307 643 361 conjuncto,
678 304 822 343 onmia
858 303 1033 358 adsequi
1071 315 1138 342 me
1172 302 1412 342 arbitrarer.
1472 300 1534 341 Te

103 362 288 417 denique
322 364 508 412 memini,
540 376 638 402 cum
678 361 844 402 cuidam
883 360 1168 401 2⁴c1a1·iss'11no
1201 366 1328 411 atque
1367 358 1669 413 optimop,246‚

104 419 195 459 viro
221 420 576 475 supplicationem
606 433 688 458 non
712 418 972 467 decerneres,
995 417 1149 466 dicere,
1174 424 1214 454 te
1248 414 1576 465 decreturum,a-

107 476 141 515 si
167 476 393 517 referretur
428 477 483 516 ob
517 490 585 515 cas
614 490 692 526 reS,
715 489 819 529 quas
854 475 886 515 is
921 473 1069 515 consul
1105 473 1146 513 in
1182 472 1285 512 urbe
1321 471 1535 526 gessisset.

103 531 169 572 Tu
211 533 321 573 idem
360 532 464 573 milii
502 532 859 588 supplicationem
899 530 1124 571 decrevisti
1162 537 1326 584 togato,
1366 541 1449 568 non
1491 537 1539 567 ut

108 589 268 640 multis,
305 590 522 644 republica
567 592 671 630 bene
714 599 848 643 gesta,
887 588 974 637 scd,
1015 597 1059 627 ut
1103 586 1278 634 nemini,
1318 584 1540 640 republica

107 657 372 686 conservata.
436 647 585 696 Mitto,
624 646 739 701 quod
780 645 999 694 invidiam,
1034 643 1148 699 quod
1189 641 1390 697 pericula,
1424 639 1539 696 quod

105 716 254 742 omnes
287 718 400 743 meas
433 713 722 758 tempestates,
745 712 788 742 et
821 702 1015 751 subieris,
1036 710 1080 741 et
1115 701 1250 740 multo
1286 699 1416 739 etiam
1451 713 1541 738 ma-

105 760 188 814 gis,
219 760 252 800 si
293 775 364 815 per
399 775 465 800 mc
503 760 704 810 licuisset,
731 759 871 799 subire
906 758 1197 814 paratissimus
1232 756 1392 797 fueris:
1425 754 1542 809 quod

104 815 290 870 denique
327 818 548 858 inimicum
583 831 741 866 meum,
776 826 895 856 tuum
937 815 1158 856 inimicum
1199 813 1384 870 putaris:
1417 812 1542 867 cujus

104 873 235 913 ctiam
271 874 505 924 interitum,
530 883 575 914 ut
609 873 733 915 facile
767 873 1065 928 intelligerem,
1094 870 1198 912 mihi
1223 880 1432 925 quantum
1469 868 1542 908 tri-

107 930 272 981 bueres,
307 931 486 972 Milonis
524 945 653 972 causa
691 931 733 970 in
773 939 922 970 senatu
960 928 1241 977 defendenda,
1275 926 1542 983 approbaris.

105 985 145 1026 A
168 999 235 1026 me
258 997 400 1028 autem
431 987 525 1029 liaec
559 997 658 1028 sunt
685 987 893 1043 profecta,
915 1001 1011 1042 quae
1042 1000 1123 1041 ego
1160 986 1202 1025 in
1227 983 1423 1025 beneficii
1447 982 1543 1023 loco

105 1057 192 1083 non
229 1059 358 1099 pono,
392 1045 463 1085 sed
499 1045 539 1085 in
576 1046 660 1085 veri
697 1045 947 1091 testimonii,
982 1052 1109 1097 atque
1137 1042 1321 1097 judicii3
1354 1049 1400 1081 ut
1434 1054 1544 1095 prae·

107 1103 390 1142 stantissimas
413 1111 506 1142 tuas
530 1102 708 1142 virtutes
731 1116 817 1141 non
841 1101 996 1142 tacitus
1026 1100 1270 1148 admirarer,
1292 1098 1407 1152 (quis
1429 1096 1545 1137 enim

107 1157 219 1198 idem
245 1173 328 1199 non
354 1158 504 1206 faciti)
527 1159 598 1199 sed
623 1159 677 1198 in'
696 1158 896 1198 omnibus
922 1157 1205 1205 orationibus,
1228 1154 1451 1196 sententiis
1480 1153 1546 1194 di-

106 1215 268 1266 cendis,
297 1215 436 1256 causis
470 1215 662 1271 agendis,
691 1215 891 1255 omnibus
926 1213 1111 1268 scriptis,
1147 1212 1328 1264 Graeeis,
1364 1211 1545 1260 Latinis,

107 1273 225 1312 omni
259 1273 443 1326 denique
472 1273 675 1312 varietate
708 1272 944 1311 litterarum
982 1284 1186 1319 mearum,
1218 1280 1259 1308 te
1292 1283 1379 1309 non
1414 1267 1543 1308 modo

106 1327 174 1379 iis,
196 1344 302 1384 quos
338 1329 602 1378 vidissemus,
635 1328 705 1368 sed
744 1328 809 1378 iis,
832 1327 884 1368 de
913 1328 1069 1381 quibus
1102 1326 1382 1376 audissemus,
1404 1323 1546 1365 omni-

105 1385 185 1424 bus
218 1385 487 1426 anteferrem.
550 1385 730 1431 Quaeres
765 1384 960 1435 fortasse,
984 1384 1087 1438 quid
1123 1383 1193 1433 sit,
1217 1382 1332 1437 quod
1355 1396 1438 1438 ego
1461 1380 1545 1421 hoc

105 1442 251 1483 nescio
281 1442 383 1497 quid
421 1442 719 1498 gratulationis
755 1451 799 1482 et
831 1441 1006 1481 honoris
1037 1455 1060 1480 a
1090 1449 1254 1490 senatu,
1285 1440 1395 1480 tanti
1429 1438 1546 1479 aesti-

107 1512 236 1539 mem.
279 1499 420 1555 Agam
436 1500 530 1553 jam
554 1508 694 1539 tecum
719 1498 999 1548 familiariter,
1022 1506 1069 1538 ut
1090 1506 1154 1537 est
1176 1506 1219 1537 et
1241 1496 1393 1537 studiis
1415 1504 1458 1535 et
1480 1493 1546 1535 of—

108 1555 217 1596 ficiis
239 1557 395 1597 nostris
417 1556 591 1606 mutuis,
615 1565 657 1596 et
679 1570 845 1596 summa
866 1555 1057 1596 amicitia
1078 1555 1274 1610 dignum,
1296 1565 1339 1594 et
1360 1551 1545 1593 necessi-

109 1612 256 1654 tudine
288 1614 418 1653 etiam
444 1623 634 1669 paterna.
695 1612 739 1653 Si
763 1613 989 1667 quisquam
1021 1611 1102 1652 fuit
1129 1625 1332 1665 umquam
1355 1618 1545 1651 remotus

107 1677 152 1709 et
187 1679 351 1720 natura,
372 1679 416 1710 et
442 1670 578 1725 magis
614 1670 759 1720 ctiam,
782 1678 831 1709 ut
859 1670 963 1709 mihi
995 1669 1169 1724 quidem
1200 1668 1356 1708 sentire
1383 1667 1546 1717 videor,

107 1726 274 1767 ratione
295 1736 423 1781 atque
445 1727 656 1778 doctrina,
679 1727 733 1767 ab
756 1726 871 1767 inani
895 1726 1034 1776 laude,
1055 1735 1099 1765 et
1121 1725 1389 1765 sermonibus
1412 1723 1547 1779 vulgi,

107 1797 191 1838 ego
226 1783 421 1838 profecto
455 1784 488 1823 is
517 1798 626 1824 sum.
685 1782 825 1824 Testis
848 1793 912 1823 est
933 1782 1179 1824 consulatus
1201 1796 1345 1823 meus:
1378 1781 1422 1821 in
1445 1795 1548 1835 quo,

107 1839 220 1880 sicut
252 1840 295 1881 in
329 1841 491 1896 reliqua
523 1841 626 1892 vita,
655 1839 808 1891 fateor,
838 1854 888 1880 ea
920 1854 989 1880 me
1022 1838 1212 1880 studiose
1246 1846 1458 1889 secutum,
1490 1851 1546 1878 ex

106 1897 264 1951 quibus
290 1912 386 1938 vera
407 1898 543 1953 gloria
566 1898 682 1938 nasci
706 1907 877 1953 posset:
911 1897 1046 1952 ipsam
1070 1896 1243 1951 quidem
1266 1895 1447 1951 gloriam
1472 1908 1547 1949 per

107 1967 152 1993 se
189 1968 422 2009 numquam
459 1954 606 2010 putavi
642 1954 945 2010 expetendam.
1006 1952 1159 2007 Itaque
1197 1962 1240 1993 et
1276 1951 1589 2008 provinciamb.

106 2020 317 2062 ornatam,
339 2021 382 2052 et
414 2026 531 2067 spem
565 2025 652 2052 non
683 2012 859 2052 dubiam
893 2010 1117 2066 triumphi,
1147 2009 1335 2064 neglexi.
1396 2009 1547 2049 Sacer-

106 2067 274 2109 dotium
307 2068 505 2123 denique‚
538 2083 636 2109 cum
663 2067 1044 2124 (quemadmodum
1079 2075 1120 2107 te
1152 2066 1401 2107 existimare
1433 2065 1548 2106 arbi-

108 2127 216 2175 tror)
239 2140 323 2166 non
347 2125 599 2166 difficillime
620 2125 824 2180 consequi
848 2139 1033 2180 possem,
1056 2138 1142 2164 non
1167 2123 1374 2179 appetivi.
1424 2122 1548 2164 Idem

106 2193 203 2236 post
227 2182 428 2237 injuriam
451 2192 689 2238 acceptam,
710 2186 858 2238 (quam
893 2191 938 2223 tu
971 2180 1222 2237 reipublicae
1256 2179 1548 2222 calamitatem

107 2252 274 2293 semper
295 2239 497 2294 appellas,
520 2253 602 2295 ego
625 2243 664 2270 25
678 2253 816 2280 meam
839 2253 927 2279 non
959 2239 1089 2279 modo
1123 2252 1208 2278 non
1242 2236 1548 2288 calamitatem,

108 2295 180 2335 sed
203 2295 330 2336 etiarn
356 2295 572 2351 gloriarm)
594 2296 737 2336 studui
759 2311 888 2351 quam
910 2295 1183 2336 ornatissima
1215 2302 1387 2335 senatus
1410 2308 1548 2349 popu-

108 2351 224 2406 lique
249 2352 434 2394 Romani
457 2353 510 2394 de
540 2367 608 2394 me
633 2353 802 2408 judicia
831 2353 1108 2394 intercedere.
1170 2351 1323 2406 Itaque
1345 2361 1388 2391 et
1411 2364 1549 2405 augur

107 2419 259 2464 postea
292 2409 381 2450 fieri
407 2410 536 2460 volui,
558 2410 673 2465 quod
713 2421 839 2451 antea
873 2410 1177 2466 neglexeram:
1209 2419 1252 2449 et
1279 2422 1375 2448 eum
1411 2407 1547 2448 hono-

108 2479 213 2516 rem,
236 2466 309 2521 qui
343 2482 369 2507 a
398 2478 544 2507 senatu
583 2467 711 2508 tribui
745 2468 870 2508 rebus
906 2467 1068 2508 bellicis
1103 2465 1225 2516 solet,
1247 2464 1493 2519 neglectum
1523 2478 1549 2504 a

109 2536 179 2562 me
199 2523 318 2575 olim,
334 2538 448 2565 nunc
466 2523 572 2565 mihi
595 2525 885 2580 expetendum
906 2532 1026 2580 puto.
1059 2522 1178 2564 Huic
1197 2536 1304 2562 meae
1319 2520 1548 2571 voluntati,

151 2669 192 2698 24
205 2668 508 2709 clarissimo—viro]
525 2669 590 2710 Qui
602 2669 645 2700 sit
658 2669 727 2706 ille,
740 2678 807 2699 non
848 2668 947 2700 dubio
962 2668 1083 2699 excidit
1098 2677 1156 2706 ego
1164 2680 1178 2704 ‚-
1194 2676 1270 2697 nam
1287 2665 1318 2696 id
1331 2665 1549 2696 necessarium

108 2710 321 2740 consentiunt
356 2712 415 2741 viri
450 2712 557 2742 docti:
593 2721 652 2742 nec
687 2716 808 2753 praeter
848 2711 928 2742 facit
943 2720 1042 2751 quam
1059 2715 1107 2740 tn.
1122 2711 1233 2748 itaque
1249 2717 1315 2738 non
1331 2707 1476 2737 dubitavi
1499 2717 1550 2737 re-

106 2752 314 2789 conjecturas
327 2757 390 2789 est,
404 2754 491 2792 quod
505 2754 567 2784 dici
586 2755 701 2794 possit.
849 2754 955 2794 cipere
971 2754 1006 2783 in
1019 2757 1162 2782 textum.
1203 2750 1243 2780 In
1258 2750 1308 2781 ed.
1328 2748 1417 2781 Med.
1430 2748 1550 2780 excidit

151 2796 192 2824 25
214 2802 322 2825 meam
342 2804 406 2826 non
426 2797 518 2827 modo
540 2807 605 2827 mm
627 2796 707 2838 eaL]
731 2796 809 2827 Sine
849 2796 992 2827 alterum
1007 2803 1082 2829 non,
1096 2798 1135 2825 ut
1150 2792 1240 2824 alibi.
