1865 3223
487 109 567 147 AD
592 110 635 146 C.
665 106 918 146 CASSIUM
944 107 1018 144 ET
1044 107 1228 146 ALIOS.
1273 122 1276 126 ’
1502 111 1578 148 819

471 211 538 255 Μ.
561 211 612 254 T.
636 211 687 253 C.
720 208 1096 253 CORNIFICIO
1127 209 1172 252 S.
1197 208 1253 251 D.

148 268 338 332 CAIUS
366 279 561 332 Anicius,
585 279 805 321 familiaris
829 292 963 329 meus,
986 278 1050 318 vir
1080 279 1279 319 omnibus
1302 278 1427 320 rebus
1454 294 1578 321 orna-

148 346 232 391 tus,
253 339 525 394 negotiorum
557 350 729 378 suorum
751 350 881 377 causa
908 335 1073 392 legatus
1096 347 1161 376 est
1183 336 1226 375 in
1250 333 1440 376 Africam
1464 336 1578 392 lega·
1591 349 1623 381 b.

149 395 268 436 tione
297 396 445 437 libera.
504 392 613 434 Eum
645 394 770 433 velim
798 394 922 434 rebus
945 393 1145 433 omnibus
1173 391 1363 447 adjuves,
1386 407 1580 448 operam-

148 466 232 506 que
254 453 342 503 des,
366 463 412 493 ut
443 465 570 506 quam
601 450 948 491 commodissime
979 465 1053 490 sua
1076 450 1249 506 negotia
1283 449 1500 490 conficiat.
1539 453 1581 491 in

150 510 397 564 primisque,
429 508 546 563 quod
580 508 619 548 ei
658 507 924 554 carissimum
962 518 1042 556 est,
1076 507 1332 563 dignitatem
1371 506 1464 562 ejus
1502 508 1582 548 tibi

148 565 404 617 commendo
424 581 434 607 :
478 564 606 620 idque
628 579 653 605 a
675 575 716 606 te
745 575 859 620 pet0,
881 564 996 619 quod
1021 564 1111 620 ipse
1133 566 1177 605 in
1200 564 1422 619 provincia
1444 563 1583 605 facere

149 636 241 663 sum
275 623 423 663 solitus
454 636 541 664 non
576 632 766 677 rogatuS‚
799 631 845 661 ut
877 622 1077 662 omnibus
1111 621 1379 662 senatoribus
1412 620 1582 662 lictores

147 678 315 721 darem:
355 679 470 735 quod
506 679 618 720 idem
657 692 905 734 acceperam
941 687 983 719 et
1017 692 1305 734 cognoveram
1344 693 1369 718 a
1406 678 1584 719 summis

147 735 247 791 viris
270 735 531 777 factitatum.
590 735 691 776 Hoc
714 736 861 791 igitur,
884 735 942 776 mi
967 733 1191 786 Cornifici,
1215 734 1370 776 facies:
1411 736 1584 776 ceteris-

146 805 229 847 que
252 793 376 834 rebus
398 793 599 834 omnibus
632 793 724 848 ejus
747 793 950 849 dignitati
985 792 1144 847 reique,
1167 792 1200 833 si
1223 805 1291 832 me
1326 805 1458 843 amas,
1481 806 1585 834 con-

146 847 270 890 sules.
294 850 336 892 id
358 851 440 892 erit
461 851 566 892 mihi
590 850 898 907 gratissimum.
960 847 1030 890 Da
1050 863 1241 906 operam,
1263 857 1308 890 ut
1334 848 1489 890 valeas.

666 948 1070 986 ARGUMENTUM.
1598 945 1653 982 22

146 1011 287 1049 Narrat
305 1012 350 1050 de
365 1018 466 1050 statu
493 1014 583 1062 reip.
602 1017 686 1060 post
707 1012 857 1048 Caesaris
884 1014 1100 1049 interitum:
1130 1016 1164 1048 et
1190 1024 1235 1049 ne
1257 1015 1485 1061 provinciam
1510 1016 1588 1051 sine

522 1070 667 1102 senatus
685 1065 847 1100 consulto
866 1065 1004 1107 tradat,
1024 1065 1205 1102 hortatur.

418 1147 487 1191 M.
509 1147 561 1191 T.
585 1147 638 1190 C.
675 1148 719 1189 S.
744 1147 796 1189 Ρ.
816 1146 873 1189 D.
909 1147 1301 1191 CORNIFICIO.

149 1201 285 1263 NOS
325 1215 396 1261 hic
433 1231 531 1263 cum
570 1217 745 1259 homine
785 1216 1037 1271 gladiatore,
1070 1217 1264 1258 omnium
1307 1218 1584 1273 nequissimo,

144 1274 184 1306 72
197 1272 363 1329 collega
396 1283 556 1324 nostro,
589 1273 797 1323 Antonio,
830 1273 986 1314 bellum
1014 1273 1227 1329 gerimus:
1270 1275 1342 1316 sed
1374 1290 1459 1316 non
1493 1277 1583 1332 pari

143 1329 409 1381 conditione,
430 1339 582 1375 contra
614 1344 732 1374 arma
754 1330 909 1371 verbis.
967 1329 1029 1371 At
1059 1331 1189 1371 etiam
1212 1331 1266 1372 de
1290 1340 1329 1373 te
1352 1333 1585 1374 conciona-

143 1394 235 1429 tur:
268 1400 347 1427 nec
366 1387 558 1443 impune.
582 1401 680 1430 nam
698 1387 869 1438 sentiet,
891 1401 999 1442 quos
1020 1387 1268 1435 lacessierit.
1327 1388 1423 1446 Ego
1440 1400 1585 1435 autem

144 1451 248 1490 acta,
267 1443 320 1487 ad
346 1452 388 1485 te
409 1445 556 1488 omnia
592 1443 777 1489 arbitror
814 1444 1021 1499 perscribi
1053 1445 1108 1486 ab
1130 1444 1252 1487 aliis:
1292 1461 1316 1487 a
1339 1462 1407 1488 me
1440 1447 1587 1491 futura

141 1500 273 1546 debes
294 1515 557 1543 coonoscere
577 1517 586 1543 :
625 1514 807 1556 quorum
829 1502 1003 1556 quidem
1031 1516 1117 1542 non
1139 1511 1205 1549 est
1225 1502 1411 1545 difficilis
1434 1507 1582 1563 conje-

142 1567 280 1601 ctura.
341 1534 559 1614 Oppressa
579 1557 726 1599 omnia
743 1566 862 1601 sunt:
892 1573 969 1600 nec
991 1559 1150 1600 habent
1172 1559 1326 1601 ducem
1347 1561 1468 1605 boni:
1505 1578 1583 1605 no·

143 1614 308 1669 *trique
336 1618 572 1671 τυςιννρκτόνοι
596 1615 724 1671 longe
752 1616 947 1671 gentium
977 1616 1149 1657 absunt.
1209 1616 1351 1658 Pansa
1381 1628 1424 1660 et
1453 1622 1586 1663 sentit

144 1670 268 1724 bene,
291 1680 334 1717 et
361 1671 551 1726 loquitur
579 1670 779 1714 fortiter:
821 1671 991 1713 Hirtius
1021 1681 1165 1718 noster
1195 1675 1356 1718 tardius
1384 1678 1584 1719 convale-

144 1728 242 1774 scit.
303 1728 422 1775 Quid
458 1727 649 1774 futurum
683 1729 753 1780 sit,
824 1729 918 1774 lane
953 1732 1113 1771 neseio.
1174 1730 1282 1786 Spes
1322 1741 1464 1775 tamen
1501 1750 1583 1778 una

143 1793 223 1835 est,
264 1783 495 1840 aliquando
537 1785 746 1841 populum
790 1743 1037 1828 Romanum
1089 1790 1129 1822 73
1143 1788 1356 1843 majorum
1398 1791 1579 1834 similem

142 1840 250 1886 fore.
303 1841 397 1898 Ego
418 1851 533 1885 certe
550 1843 799 1898 reipublicae
818 1858 904 1885 non
926 1843 1054 1893 deero
1072 1861 1081 1886 z
1105 1854 1162 1895 et,
1184 1845 1394 1901 quidquid
1415 1849 1583 1891 accide-

141 1899 212 1951 rit,
226 1913 351 1955 aquo
368 1913 464 1940 mea
476 1899 603 1956 culpa
620 1900 748 1951 absit,
761 1900 906 1942 animo
926 1900 1026 1942 forti
1047 1901 1195 1943 feram.
1240 1901 1351 1945 Illud
1370 1905 1582 1960 profect0‚

142 1956 285 2011 quoad
302 1965 478 2012 potero:
502 1965 618 1998 tuam
639 1956 797 1998 famam
814 1967 857 1998 et
872 1958 1126 2014 dignitatem
1150 1959 1317 2001 tuebor.
1331 1960 1385 2002 A.
1403 1961 1445 2003 d.
1466 1977 1582 2006 xm.

144 2011 360 2054 Kalendas
390 2011 569 2056 Januar.
599 2023 771 2056 senatus
798 2014 999 2070 frequens
1032 2015 1139 2057 mihi
1161 2027 1225 2058 est
1247 2032 1458 2071 assensuS,
1481 2036 1581 2063 cum

142 2069 196 2111 de
224 2069 376 2114 ceteris
409 2071 535 2112 rebus
565 2072 734 2128 magnis
771 2080 815 2113 et
839 2073 1103 2124 necessariis,
1125 2081 1216 2114 tum
1247 2074 1301 2115 de
1331 2077 1581 2132 provinciis,

141 2127 198 2171 ab
219 2127 286 2179 iis,
307 2127 382 2184 qui
404 2127 665 2179 obtinerent,
687 2128 934 2181 retinendis,
954 2144 1093 2185 neque
1121 2131 1321 2187 cuiquam
1348 2134 1578 2188 tradendis,

143 2183 224 2224 nisi
247 2186 321 2239 qui
344 2199 400 2227 ex
434 2194 605 2227 senatus
643 2185 841 2229 consulto
877 2187 1165 2228 successisset.
1229 2187 1328 2230 Hoc
1362 2204 1446 2247 ego
1477 2190 1621 2235 cumff'·
1640 2184 1708 2216 197.

141 2241 391 2298 reipublicae
407 2256 536 2285 causa
552 2243 714 2294 censui,
730 2252 836 2294 tum,
853 2244 1108 2295 mehercule,
1128 2246 1322 2302 inprimis
1341 2249 1576 2294 retinendae
1589 2234 1619 2254 a.

140 2298 368 2354 dignitatis
399 2308 501 2342 tuae.
561 2295 856 2346 Quamobrem
893 2310 933 2341 te
961 2302 1118 2342 amoris
1151 2305 1283 2344 nostri
1305 2319 1433 2346 causa
1454 2321 1576 2363 rogo,

141 2356 392 2412 reipublicae
429 2371 559 2398 causa
608 2357 771 2408 hortor,
813 2367 861 2399 ut
903 2371 955 2398 ne
995 2359 1063 2399 cui
1106 2360 1342 2416 quidquam
1376 2363 1488 2417 juris
1532 2366 1575 2406 in

142 2422 219 2454 tua
251 2413 476 2469 provincia
505 2427 597 2457 esse
621 2414 804 2470 patiare:
842 2424 973 2470 atque
1005 2425 1052 2456 ut
1080 2418 1226 2458 omnia
1259 2418 1414 2459 referas
1436 2421 1489 2461 ad
1511 2421 1575 2462 di·
1637 2442 1643 2445 ·
1667 2442 1681 2453 *-

141 2470 381 2525 gnitatem3
406 2485 500 2526 qua
526 2471 632 2513 nihil
657 2481 800 2527 potest
829 2486 919 2512 esse
950 2475 1239 2528 praestantius.
1301 2474 1409 2517 Vere
1431 2487 1573 2519 tecum

140 2540 281 2583 agam,
305 2537 352 2571 ut
380 2529 650 2571 necessitudo
678 2539 824 2571 nostra
852 2530 1056 2585 postulat.
1115 2533 1155 2565 74
1170 2530 1220 2573 In
1244 2531 1515 2587 SemproniO,
1537 2536 1571 2576 si

181 2668 222 2701 72
243 2667 368 2705 collega
380 2668 503 2709 nostro]
528 2669 689 2708 Antonio,
705 2670 836 2700 Cicero·
879 2679 992 2701 surum
1008 2672 1214 2708 servitutem,
1225 2671 1279 2702 scd
1293 2682 1326 2702 se
1338 2673 1373 2702 in
1385 2672 1572 2707 libertatem

139 2709 189 2740 nis
204 2707 331 2750 collega
348 2710 384 2741 in
403 2718 578 2751 auguratu.
621 2713 675 2744 Sic
693 2712 767 2744 edd.
784 2722 833 2753 pr.
876 2713 1133 2750 vindicaturum,
1153 2720 1190 2743 ut
1209 2713 1390 2754 Tarquinio
1415 2725 1489 2757 rege
1513 2719 1572 2749 &c.

139 2751 304 2783 victorius
319 2756 421 2783 vestro
434 2752 536 2792 dedit,
547 2755 634 2794 quod
645 2760 679 2785 et
692 2754 757 2786 ΜΞ.
773 2765 832 2785 no-
875 2755 992 2786 fecere.

138 2797 207 2824 ster
219 2791 329 2824 habet.
917 2800 959 2831 74
982 2796 1024 2828 In
1041 2795 1244 2838 Sempronio]
1271 2807 1300 2828 v.
1318 2807 1369 2838 ep.
1387 2800 1439 2829 25.

176 2837 216 2868 73
242 2834 405 2876 majorum
416 2836 651 2877 similemfore]
667 2837 745 2869 Non
758 2848 830 2880 pas-
