1865 3223
187 611 218 642 p.
236 602 308 632 26⁴.

311 113 389 147 424

572 109 751 148 EPIST.
779 110 966 148 LIBER
993 111 1494 168 SEXTUSDECIMUS

315 221 454 253 tecum
478 212 668 255 libellos?
699 214 925 271 anpangis
956 214 1115 269 aliquid
1139 215 1457 272 Sophocleum?
1487 217 1528 248 36
1541 215 1609 258 fac
1630 231 1738 273 opus

313 281 530 324 appareat.
580 269 634 310 A.
671 270 884 327 LiguriuS,
933 271 1115 312 Caesaris
1154 272 1388 322 familiaris,
1431 283 1623 314 mortuus
1660 282 1740 324 est,

315 326 452 366 bonus
471 326 600 367 homo
623 336 667 367 et
689 329 811 368 nobis
838 327 1015 368 amicus.

1065 327 1127 368 Te
1148 329 1318 384 quando
1341 340 1654 385 exspectemus,
1672 329 1742 372 fao

318 392 367 422 ut
385 382 531 424 sciam.
587 383 709 424 -Cura
731 394 772 424 te
793 384 1035 439 diligenter.
1089 385 1206 427 Vale.

258 471 307 511 19

840 471 1242 511 ARGUMENTUM.

551 534 612 568 De
631 533 774 573 litteris,
795 534 838 568 de
855 534 1058 576 Demetrio,
1079 536 1121 571 cle
1139 538 1336 586 Azfidiano
1355 541 1507 574 nomine.

275 654 659 707 ³·EXSPECTO
712 675 803 707 tuas
844 666 1006 708 litteras

317 722 452 762 multo
484 723 635 777 magis.

318 788 459 835 potest
494 779 608 819 boni.

319 836 396 876 tibi
431 850 542 876 σαι-ευ
576 850 681 876 esse.
715 837 787 877 sed
822 838 1001 878 confice.

317 893 484 947 accipio
506 906 693 933 causam.
716 893 749 933 si
785 893 826 934 id
862 904 902 935 te
937 909 1021 936 non
1058 905 1187 947 tenet,
1209 897 1374 938 advola.

321 949 442 989 valde
462 959 683 1005 exspecto.
746 950 863 991 Vale.

255 1015 310 1058 20

686 598 754 640 Μ.
777 598 827 639 Τ.
852 599 902 641 C.
935 600 1156 642 TIRONI
1191 604 1234 643 S.
1261 603 1310 644 P.
1334 604 1391 645 D.

1047 669 1099 709 de
1141 670 1283 710 multis
1326 672 1474 712 rebus:
1521 678 1562 711 te
1603 670 1743 726 ipsum

699 722 965 764 Demetrium
991 725 1118 766 redde
1141 737 1346 777 nostrum,
1369 736 1409 768 et
1433 727 1561 777 aliud,
1583 729 1615 767 si
1639 725 1742 781 quid

671 779 738 820 Dc
770 780 1002 822 Aufidiano
1037 784 1210 824 nomine
1245 783 1348 824 nihil
1385 793 1423 825 te
1456 783 1616 824 hortor.
1650 784 1740 823 scio

1064 838 1134 891 Et,
1156 840 1188 879 si
1221 841 1277 880 ob
1311 854 1404 882 eam
1434 854 1520 880 rem
1556 841 1747 889 moraris,

1437 897 1618 938 Litteras
1652 905 1747 936 tuas

836 1024 1236 1064 ARGUMENTUM.

333 1085 393 1122 De
410 1099 496 1122 cura
515 1086 743 1129 valetudinis,
761 1090 794 1121 et
814 1089 1062 1134 componendis
1082 1089 1181 1124 libris
1197 1106 1207 1125 .·
1237 1090 1280 1126 de
1298 1089 1438 1131 oluere,
1459 1090 1502 1125 de
1518 1087 1723 1137 spectaculo

905 1139 1166 1176 Kalendarum.

678 1204 746 1245 M.
769 1205 818 1246 T.
845 1206 895 1247 C.
926 1206 1147 1248 TIRONI
1181 1209 1224 1248 S.
1251 1207 1299 1248 P.
1330 1207 1386 1249 D.

317 1262 703 1322 SOLLICITAT,
727 1273 786 1313 ita
810 1276 963 1323 vivam,
987 1289 1054 1315 me
1085 1284 1170 1326 tua,
1195 1275 1251 1315 mi
1285 1274 1402 1326 Tiro,
1425 1274 1615 1315 valitudo
1635 1290 1645 1315 z
1676 1271 1751 1314 sed

316 1329 503 1379 confido,
527 1329 559 1368 si
583 1329 865 1385 diligentiam,
888 1346 1016 1385 quam
1049 1332 1288 1382 instituisti,
1310 1332 1572 1382 adhibueris,
1594 1329 1683 1371 cito
1709 1338 1752 1370 te

318 1386 485 1426 firmum
511 1385 613 1426 fore.

673 1389 712 1420 37
727 1386 878 1427 Libros
901 1403 1127 1443 compone,
1152 1389 1351 1438 indicem,
1371 1403 1468 1429 cum
1495 1386 1750 1428 Metrodoro

317 1443 495 1492 lubebit,
515 1442 684 1496 quando
708 1443 799 1497 ejus
822 1444 1028 1485 arbitratu
1056 1445 1282 1485 vivendum
1305 1455 1384 1486 est.

1446 1445 1557 1485 Cum
1579 1444 1748 1493 olitore,

316 1510 364 1540 ut
387 1499 567 1539 videtur.
623 1498 688 1562 Tu
712 1508 834 1555 potes
858 1500 1062 1542 Kalendis
1086 1512 1276 1557 spectare
1299 1501 1571 1556 gladiatores,
1594 1499 1750 1555 postri-

319 1556 387 1596 die
411 1555 574 1597 redire:
607 1564 650 1596 et
680 1567 739 1596 ita
772 1570 940 1598 censeo.

321 1613 354 1653 si
379 1626 446 1653 me
468 1627 600 1663 amas,
623 1612 864 1668 diligenter.

255 1712 304 1747 01

1002 1558 1176 1609 Verum,
1199 1568 1245 1598 ut
1269 1557 1496 1599 videbitur.

926 1613 1046 1654 Vale.

836 1703 1239 1741 ARGUMENTUM.

1557 1556 1674 1598 Cura
1695 1565 1753 1607 te,

320 1767 434 1802 Suum
452 1768 597 1802 virtutis
615 1778 771 1802 amorem
797 1768 1026 1814 stndimnque
1046 1768 1168 1803 Cicero
1184 1768 1291 1816 filius
1316 1767 1499 1815 significat
1513 1781 1525 1802 :
1555 1767 1599 1801 de
1614 1765 1753 1813 praedio

370 1823 464 1853 emto
494 1819 716 1865 gratulatur.

369 1871 513 1907 ‘ridetur
530 1871 679 1916 scripta.

771 1819 930 1854 Antonio
962 1824 996 1854 et
1032 1820 1231 1855 Dolabella
1264 1831 1369 1855 coss.
1399 1822 1464 1853 aut
1500 1818 1629 1866 paullo
1670 1822 1755 1854 ante

473 1936 525 1976 C.
550 1935 662 1976 FIL.
685 1934 907 1977 TIRONI
941 1936 1058 1978 SUO
1093 1935 1366 1977 DULCISS.
1400 1936 1443 1976 S.
1468 1934 1519 1976 P.
1545 1934 1602 1976 D.

320 1991 465 2045 CUM
503 2004 776 2045 vehementer
813 2004 1053 2045 tabellarios
1092 2014 1386 2060 exspectarem
1425 2002 1633 2058 quotidie,
1676 2002 1753 2044 ali-

320 2061 490 2114 quando
532 2069 737 2101 venerunt
770 2063 921 2116 3&post
961 2061 1071 2101 diem
1112 2075 1158 2102 vx
1199 2071 1241 2101 et
1282 2074 1362 2109 xz,
1399 2074 1524 2115 quam
1569 2074 1593 2099 a
1630 2059 1752 2100 vobis

321 2117 625 2159 discesserant:
658 2132 839 2173 quorum
884 2117 986 2158 mihi
1026 2118 1109 2158 fuit
1146 2118 1404 2159 39adventus
1442 2116 1752 2171 optatissimus.

323 2172 437 2215 Nam
470 2189 568 2216 cum
606 2175 839 2215 maximam
881 2175 1089 2230 cepissem
1127 2174 1324 2216 laetitiam
1363 2188 1416 2215 ex
1457 2173 1754 2214 humanissimi

363 2286 404 2316 36
413 2285 480 2324 sac
495 2296 572 2326 opus
586 2287 758 2326 appareat]
784 2287 860 2317 Non
876 2292 925 2318 est
941 2293 1015 2317 tan-

323 2332 407 2364 tum,
429 2334 468 2358 ut
489 2330 647 2368 scriptum
669 2339 699 2358 v.
721 2339 749 2358 c.
769 2339 900 2360 carmen
922 2336 1018 2360 excat

322 2371 356 2400 in
387 2370 511 2400 lucem:
542 2370 596 2400 sed
625 2375 662 2399 ut
691 2371 909 2410 intelligatur,
937 2371 1013 2410 quid

322 2413 437 2450 egeris,
469 2422 510 2442 an
539 2418 670 2451 teinpus
699 2418 732 2442 et
761 2413 905 2444 lahorem
934 2414 1015 2443 bene

322 2454 502 2485 collocaris,
517 2463 548 2484 v.
567 2454 657 2484 Clav.
675 2454 706 2483 in
722 2464 891 2493 apparere.

364 2498 402 2528 37
428 2496 542 2525 Libros
564 2495 724 2534 comp-oue]
756 2497 805 2526 De
822 2497 1017 2527 bibliotheca

321 2537 507 2567 Tusculana
529 2547 635 2567 sermo
658 2543 717 2566 est.
733 2548 803 2567 eam
827 2539 969 2568 ordinari
983 2544 1017 2569 et

322 2579 460 2609 indicem
482 2580 638 2609 librorum
662 2579 731 2609 ficri
754 2590 773 2609 a
793 2579 914 2610 Tirone
929 2580 1015 2610 vole-

323 2620 393 2651 bat.
408 2621 647 2651 ordinationem
667 2621 796 2660 quidem
818 2623 886 2651 sine
910 2623 1016 2651 consi-

323 2661 368 2692 lio
384 2663 511 2699 medici,
522 2663 606 2702 quod
621 2664 654 2694 in
667 2673 705 2693 eo
719 2663 827 2693 nullus
844 2663 947 2699 labor,
961 2664 1015 2702 qui

325 2704 502 2734 valetudini
519 2706 615 2734 obsit.
630 2711 665 2735 at
688 2705 801 2735 indicis
824 2705 1015 2735 conficiendi

325 2745 467 2775 laborem
496 2747 613 2786 suscipi
642 2746 782 2782 volebat,
806 2747 831 2776 si
863 2746 1018 2783 medicus,

324 2787 544 2824 Metrodorus,
560 2789 692 2818 sineret.
713 2798 788 2818 mox
810 2789 938 2827 quando
961 2798 1018 2828 pro

323 2835 424 2871 quum
447 2830 587 2871 reposui,
603 2836 641 2860 ut
663 2829 752 2861 alibi.
797 2828 849 2860 Sic
871 2836 905 2861 et
928 2830 1018 2860 Grae-

1058 2288 1128 2317 vius
1144 2287 1195 2318 hic
1209 2287 1319 2317 habet.

1101 2332 1140 2360 33
1158 2334 1230 2369 post
1244 2330 1326 2359 diem
1344 2337 1386 2359 xl,
1399 2333 1429 2359 ct
1440 2328 1506 2368 vn]
1532 2327 1560 2358 E
1581 2332 1757 2358 consuetu-

1055 2370 1129 2401 dine
1145 2371 1226 2401 bene
1243 2371 1345 2401 latina
1362 2377 1396 2401 et
1419 2371 1584 2401 Ciceronis
1605 2379 1674 2400 esse
1695 2369 1751 2399 de·

1057 2414 1112 2443 bet
1126 2421 1159 2442 vi
1177 2418 1209 2443 et
1225 2421 1283 2443 xr..

1100 2457 1140 2487 39
1163 2455 1320 2484 adt-entus
1346 2452 1577 2493 optatissimus]
1609 2453 1662 2483 Sic
1690 2461 1753 2482 scr.

1059 2502 1093 2525 et
1108 2496 1178 2526 edd.
1193 2505 1306 2526 omnes
1324 2501 1401 2526 ante
1417 2496 1613 2529 victorium,
1629 2495 1682 2533 qui
1699 2493 1755 2523 de·

1059 2539 1106 2568 dit
1129 2538 1388 2579 adoptarissimus
1409 2547 1426 2567 e
1449 2537 1538 2566 libris
1560 2535 1753 2575 quibusdam

1057 2580 1198 2619 scriptis,
1215 2580 1330 2619 quibus
1355 2579 1434 2608 Pan.
1449 2586 1482 2608 et
1505 2579 1566 2607 Gu.
1588 2581 1614 2607 1.
1630 2582 1660 2608 2.
1677 2586 1756 2606 con·

1059 2623 1218 2652 sentiunt.
1237 2621 1299 2652 Ms.
1314 2621 1381 2651 Eri.
1392 2621 1658 2659 exoptatissimus.
1681 2618 1754 2656 Ego

1060 2664 1288 2702 οῃεαΐιζςήνηιιε,
1306 2662 1390 2701 quod
1413 2662 1502 2691 Gorl.
1525 2661 1636 2697 habet,
1661 2661 1755 2690 resti-

1059 2705 1120 2734 tui.
1137 2705 1241 2744 prima
1255 2704 1377 2745 syllaba
1391 2708 1513 2733 temere
1535 2713 1574 2733 ex
1597 2703 1755 2733 adventus

1063 2747 1201 2786 repetita
1214 2752 1274 2776 est.
1292 2756 1367 2776 nam
1383 2746 1556 2785 adoptatus
1568 2746 1613 2774 sic
1627 2753 1693 2774 non
1709 2744 1759 2774 di-

1061 2789 1159 2825 citur,
1184 2798 1243 2818 nec
1269 2787 1454 2827 exemplum
1483 2787 1588 2817 ullum
1617 2786 1757 2821 allatum

1062 2835 1121 2860 aut
1134 2831 1340 2862 observatum
1355 2833 1405 2860 est
1418 2830 1465 2860 sic
1479 2829 1626 2869 usurpati
1639 2827 1742 2859 verbi.
