1865 3223
261 372 294 402 b.

202 1961 323 2000 p.199.

293 90 371 125 322
591 85 771 124 EPIST.
798 85 987 124 LIBER
1011 84 1420 132 DUODECIMUS

298 189 380 241 bis,
402 203 530 244 quam
562 190 688 231 turbo
719 189 948 244 dejecerat,
971 189 1280 230 restitueretur.
1341 187 1485 230 Pansa
1506 196 1600 230 tuas
1619 187 1735 230 litte-

301 261 368 288 ras
409 246 619 288 recitavit.
680 246 849 301 Magna
889 256 1059 287 senatus
1101 245 1356 301 approbatio
1398 254 1631 287 consecuta
1671 255 1736 288 est

303 307 456 344 8¹cum
493 317 658 344 summo
692 303 868 359 gaudio,
892 313 934 343 et
965 308 1004 336 82
1020 302 1255 343 offensione
1293 301 1549 353 Minotauri,
1582 302 1624 343 id
1656 312 1737 351 est,

309 359 485 401 Calvisii
503 371 547 400 et
567 359 712 400 Tauri.
775 359 955 400 Factum
985 359 1037 400 de
1060 368 1100 399 te
1132 370 1301 400 senatus
1332 360 1575 400 consultum
1602 359 1740 400 hono-

307 417 490 458 rificum.
553 416 858 458 Postulabatur
887 427 1045 465 autem,
1081 417 1121 445 83
1137 424 1183 455 ut
1214 417 1342 456 etiam
1373 416 1432 456 illi
1466 425 1740 457 notarentur:

311 474 383 514 sed
422 473 562 514 Pansa
598 472 863 512 clementior.
924 470 1034 526 Ego,
1069 472 1126 511 mi
1165 471 1386 523 Cornifici,
1424 487 1510 528 quo
1548 472 1617 513 die
1657 472 1742 527 pri-

307 545 426 572 mum
463 531 506 570 in
547 543 665 584 spem
702 528 911 568 libertatis
955 528 1167 583 ingressus
1209 543 1317 580 sum,
1352 540 1396 570 et
1437 530 1742 571 cunctantibus

311 588 462 629 ceteris
496 600 534 626 a.
565 586 607 625 d.
643 599 757 626 XIII.
794 583 889 625 Kal.
919 583 1020 626 Jau.
1051 582 1330 626 fundamenta
1358 586 1446 640 jeci
1480 585 1744 641 reipublicae,

311 659 363 684 eo
394 644 486 699 ipso
517 642 586 683 die
611 641 778 697 providi
803 642 1000 690 multum,
1023 650 1151 695 atque
1171 642 1301 682 habui
1326 643 1532 683 rationem
1557 642 1746 698 dignita-

314 700 368 740 tis
391 710 492 741 tuae.
538 698 655 740 Mihi
676 699 791 739 enim
813 709 878 738 est
899 712 1092 739 assensus
1115 709 1284 739 senatus
1307 699 1359 739 de
1380 699 1625 740 obtinendis
1649 713 1748 755 pro-

313 757 484 798 vinciis.
545 755 640 796 Nec
664 768 762 795 vero
786 766 935 810 postea
955 754 1099 795 destiti
1123 754 1379 796 labefactare
1400 769 1514 807 eum,
1536 756 1610 810 qui
1633 770 1748 796 sum-

314 828 387 856 ma
418 827 517 853 cum
551 822 623 852 tua
659 811 831 866 injuria,
863 811 1208 866 contumeliaque
1241 812 1489 868 reipublicae
1522 813 1750 868 8-1pr0vin-

316 871 429 912 ciam
461 870 613 909 absens
649 868 890 910 obtinebat.
936 867 1104 923 'ltaque
1132 870 1317 919 crebram,
1341 868 1405 909 vel
1443 868 1587 925 potius
1607 870 1751 924 quoti·

317 927 466 967 dianas
495 925 845 981 compellationes
872 939 986 966 meas
1008 940 1092 966 non
1118 925 1229 976 tulit,
1251 939 1380 980 seque
1402 926 1442 966 in
1466 926 1615 966 urbem
1637 939 1752 966 rece-

317 983 386 1040 pit
415 982 600 1024 invitus:
633 996 770 1038 neque
800 981 935 1023 solum
968 995 1057 1038 spe,
1080 983 1152 1023 sed
1173 991 1290 1023 certa
1320 996 1363 1022 re
1386 982 1481 1038 jam
1511 992 1555 1023 et
1585 996 1752 1039 posses-

319 1041 440 1081 sione
461 1040 711 1080 deturbatus
733 1048 797 1080 est
815 1041 855 1069 85
867 1053 962 1079 meo
978 1039 1221 1094 justissimo
1242 1038 1628 1095 honestissimoque
1649 1053 1748 1080 con-

319 1097 450 1138 vicio.
480 1095 542 1137 Te
564 1106 682 1136 tuam
701 1095 957 1151 dignitatem
980 1110 1146 1137 summa
1164 1106 1239 1137 tua
1253 1096 1411 1137 virtute
1435 1097 1632 1147 tenuisse,
1655 1110 1754 1152 pro-

323 1153 566 1207 vinciaeque
584 1153 818 1194 honoribus
836 1152 1111 1208 amplissimis
1129 1152 1347 1204 affectum,
1363 1152 1635 1195 vehementer
1650 1167 1756 1209 gau-

320 1211 418 1252 deo.
480 1210 610 1257 Quod
642 1218 683 1250 te
710 1210 816 1250 mihi
838 1209 890 1250 de
914 1210 1170 1265 Sempronio
1194 1224 1366 1266 purgas,
1388 1210 1555 1265 accipio
1576 1224 1756 1251 excusa-

322 1267 502 1308 tionem.
525 1266 609 1307 fuit
629 1266 743 1307 enim
766 1266 867 1307 illud
890 1267 1107 1321 quoddam
1136 1281 1301 1308 caecum
1334 1276 1501 1322 tempus
1524 1267 1756 1308 servitutis.

322 1322 421 1380 Ego
453 1333 624 1364 tuorum
655 1323 931 1365 consiliorum
963 1333 1127 1373 auctor,
1155 1324 1466 1380 dignitatisque
1497 1323 1654 1374 fautor,
1677 1324 1755 1364 ira-

324 1391 392 1422 tus
431 1381 713 1436 temporibus,
749 1381 791 1420 in
836 1379 1068 1431 Graeciain,
1105 1381 1329 1436 desperata
1368 1380 1580 1431 libertate,
1621 1381 1759 1436 rapie-

324 1439 426 1479 bar:
458 1452 557 1480 cum
590 1451 659 1478 me
691 1438 852 1486 etesiae,
874 1438 994 1491 quasi
1030 1437 1130 1477 boni
1164 1438 1293 1488 cives,
1318 1437 1626 1492 relinquentem
1650 1447 1760 1478 rem-

324 1494 544 1550 publicam
570 1494 769 1548 prosequi
804 1493 1056 1544 noluerunt3
1088 1506 1313 1548 austerque
1343 1494 1544 1534 adversus
1569 1495 1758 1535 maximo

325 1552 431 1592 flatu
456 1565 522 1591 me
545 1550 594 1591 ad
622 1550 796 1591 tribules
821 1560 916 1590 tuos
946 1550 1162 1606 Rhegium
1190 1550 1356 1591 retulit:
1388 1560 1516 1604 atque
1539 1551 1637 1591 inde
1659 1564 1760 1592 ven-

327 1609 396 1658 tis,
421 1608 547 1648 remis
582 1607 624 1648 iu
661 1608 843 1663 patriam
880 1608 996 1648 omni
1028 1607 1303 1648 festinatione
1339 1607 1576 1662 properavi,
1607 1607 1762 1662 postri-

327 1666 481 1719 dieque
504 1665 545 1704 in
571 1679 737 1705 summa
758 1664 1017 1719 reliquorum
1041 1664 1244 1704 servitute
1275 1664 1380 1704 liber
1414 1679 1520 1704 unus
1551 1666 1628 1705 fui.
1689 1664 1761 1705 Sic

330 1736 422 1763 sum
457 1721 497 1762 in
521 1720 761 1765 Antonium
801 1722 1007 1771 invectus,
1042 1729 1088 1761 ut
1122 1721 1189 1762 ille
1225 1736 1307 1761 uon
1342 1720 1484 1770 ferret,
1507 1735 1763 1776 omnemque

331 1792 454 1820 suum
479 1778 743 1818 vinolentum
769 1777 953 1818 furorem
979 1779 1017 1818 in
1045 1792 1111 1818 me
1133 1793 1263 1818 uuum
1285 1777 1538 1827 effunderet,
1560 1778 1762 1832 ssb'meque

331 1850 430 1877 cum
453 1834 604 1875 elicere
628 1834 752 1875 vellet
780 1835 832 1875 ad
864 1835 994 1875 caedis
1026 1849 1212 1885 causam,
1236 1845 1325 1875 tum
1359 1845 1542 1874 tentaret
1572 1834 1762 1875 insidiis:

333 1906 461 1947 quem
497 1906 579 1946 ego
616 1900 856 1932 ructantem
894 1901 938 1931 et
973 1900 1247 1932 nauseantem
1284 1891 1451 1945 conjeci
1494 1891 1537 1931 iu
1580 1890 1764 1932 Caesaris

337 1948 566 1991 Octaviani
591 1948 752 2003 plagas,
815 1947 927 1989 Puer
949 1949 1063 1989 enim
1082 1948 1281 2003 egregius
1305 1947 1551 2003 praesidium
1575 1948 1658 1988 sibi
1681 1949 1766 2004 pri-

337 2020 454 2047 mum
477 2016 521 2045 et
543 2005 695 2056 nobis3
727 2004 881 2046 deinde
903 2019 1080 2045 summae
1104 2005 1351 2059 reipublicae
1373 2004 1661 2060 comparavit:
1693 2005 1765 2060 qui

335 2063 418 2104 nisi
449 2061 614 2112 fuisset,
637 2060 819 2102 Antonii
849 2062 1008 2102 reditus
1033 2077 1057 2101 a
1080 2061 1311 2102 Brundisio
1336 2056 1471 2116 pestis'
1491 2061 1641 2116 patriae
1664 2061 1769 2102 fuis-

338 2128 416 2161 set.
471 2119 582 2165 Quae
606 2118 806 2175 deinceps
829 2128 926 2160 acta
946 2119 1045 2169 sint,
1068 2119 1175 2160 scire
1198 2130 1238 2159 te
1260 2120 1457 2159 arbitror.
1519 2117 1602 2159 Sed
1623 2118 1770 2160 redea-

382 2234 418 2263 81
443 2241 517 2262 cum
529 2231 799 2271 summogaudio]
813 2232 933 2271 Cujus?
956 2241 1033 2262 nam

340 2273 380 2304 ad
391 2273 616 2304 Minotaurum
628 2273 691 2304 hoc
706 2277 867 2314 pertinere
879 2283 945 2304 non
960 2281 1033 2313 pot-

340 2319 400 2346 est.
430 2315 466 2346 P.
490 2316 660 2346 Manutius
682 2316 841 2355 intelligit
869 2316 1033 2347 bonorum.

341 2357 433 2388 bene.
477 2357 539 2387 Scd
557 2357 587 2387 id
603 2357 788 2388 addendum
803 2359 911 2398 potius
924 2364 1006 2389 erat.

385 2401 425 2431 82
447 2398 504 2439 qff'.
524 2398 724 2438 Minotauri]
765 2400 883 2430 Faceta
904 2410 1037 2440 compa-

1075 2231 1225 2262 cedeutia
1249 2232 1404 2271 pertinet.
1450 2231 1565 2271 Itaque
1591 2231 1636 2263 sic
1664 2232 1764 2263 inter-

1077 2275 1188 2315 punxi.
1234 2274 1286 2304 Sic
1300 2279 1334 2304 et
1348 2274 1398 2304 ed.
1413 2273 1502 2304 Med.

1119 2317 1159 2347 86
1182 2326 1292 2355 meque
1320 2325 1397 2346 cum
1429 2317 1542 2346 elicere
1568 2317 1662 2346 vellet
1691 2314 1764 2355 &c.]

1078 2358 1219 2398 Nempe,
1233 2359 1267 2388 in
1286 2368 1338 2388 me
1361 2358 1466 2388 acrius
1488 2357 1670 2388 invebendo
1692 2367 1768 2388 cum

1077 2400 1176 2431 vellet
1190 2400 1306 2430 elicere
1328 2411 1366 2430 ex
1391 2410 1454 2436 rue,
1471 2409 1527 2439 per
1542 2408 1615 2437 quae
1637 2407 1769 2430 causam

343 2442 429 2472 ratio
452 2441 584 2473 Calvisii
606 2446 640 2472 et
653 2441 755 2472 Tauri
777 2452 853 2473 cum
869 2441 925 2472 illo
941 2451 1035 2473 mon-

344 2489 425 2514 stro.

388 2528 427 2556 83
451 2529 488 2555 ut
501 2526 600 2555 etiam
615 2525 665 2554 illi
680 2525 890 2566 notarentur]
909 2526 1038 2565 Nempe

347 2567 507 2598 Calvisius
521 2571 555 2597 et
568 2567 697 2597 Taurus
712 2579 718 2597 :
743 2569 788 2598 sic
807 2567 879 2598 cdd.
896 2577 944 2607 pr.
959 2568 1039 2597 item

282 2630 287 2637 .
347 2610 428 2640 Mss.
452 2615 490 2639 ut
512 2608 620 2640 Guelf.
667 2608 705 2638 In
732 2610 978 2646 recentioribus,
1001 2614 1039 2638 ut

349 2652 444 2682 Crut.
458 2652 615 2681 omissum
628 2655 676 2680 ut.

390 2696 431 2724 84
451 2694 656 2732 provinciam
677 2693 790 2723 absens
807 2692 885 2731 obt.]
932 2692 1041 2723 Calvi-

347 2736 414 2765 sius
441 2735 597 2772 Africam‚
630 2740 664 2765 et
693 2745 750 2776 per
775 2735 902 2774 legatos
937 2734 1041 2765 admi-

348 2782 502 2808 lustrans.

391 2821 430 2851 85
454 2829 521 2850 meo
531 2817 565 2860 j.
583 2819 616 2850 h.
634 2818 785 2859 convicio]
813 2818 887 2850 Hoc
901 2817 941 2849 ad
957 2827 1039 2859 prae-

1078 2442 1174 2472 caedis
1197 2441 1344 2478 haberet,
1367 2442 1393 2471 si
1421 2441 1564 2471 adessem
1595 2441 1628 2471 in
1653 2446 1771 2471 senatu

1079 2494 1109 2514 a.
1128 2484 1162 2515 d.
1188 2492 1264 2515 xiii.
1290 2483 1364 2514 Kal.
1389 2482 1465 2513 Oct.
1490 2492 1555 2521 quo
1578 2482 1769 2513 Ciceronem

1080 2527 1114 2556 in
1129 2531 1246 2556 senatu
1261 2526 1370 2556 adesse
1385 2526 1538 2563 jusserat.
1583 2525 1644 2555 Est
1658 2530 1770 2556 autem

1082 2577 1167 2598 nova
1181 2571 1358 2605 sententia,
1374 2576 1446 2606 quae
1468 2577 1542 2597 cum
1561 2575 1649 2606 seqq.
1665 2566 1772 2598 cohae-

1083 2615 1144 2641 ret.
1190 2609 1272 2640 Mox
1289 2610 1362 2640 libri
1377 2609 1455 2639 Mss.
1477 2614 1510 2639 et
1529 2608 1600 2639 edd.
1625 2619 1674 2649 pr.
1695 2619 1769 2640 con-

1071 2650 1168 2690 feci,·
1203 2651 1290 2690 quod
1317 2651 1402 2682 male
1426 2650 1572 2681 defendit
1593 2650 1770 2682 Victorius.

1087 2693 1213 2733 Coty'eci
1228 2695 1261 2723 in
1274 2695 1395 2733 plagas
1409 2702 1522 2723 verum
1536 2697 1599 2729 est,
1614 2692 1700 2732 quod
1713 2702 1772 2733 pro

1082 2745 1149 2807 gar.
1165 2735 1244 2796 ἐρεῖ.
1262 2745 1380 2767 manus
1394 2735 1531 2776 antiqua
1552 2734 1723 2777 adscripsit
1738 2735 1772 2764 in

1114 2787 1147 2809 u.
1165 2798 1196 2809 ..-
