1817 3196
271 59 330 106 7⁶
485 101 489 104 .
640 67 819 108 EPIsr.
849 70 1034 108 LIBER
1065 69 1345 112 QUARTUS

278 181 364 223 que
386 169 599 221 mandavi,
630 180 691 222 ut,
723 173 756 213 si
787 174 889 228 quid
918 182 962 214 tu
993 169 1238 215 euinvelles
1265 174 1317 215 ad
1338 188 1406 215 me
1436 172 1617 224 mittere,
1644 187 1698 217 ne

277 235 518 267 recusaret:
541 228 666 283 idque
688 239 736 269 ut
757 229 903 280 facias,
928 230 1074 271 velim:
1099 241 1185 281 aut,
1209 232 1241 270 si
1264 245 1388 284 quem
1407 239 1575 271 tuorum
1596 230 1699 272 fide-

276 279 383 322 lium
401 282 530 333 voles,
551 286 603 325 ad
627 299 693 325 me
715 287 884 327 mittas:
917 301 970 327 ne
992 296 1066 326 aut
1089 287 1167 327 tibi
1189 287 1306 327 exire
1327 302 1379 328 ex
1403 288 1506 328 urbe
1528 301 1697 328 necesse

277 337 347 388 sit,
370 349 442 379 aut
466 340 570 380 mihi
594 342 807 383 accedere.
869 342 963 398 Ego
996 352 1160 382 tantum
1192 343 1269 383 tibi
1302 345 1457 394 tribuo,
1491 353 1698 398 quantum

275 394 382 435 mihi
424 395 601 437 fortasse
643 413 794 453 arrogo
814 415 822 439 :
867 409 915 438 ut
950 399 1221 453 exploratum
1259 400 1452 450 habeam,
1490 400 1697 454 quidquid

232 463 353 496 unos
377 454 395 482 5
411 451 463 492 de
483 455 701 494 communi
723 456 930 495 sententia
955 456 1239 507 statuerimus,
1262 457 1305 497 id
1334 471 1480 498 omnes
1503 457 1696 497 homines

274 507 542 563 probaturos,
603 509 721 551 Vale.

234 605 262 642 ρ,
783 599 1183 640 ARGUMENTUM.

120 2571 156 2604 p.
169 2563 224 2595 47.

275 659 457 700 Quaerenti
476 661 650 709 Sulpicio,
672 663 760 710 quid
771 664 986 711 faciendum
1004 667 1076 705 sit;
1107 667 1296 713 respondet
1320 677 1398 702 cum
1427 666 1531 701 laude
1555 663 1639 711 ejus,
1664 665 1698 701 si

323 717 423 748 recta
440 716 631 760 sequenda,
651 720 786 750 certam
805 718 978 752 rationem
999 729 1093 758 esse,-
1124 730 1192 753 mm
1213 720 1310 756 item,
1324 719 1357 753 si
1375 718 1496 759 utilia,
1516 719 1602 764 quia
1622 717 1697 752 Cae-

321 766 415 800 saris
441 777 550 800 causa
564 767 712 814 firmior
726 781 738 806 ;
771 767 949 804 honestior
976 769 1154 816 Pompeii.
1210 770 1370 815 Longius
1401 781 1484 816 ergo
1514 770 1695 804 disceden-

322 816 407 851 dum
434 817 478 851 ab
506 819 601 857 urbe,
631 818 668 853 in
694 830 765 865 qua
785 831 862 866 quae
881 821 993 869 fiant,
1025 825 1128 868 turpe
1154 823 1201 857 sit
1229 822 1403 868 probare:
1432 833 1503 856 non
1528 822 1691 868 probare,

316 868 569 913 periculosum.
623 869 696 905 Sed
713 882 782 917 quo
801 873 966 914 eundum,
989 873 1171 920 difficilem
1189 885 1260 908 esse
1279 873 1581 909 deliberationem.
1614 872 1695 914 Qua

319 918 363 953 de
380 930 418 955 re
433 921 466 955 si
484 921 641 968 colloqui
659 922 758 964 velit,
779 935 887 970 quam
902 927 1074 972 primum,
1093 930 1213 972 rogat,
1234 927 1415 960 adventat.

520 1042 523 1043 ⁷
549 987 616 1029 M.
639 988 688 1030 T.
713 989 765 1030 C.
799 989 927 1031 SER.
956 991 1260 1042 SULPICIO,
1283 992 1327 1032 S.
1352 991 1409 1032 D.

264 1053 332 1106 A.
352 1063 409 1106 D.
435 1079 511 1107 111.
536 1065 633 1107 Kal.
666 1066 807 1108 Maias
834 1083 932 1109 cum
962 1069 1165 1123 esse1n1in
1186 1069 1397 1119 Cumano,
1421 1069 1565 1124 accepi
1596 1076 1689 1109 tuas

262 1122 453 1164 litteras:
486 1123 641 1178 quibus
663 1123 798 1176 lectis,
821 1126 1023 1181 cognovi,
1054 1140 1138 1166 non
1163 1126 1264 1166 satis
1287 1125 1516 1181 prudenter
1538 1125 1690 1166 fecisse

264 1178 575 1231 Philotimurn3
605 1181 694 1236 qui,
722 1196 820 1222 cum
842 1183 918 1222 abs
941 1191 981 1222 te
1003 1183 1204 1224 mandata
1230 1183 1420 1232 haberet,
1450 1191 1496 1223 ut
1525 1182 1692 1234 scribis,

259 1235 314 1276 de
335 1236 533 1277 omnibus
556 1238 695 1288 rebus,
719 1238 809 1293 ipse
831 1239 883 1279 ad
906 1253 1077 1279 menon
1100 1241 1299 1290 venisset,
1318 1239 1479 1280 litteras
1502 1247 1591 1280 tuas
1608 1239 1689 1279 mi-

260 1291 407 1333 sisset:
431 1307 535 1348 quas
557 1294 748 1335 intellexi
773 1295 986 1336 breviores
1006 1295 1149 1346 fuisse,
1171 1297 1286 1351 quod
1309 1310 1403 1337 eum
1427 1295 1686 1352 perlaturum

258 1358 465 1405 putasses.
503 1350 585 1391 Sed
610 1360 767 1402 tamen,
790 1361 1017 1407 postquam
1040 1352 1201 1393 litteras
1224 1362 1315 1393 tuas
1339 1352 1437 1408 legi,
1462 1352 1687 1393 Postumia

258 1416 335 1447 tua
355 1421 423 1447 me
444 1409 661 1458 convenit,
683 1418 726 1448 et
748 1409 919 1449 Servius
942 1419 1100 1449 noster.
1162 1409 1244 1450 His
1276 1410 1451 1465 placuit,
1483 1418 1530 1449 ut
1562 1418 1607 1449 tu
1639 1410 1684 1451 in

259 1461 505 1504 Cumanum
528 1465 715 1506 venires:
739 1465 854 1520 quod
877 1465 1004 1505 etiam
1026 1480 1208 1516 mecum,
1232 1476 1279 1506 ut
1301 1466 1353 1506 ad
1378 1476 1418 1506 te
1440 1466 1684 1517 scriberem,

254 1529 450 1576 egerunt.
512 1521 641 1566 Quod
665 1536 805 1562 meum
835 1521 1062 1562 consilium
1093 1523 1307 1578 exquiris:
1341 1522 1384 1563 id
1414 1531 1475 1563 est
1509 1522 1604 1573 tale,
1637 1532 1686 1563 ut

254 1591 407 1633 capere
429 1576 595 1618 facilius
618 1578 709 1633 ipse
736 1578 911 1634 possim,
941 1593 1070 1633 quam
1100 1579 1218 1620 alteri
1246 1579 1360 1620 dare.
1422 1579 1538 1625 Quid
1568 1579 1683 1622 enim

251 1644 333 1684 est,
355 1634 469 1689 quod
491 1635 669 1675 audeam
693 1636 867 1676 suadere
898 1635 992 1685 tibi,
1022 1635 1186 1676 homini
1218 1650 1383 1676 summa
1411 1636 1681 1688 auctoritate,

253 1704 504 1745 summaque
526 1691 779 1747 prudentia?
812 1692 872 1742 Si,
894 1692 995 1747 quid
1019 1692 1302 1734 rectissimum
1325 1693 1392 1743 sit,
1425 1692 1682 1748 quaerimus;

252 1748 526 1803 perspicuum
549 1756 638 1789 est:
671 1749 720 1798 si,
742 1749 844 1804 quid
868 1750 1055 1790 maxime
1076 1749 1299 1805 expediat3
1333 1750 1583 1791 obscurum:
1617 1751 1682 1792 sin

251 1804 282 1845 ii
306 1819 465 1855 sumus,
484 1805 557 1859 qui
580 1804 775 1860 profecto
794 1820 883 1846 esse
900 1806 1119 1856 debemus,
1143 1815 1188 1846 ut
1207 1806 1314 1847 nihil
1333 1807 1587 1847 arbitremur
1605 1821 1682 1848 ex-

250 1862 412 1917 pedire,
435 1862 516 1902 nisi
539 1861 654 1916 quod
677 1871 839 1903 rectum
864 1862 1176 1917 honestumque
1198 1863 1280 1914 sit;
1312 1878 1398 1904 non
1427 1874 1570 1919 potest
1591 1878 1682 1905 esse

249 1918 446 1969 dubium,
474 1918 576 1974 quid
600 1918 841 1960 faciendum
867 1919 988 1960 nobis
1011 1920 1079 1960 sit.
1133 1920 1261 1966 Quod
1283 1920 1518 1972 existimas,
1540 1935 1680 1963 meam

249 1989 422 2016 causam
452 1975 730 2031 conjunctam
758 1990 848 2017 esse
869 1991 966 2018 cum
991 1986 1090 2020 tua:
1122 1986 1236 2017 certe
1261 1977 1408 2018 similis
1432 1978 1473 2018 in
1499 1985 1678 2033 utroque

246 2032 459 2084 nostrum,
489 2047 587 2074 cum
616 2033 779 2089 optime
807 2034 1073 2085 sentiremus,
1095 2048 1210 2074 error
1239 2033 1336 2075 fuit.
1398 2034 1509 2074 Nam
1533 2035 1678 2076 omnia

247 2089 470 2144 utriusque
504 2090 683 2130 consilia
713 2090 765 2131 ad
796 2091 1071 2131 concordiam
1103 2099 1428 2147 spectaverunt:
1463 2106 1547 2145 qua
1576 2106 1676 2133 cum

246 2146 329 2202 ipsi
355 2146 515 2187 Caesari
545 2147 652 2188 nihil
673 2156 783 2188 esset
806 2147 966 2198 utilius,
995 2148 1178 2204 gratiam
1201 2162 1371 2203 quoque
1394 2162 1471 2188 nos
1492 2148 1597 2189 inire
1619 2149 1674 2191 ab

246 2216 314 2254 eo,
337 2202 603 2244 defendenda
626 2219 744 2258 pace,
767 2205 1093 2246 arbitrabamur.
1133 2205 1152 2236 6
1171 2205 1394 2250 Quantum
1415 2218 1492 2245 nos
1514 2204 1676 2246 fefelle-

244 2260 316 2311 rit,
338 2267 381 2300 et
402 2274 528 2314 quem
552 2261 594 2301 in
618 2260 758 2301 locum
782 2276 845 2302 res
872 2261 1056 2303 deducta
1077 2262 1146 2312 sit,
1168 2262 1301 2303 vides.
1362 2262 1513 2316 Neque
1536 2262 1672 2303 solum

242 2330 293 2357 ea
325 2317 544 2372 perspiciS‚
575 2332 672 2371 quae
705 2328 924 2372 geruntur,
958 2333 1140 2374 quaeque
1162 2318 1255 2373 jam
1290 2328 1411 2374 gesta
1445 2328 1565 2360 sunt:
1585 2319 1671 2362 ⁴sed

240 2373 386 2423 etiarn,
409 2373 480 2427 qui
505 2388 651 2414 cursus
673 2389 827 2425 reruni,
859 2376 931 2430 qui
959 2377 1102 2417 exitus
1130 2375 1296 2416 futurus
1322 2375 1390 2415 sit.
1454 2373 1569 2429 Ergo
1596 2385 1672 2417 aut

238 2431 422 2486 probare
454 2439 625 2486 oportet
654 2446 717 2480 ea,
748 2446 844 2486 quae
877 2433 1000 2484 fiunt,
1032 2441 1106 2473 aut
1137 2431 1352 2482 interesse,
1384 2431 1550 2472 etiamsi
1582 2446 1669 2474 non

237 2488 418 2543 probes:
451 2501 631 2541 quorum
655 2487 784 2529 altera
807 2488 911 2529 mihi
936 2489 1087 2544 turpis,
1117 2488 1247 2528 altera
1268 2489 1396 2529 etiam
1428 2488 1668 2542 periculosa

236 2544 347 2587 ratio
369 2544 550 2586 videtur.
594 2543 761 2596 Restat,
786 2555 831 2586 ut
851 2546 1155 2588 discedendum
1177 2555 1338 2601 putem.
1391 2544 1441 2586 In
1463 2559 1549 2599 quo
1572 2545 1669 2587 reli-

276 2675 295 2704 5
310 2673 349 2704 de
363 2674 524 2704 communi
536 2674 632 2713 sent]
651 2674 702 2704 Sic
714 2674 798 2705 edidi
813 2679 925 2705 aucto·
970 2674 1105 2706 busdam
1120 2686 1167 2716 pr.
1185 2676 1300 2716 reperi,
1316 2679 1353 2705 ut
1369 2675 1405 2705 M
1408 2674 1502 2705 ediol.

233 2715 323 2747 ribus
338 2716 430 2746 bonis
446 2715 547 2753 libris,
570 2726 645 2747 cum
661 2716 716 2747 alii
732 2718 927 2747 recentiores
1012 2719 1031 2748 6
1053 2718 1227 2758 ‚Quantum
1243 2716 1479 2757 nosfifellerit]
1507 2715 1666 2748 Similiter

232 2758 273 2787 de
293 2757 471 2788 omittant:
494 2757 580 2797 quod
602 2763 714 2790 tamen
736 2763 769 2789 et
792 2759 825 2788 in
847 2759 928 2790 Mss.
969 2769 1029 2802 pro
1045 2760 1133 2792 Sext.
1151 2763 1202 2793 50.
1216 2761 1278 2791 nisa·
1294 2758 1462 2800 mesallz't,
1477 2768 1519 2790 sc.
1537 2767 1596 2792 ree.

228 2798 327 2832 bonis
343 2805 508 2842 repertum
523 2805 585 2841 est,
600 2806 635 2833 et
649 2810 710 2843 ego
724 2801 758 2833 in
771 2800 843 2833 edd.
859 2801 928 2842 qui-
