1903 3218
318 106 394 141 222
715 103 896 142 EPIST.
922 103 1106 143 LIBER
1132 103 1335 143 NONUS

320 215 410 247 tum
435 206 476 247 in
500 207 746 248 Armeniam
770 216 813 248 et
835 208 1001 263 Syriam
1025 223 1113 249 esse
1138 209 1359 265 perlatum,
1390 207 1503 262 quod
1528 207 1569 247 in
1604 220 1743 248 meam

321 264 576 305 sententiam
590 264 751 305 factum
768 279 857 305 esse
871 265 1050 315 dicatur,
1069 280 1196 320 quam
1210 266 1387 306 omnino
1404 264 1665 304 mentionem
1682 262 1743 304 ul-

187 335 219 367 p.
241 319 404 361 135.lam
425 321 477 362 de
495 335 546 362 ea
566 336 609 362 re
631 336 720 362 esse
743 321 915 362 factam.
974 321 1117 376 Atque
1151 322 1233 363 hoc
1266 322 1397 363 nolim
1420 320 1641 375 mejocari
1665 334 1743 375 pu-

277 381 307 402 ³·
320 385 396 418 tes.
459 378 569 419 Nam
595 378 698 419 mihi
729 378 837 418 scito
860 378 952 432 jam
976 394 1000 418 a
1022 379 1192 433 regibus
1212 379 1372 420 ultimis
1395 377 1540 419 allatas
1562 391 1651 416 esse
1674 376 1742 416 lit-

319 443 441 486 teras,
464 435 619 490 qnibus
639 433 743 474 mihi
767 435 925 488 gratias
944 445 1089 490 agant,
1112 435 1225 489 quod
1258 450 1300 476 se
1323 450 1416 476 mea
1438 433 1649 474 sententia
1677 446 1742 473 re-

315 504 390 547 ges
411 491 738 548 appellaverim:
771 505 877 543 quos
900 505 981 546 ego
1006 506 1086 531 non
1113 492 1239 532 modo
1263 506 1380 547 reges
1398 489 1648 548 appellatos,
1667 488 1740 529 sed

315 548 495 589 omnino
518 557 640 588 natos
663 546 919 588 nesciebam.
972 548 1089 593 Quid
1112 562 1214 603 ergo
1237 551 1327 590 est?
1359 558 1515 598 tamen,
1537 545 1744 601 quamdiu

315 604 386 645 hic
415 605 495 645 erit
528 613 672 644 noster
702 603 771 643 hic
809 602 1037 658 1⁷›raefectns
1074 605 1279 654 moribus,
1312 606 1468 660 parebo
1494 601 1740 644 auctoritati

314 671 415 702 tuae.
449 675 545 701 cum
571 675 668 701 vero
697 660 846 710 aberit,
870 660 921 700 ad
946 660 1101 716 fungos
1124 675 1191 700 me
1212 671 1306 701 tuos
1329 661 1561 702 conferam.
1594 663 1632 693 57
1650 658 1742 700 Do-

312 732 427 758 mum
454 717 485 757 si
508 717 690 767 habebo,
715 717 754 756 in
777 716 908 757 denos
931 717 1034 768 dies,
1057 717 1246 773 singulos
1262 718 1506 758 sumtuariae
1529 717 1634 772 legis
1651 716 1741 756 dies

310 774 544 815 conferam.
605 774 680 814 Sin
715 782 858 813 autem
890 773 1030 815 minus
1061 775 1278 823 invenero,
1307 774 1419 828 quod
1446 774 1634 828 placeat:
1667 773 1741 813 de-

309 832 423 873 crevi
446 830 640 871 habitare
662 829 774 884 apud
798 840 852 870 te.
917 830 1017 871 Scio
1036 832 1149 871 enim
1175 845 1241 871 me
1262 830 1367 871 nihil
1391 831 1467 870 tibi
1490 830 1651 885 gratius
1674 828 1738 869 fa·

309 902 403 929 cere
445 901 583 942 posse.
645 886 836 927 Domum
875 887 1091 928 Sullanam
1130 887 1409 943 desperabam
1444 886 1553 941 jam,
1582 894 1629 926 ut
1659 885 1739 926 tibi

308 944 508 1000 proxime
528 943 676 998 scripsi
695 960 703 984 :
737 943 808 984 sed
833 953 972 985 tamen
999 960 1082 985 non
1104 945 1259 999 abjeci.
1318 943 1382 985 Tu
1407 943 1548 994 velim,
1571 952 1618 983 ut
1636 941 1739 983 scri-

309 1001 388 1052 bis,
407 1015 502 1041 cum
529 999 659 1054 fabris
681 1014 774 1040 eam
808 999 1053 1057 perspicias.
1115 1003 1159 1042 Si
1187 1003 1301 1043 enim
1323 1001 1429 1041 nihil
1451 1010 1516 1041 est
1538 1001 1579 1040 in
1601 998 1739 1055 parie-

307 1059 437 1109 tibus,
461 1057 596 1099 autin
621 1065 735 1098 tecto
757 1057 865 1108 vitii,
887 1070 1028 1099 cetera
1050 1058 1154 1099 mihi
1178 1059 1488 1115 probabuntur.

246 1150 294 1191 16
827 1147 1229 1186 ARGUMENTUM.

307 1210 472 1247 Ostendit
503 1210 597 1245 nihil
626 1221 649 1245 a
673 1222 711 1245 se
738 1212 1019 1257 praetermissum
1050 1212 1087 1247 ὶη
1107 1212 1394 1248 Caesarianorum
1413 1208 1642 1245 concilianda
1667 1207 1738 1242 sibi

355 1263 599 1299 benevolentia
611 1278 622 1297 .·
651 1274 714 1297 nec
732 1263 815 1298 boni
833 1264 918 1298 civis
936 1267 1001 1298 aut
1017 1265 1191 1311 sapientis
1210 1264 1364 1299 hominis
1383 1262 1539 1310 officium
1565 1262 1602 1296 in
1621 1271 1658 1296 se
1676 1259 1736 1295 de·

353 1315 510 1350 siderarz'
525 1325 648 1362 posse:
678 1315 824 1349 tandem
842 1315 890 1350 ad
911 1315 1003 1350 Paeti
1012 1314 1217 1361 jocationes
1234 1316 1434 1364 respondet.

615 1380 849 1422 CICERO
885 1381 1143 1424 PAPIRIO
1177 1381 1354 1424 PAETO
1387 1382 1432 1422 S.

306 1437 779 1489 DELECTARUNT
821 1463 889 1489 me
927 1458 1012 1489 tuae
1051 1448 1231 1491 litterae:
1279 1450 1322 1490 in
1355 1449 1510 1504 quibus
1551 1447 1735 1511 primum

304 1505 443 1546 amavi
463 1519 649 1545 amorem
684 1514 820 1556 tuum,
853 1505 926 1560 qui
967 1515 1007 1546 te
1039 1507 1092 1547 ad
1125 1506 1397 1547 scribendum
1431 1505 1643 1553 incitavit,
1667 1516 1737 1543 ve-

303 1571 481 1613 rentem,
504 1576 557 1602 ne
582 1561 710 1602 Silius
732 1576 809 1602 suo
832 1562 983 1603 nuntio
1006 1562 1167 1618 aliquid
1201 1563 1306 1604 mihi
1340 1560 1639 1603 sollicitudinis
1672 1569 1736 1600 at-

303 1619 493 1660 tulisset:
525 1619 578 1659 de
612 1633 697 1673 quo
732 1629 776 1659 et
814 1628 858 1659 tu
890 1619 995 1660 mihi
1033 1629 1158 1661 antea
1196 1620 1438 1676 scripseras,
1469 1618 1534 1659 bis
1562 1616 1735 1672 quidem

302 1676 454 1717 eodem
499 1676 714 1731 exemplo,
757 1675 882 1716 facile
920 1688 967 1717 ut
999 1676 1296 1732 intelligerem,
1339 1685 1380 1716 te
1414 1689 1504 1716 esse
1543 1688 1736 1715 commo-

305 1743 422 1784 tum;
466 1741 509 1773 et
541 1747 623 1788 ego
655 1732 734 1773 tibi
766 1743 963 1774 accurate
993 1735 1305 1790 rescripseram,
1326 1743 1373 1774 ut
1394 1746 1568 1788 quoquo
1590 1730 1735 1781 modo,

306 1790 348 1831 in
392 1789 464 1830 tali
506 1803 549 1829 re
590 1799 719 1844 atque
760 1798 966 1845 tempore,
1021 1801 1094 1831 aut
1148 1791 1371 1831 liberarem
1414 1800 1456 1830 te
1497 1790 1579 1829 ista
1619 1801 1734 1837 cura,

305 1857 379 1888 aut
413 1854 528 1887 certe
570 1845 768 1887 levarem.
846 1847 928 1887 Sed
964 1862 1094 1902 quum
1132 1848 1340 1904 proximis
1375 1859 1546 1901 quoque
1581 1843 1732 1885 litteris

305 1903 509 1954 ostendis,
539 1912 711 1957 quantae
745 1904 822 1944 tibi
855 1918 968 1945 curae
999 1905 1054 1945 sit
1094 1919 1144 1945 ea
1178 1920 1263 1956 res3
1296 1905 1371 1953 sic,
1401 1904 1460 1944 mi
1495 1902 1628 1951 Paete,
1659 1901 1734 1941 ha-

307 1961 429 2002 beto:
464 1960 673 2015 quidquid
710 1968 800 2001 arte
831 1960 920 2001 fieri
956 1962 1113 2016 poterit
1146 1967 1250 2013 (non
1283 1961 1397 2002 enim
1421 1961 1515 2015 jam
1548 1959 1649 1999 satis
1670 1966 1735 1998 est

306 2017 486 2058 consilio
521 2031 735 2073 pugnare:
768 2018 998 2058 artificium
1032 2019 1246 2073 quoddam
1266 2016 1601 2073 excogitandum
1624 2015 1736 2064 estz)

308 2074 382 2115 sed
413 2083 555 2115 tamen
587 2074 794 2130 quidquid
827 2074 1034 2116 elaborari
1070 2085 1144 2116 aut
1181 2076 1293 2117 effici
1319 2075 1507 2130 potuerit
1541 2073 1593 2114 ad
1631 2072 1736 2112 isto-

310 2145 403 2173 rum
426 2134 464 2162 58
479 2131 811 2172 benivolentiam
839 2132 1151 2174 conciliandam
1174 2143 1217 2173 et
1246 2131 1546 2187 colligendam,
1569 2142 1736 2170 summo

264 2191 297 2223 b·
311 2188 452 2228 studio
495 2202 562 2228 me
601 2198 880 2229 consecutum
917 2204 1031 2232 esse:
1075 2205 1153 2230 nec
1186 2189 1356 2240 frustra,
1387 2200 1433 2229 ut
1454 2188 1650 2229 arbitror.
1675 2185 1736 2227 sic

307 2245 422 2286 enim
445 2245 576 2296 color,
613 2246 674 2286 sic
695 2247 898 2286 observor
926 2247 981 2288 ab
1011 2247 1211 2288 omnibus
1236 2247 1316 2298 his,
1338 2247 1410 2301 qui
1433 2260 1458 2286 a
1480 2244 1650 2286 Caesare
1671 2242 1736 2283 di-

307 2301 515 2357 liguntur,
538 2310 585 2342 ut
614 2302 668 2343 ab
689 2302 756 2343 his
786 2317 854 2343 me
881 2304 1012 2344 amari
1035 2317 1195 2359 putem.
1257 2303 1369 2345 Nam
1392 2302 1471 2343 etsi
1495 2316 1579 2343 non
1610 2298 1735 2341 facile

305 2358 567 2414 dijudicatur
589 2373 709 2399 amor
738 2374 861 2400 verus
882 2372 925 2401 et
953 2361 1093 2410 fictus,
1124 2361 1204 2401 nisi
1239 2360 1408 2415 aliquod
1441 2359 1602 2400 incidat
1623 2356 1736 2411 ejusd

304 2415 423 2457 modi
447 2424 630 2471 tempuS,
663 2425 722 2467 ut,
745 2416 863 2471 quasi
898 2432 1045 2459 aurum
1081 2418 1186 2474 igni,
1209 2418 1269 2458 sic
1305 2415 1594 2458 benivolentia
1630 2413 1732 2454 fide-

347 2543 385 2573 57
409 2539 556 2570 Domum
583 2540 611 2569 si
639 2538 771 2578 habebo]
796 2549 840 2569 sc.
867 2541 900 2570 in
927 2542 997 2571 istis
1039 2542 1254 2579 colligendum
1277 2551 1293 2571 e
1316 2541 1380 2570 Ms.
1404 2546 1442 2568 ut
1463 2540 1591 2579 opinor,
1613 2538 1734 2569 Medic.

304 2582 510 2621 regionibus:
526 2581 566 2612 de
578 2591 642 2620 qua
656 2586 740 2620 post.
758 2591 831 2611 mox
848 2583 914 2612 dies
924 2590 997 2622 post
1040 2589 1073 2613 et
1093 2584 1138 2613 sic
1154 2591 1203 2613 est
1215 2585 1313 2613 etiam
1329 2583 1361 2612 in
1378 2582 1440 2612 Ms.
1457 2588 1568 2611 nostro
1585 2592 1604 2612 a
1618 2591 1665 2612 m.
1683 2591 1733 2621 pr.

301 2625 446 2662 singulos
457 2624 619 2654 omittunt
628 2624 821 2653 recentiores
831 2624 996 2663 edd.quae-
1040 2630 1073 2655 et
1089 2626 1151 2655 Gu.
1171 2629 1197 2655 1.
1212 2625 1296 2663 quod
1309 2630 1341 2654 ct
1357 2625 1515 2660 Gruterus
1527 2628 1657 2654 secutus
1670 2627 1734 2654 est.

302 2665 392 2702 dam,
415 2671 548 2696 auctore
570 2666 607 2696 Ρ.
631 2665 795 2695 Manutio.
818 2675 884 2696 non
900 2667 997 2703 male,
1041 2667 1114 2697 Scio
1129 2666 1189 2696 hoc
1205 2667 1278 2696 ferri
1296 2676 1398 2705 posse,
1415 2672 1448 2695 et
1463 2675 1530 2695 esse
1546 2666 1611 2696 alia
1625 2675 1733 2696 exem-

302 2707 430 2746 opinor.
1041 2709 1093 2748 pla
1118 2714 1263 2749 reperta:
1288 2709 1342 2739 sed
1370 2717 1434 2738 non
1450 2715 1518 2738 esse
1533 2708 1628 2738 credo
1644 2718 1664 2738 a
1679 2708 1733 2737 Ci-

346 2751 385 2780 58
422 2749 666 2780 benivolentiam
697 2750 935 2780 conciliandam
964 2755 995 2780 et
1039 2760 1167 2787 cerone,
1195 2751 1248 2790 qni
1271 2752 1305 2781 in
1326 2750 1470 2790 epistolis
1487 2759 1551 2779 non
1566 2750 1635 2790 agit
1647 2750 1735 2780 anti-

302 2790 389 2829 coll.]
415 2792 466 2821 Sic
480 2791 551 2821 edd.
565 2801 613 2832 pr.
628 2795 667 2822 ut
681 2792 779 2822 Rom.
799 2794 888 2825 1471.
906 2792 995 2823 Med,
1039 2793 1199 2831 quai-ium.
1252 2793 1336 2823 Cum
1363 2792 1491 2823 Graevio
1522 2798 1662 2824 veterem
1689 2792 1735 2823 le-

303 2833 362 2863 &c.
406 2833 571 2864 victorius
593 2833 683 2866 dedit
705 2834 943 2866 conciliandum
965 2839 996 2866 ec
1038 2835 1181 2867 ctionem
1196 2840 1326 2867 secutus
1341 2844 1427 2866 sum.
