1865 3223
325 119 404 156 394
560 114 738 153 EPIST.
764 114 951 153 LIBER
978 115 1522 158 QUINTUSDECIMUS

325 219 500 270 derem3
530 218 856 275 distributisque
888 218 1138 261 cohortibus
1171 228 1214 260 et
1243 219 1428 270 auxiliis,
1450 234 1548 261 cum
1579 220 1672 261 aliis
1703 221 1760 267 Q.

326 276 472 327 frater,
514 275 694 332 legatus,
737 291 904 318 mecum
948 275 1100 328 simul3
1142 276 1235 318 aliis
1277 277 1328 318 C
1364 276 1605 328 Pomtinus,
1645 276 1761 333 lega-

326 342 425 385 tus;
459 310 630 390 reliquis
655 334 722 375 M.
745 334 953 385 Anneius,
976 343 1018 373 et
1053 334 1101 375 L.
1123 332 1327 384 Tulleius,
1349 333 1478 389 legati
1505 344 1761 398 praeessent:

325 367 551 446 plerbsque
590 405 666 432 nec
699 391 923 446 opinantes
956 390 1260 445 oppressimus,
1289 392 1362 447 qui
1396 391 1526 431 occisi
1562 391 1763 446 captique

326 457 441 499 sunt,
475 447 692 488 interclusi
732 447 850 502 fuga.
913 445 1094 486 Eranam
1129 455 1287 498 autem,
1315 463 1410 502 quae
1446 447 1528 488 fuit
1560 461 1646 488 non
1677 462 1761 488 vici

326 504 474 555 instar,
505 505 577 545 sed
613 504 742 552 urbis,
771 491 887 557 quod
920 513 1010 542 erat
1039 501 1195 544 Amani
1232 515 1376 559 caput,
1403 505 1590 559 itemque
1625 505 1761 559 Sepy-

326 575 415 602 ram
450 571 493 601 et
525 561 794 609 Commorin,
821 562 861 588 20
875 559 1028 599 acriter
1062 569 1105 599 et
1138 559 1210 599 diu
1248 563 1602 617 iepuguantibus,
1634 559 1764 602 Pom-

326 618 419 659 tino
444 618 556 658 illam
593 626 754 672 partem
778 615 934 657 Amani
970 624 1156 666 tenente,
1179 631 1231 657 ex
1267 619 1520 659 antelucano
1556 628 1762 673 tempore,

326 689 461 729 usque
483 674 534 715 ad
559 674 706 714 horam
731 673 815 714 diei
838 673 1064 723 decimam,
1088 687 1214 728 magn
1221 688 1244 713 a
1274 674 1549 715 multitudine
1573 675 1762 715 hostium

325 732 483 783 occisa,
505 732 723 787 cepimus:
756 729 1013 794 castellaque
1042 744 1115 769 sex
1138 740 1294 794 capta:
1328 731 1547 785 complura
1571 731 1763 773 incendi-

324 803 435 829 mus.
498 788 581 829 His
615 788 740 829 iebus
764 787 823 827 ita
855 787 1001 841 gestis,
1024 796 1162 828 castra
1198 802 1239 827 in
1270 788 1485 828 radicibus
1508 788 1662 829 Amani
1687 788 1763 828 ha·

325 846 498 886 buimus
531 845 645 900 apud
673 844 780 885 Aras
810 842 1045 884 Alexandri
1079 844 1379 898 quatriduum:
1412 853 1454 884 et
1493 844 1536 884 in
1574 845 1763 899 reliquiis

324 901 483 943 Amani
517 901 722 966 delendis,
744 901 943 957 agrisque
967 901 1197 951 vastandis,
1219 916 1316 956 quae
1351 915 1446 956 pars
1482 901 1573 956 ejus
1604 903 1763 942 montis

325 974 434 1000 meae
459 958 694 1014 provinciae
724 970 804 1008 est,
829 958 869 998 id
905 967 1073 1013 tempus
1103 972 1230 998 omne
1258 958 1585 998 consumsimus.
1648 958 1766 999 Con-

305 1016 451 1057 .fectis
475 1016 540 1056 his
564 1017 703 1066 rebus,
723 1015 777 1056 ad
798 1015 1006 1070 oppidum
1034 1014 1436 1056 Eleutherocilicum
1462 1015 1764 1056 Pindenissum

325 1073 565 1115 exeicitum
597 1073 784 1114 adduxi·
818 1072 933 1127 quod
965 1086 1063 1112 cum
1091 1081 1202 1112 esset
1235 1072 1443 1113 altissimo
1463 1082 1505 1113 et
1528 1071 1765 1112 munitissi-

324 1145 397 1171 mo
419 1130 530 1180 loco,
553 1130 638 1170 ab
630 1130 766 1184 iisque
790 1129 1060 1178 incoleretur,
1085 1129 1158 1183 qui
1193 1143 1246 1169 ne
1276 1130 1448 1184 regibus
1472 1130 1645 1184 quidem
1673 1143 1764 1169 um-

324 1202 453 1243 quam
489 1187 754 1243 paruissent;
786 1201 884 1226 cum
917 1195 959 1226 et
994 1185 1202 1241 fugitivos
1238 1187 1490 1242 reciperent,
1513 1197 1554 1226 et
1583 1185 1764 1226 Partho-

325 1260 419 1285 rum
450 1245 682 1285 adventum
719 1243 925 1285 acerrime
959 1252 1285 1298 exspectarent:
1318 1243 1370 1284 ad
1400 1243 1764 1283 existimationem

324 1301 493 1357 imperii
528 1301 738 1357 pertinere
772 1301 1002 1340 arbitratus
1033 1314 1140 1350 sum,
1163 1301 1445 1356 comprimeie
1467 1315 1612 1341 eorum
1636 1300 1766 1340 auda-

324 1373 463 1410 c13m3
495 1373 580 1413 quo
604 1357 770 1398 facilius
793 1356 924 1397 etiam
946 1332 1185 1397 ceteroru'm
1211 1372 1452 1411 an1m1,qu1
1475 1358 1599 1398 alieni
1624 1365 1765 1397 essent

325 1416 412 1457 ab
404 1415 584 1470 imperio
607 1423 769 1464 nostro,
790 1413 837 1453 fr·
829 1423 1101 1469 angerentur.
1133 1413 1170 1452 V
1175 1413 1255 1454 allo
1278 1424 1321 1455 et
1343 1413 1457 1454 fossa
1474 1414 1763 1455 circumdedi:

324 1486 401 1513 sex
424 1471 623 1522 castellis,
645 1471 882 1535 castrisque
905 1470 1105 1510 maximis
1138 1471 1274 1525 sepsi:
1307 1485 1478 1526 aggere,
1503 1471 1652 1520 vineis,
1675 1481 1765 1511 tur·

324 1530 442 1570 ribus
478 1527 757 1584 oppugnavi:
792 1541 975 1581 ususque
1011 1527 1234 1567 tormentis
1267 1527 1428 1577 multis,
1450 1527 1596 1568 multis
1633 1528 1765 1583 sagit-

324 1586 458 1649 tali-is,
497 1588 711 1641 fflmagno
750 1583 895 1625 labore
933 1597 1044 1634 meo,
1080 1583 1171 1624 sine
1209 1583 1294 1625 ulla
1333 1584 1528 1625 molestia
1568 1594 1765 1625 sumtuve

324 1642 555 1692 sociorum,
597 1642 782 1697 septimo
820 1640 1181 1696 quinquagesimo
1223 1641 1292 1681 die
1333 1656 1420 1682 rem
1462 1639 1662 1682 confeci.
1703 1650 1765 1692 ut,

324 1701 526 1740 omnibus
549 1699 744 1755 partibus
767 1698 884 1738 u1bis
903 1697 1169 1749 disturbatis,
1189 1708 1262 1738 aut
1285 1698 1483 1748 incensis,
1503 1673 1766 1762 2‘2compulsi

324 1757 369 1798 in
393 1765 651 1812 potestatem
676 1769 812 1796 meam
851 1755 1135 1818 pervenirent.
1199 1754 1281 1795 His
1314 1765 1434 1796 erant
1468 1755 1640 1796 finitimi
1677 1769 1766 1810 pari

324 1815 482 1855 scelere
504 1824 548 1854 et
569 1813 748 1853 audacia
769 1810 1077 1852 Tib‹.·11an1:ab
1100 1811 1182 1861 his,
1207 1811 1460 1852 Pindenisso
1483 1821 1626 1867 capto,
1649 1812 1765 1852 obsi-

322 1871 398 1912 des
420 1870 593 1926 accepi:
625 1869 865 1910 exercitum
889 1868 930 1909 in
957 1868 1134 1909 hiberna
1155 1868 1312 1909 dimisi.
1357 1870 1413 1915 Q.
1434 1869 1605 1909 fr·aticm
1632 1884 1765 1914 nevo-

324 1928 386 1968 tio
428 1927 662 1983 praeposui,
702 1935 749 1966 ut
781 1925 823 1965 in
862 1925 983 1975 vicis,
1019 1934 1093 1966 aut
1130 1925 1284 1980 captis,
1321 1936 1395 1966 aut
1436 1926 1544 1966 male
1585 1926 1765 1980 pacatis,

323 1985 540 2026 exercitus
569 1983 865 2025 collocaretur
929 1982 1058 2022 Nunc
1082 1981 1207 2023 velim
1241 1983 1320 2023 tibi
1343 1983 1404 2024 sic
1437 1983 1705 2046 persuadeas,
1730 1982 1765 2022 si

323 2042 377 2083 de
412 2041 477 2082 his
512 2042 637 2082 rebus
671 2040 723 2081 ad
757 2047 950 2080 senatum
987 2038 1165 2079 relatum
1199 2040 1268 2089 sit,
1304 2054 1370 2080 me
1402 2039 1765 2090 existima·tu1um,

324 2113 534 2140 summam
573 2097 679 2138 mihi
716 2097 884 2137 laudem
925 2096 1147 2146 tributam,
1178 2096 1210 2136 si
1250 2106 1292 2137 tu
1324 2098 1363 2126 23
1379 2096 1584 2137 honorem
1623 2110 1765 2137 meum

323 2156 538 2197 sententia
560 2164 635 2196 tua
652 2152 962 2209 comprobaris.
996 2152 1145 2208 quue,
1167 2153 1245 2193 etsi
1270 2153 1425 2194 talibus
1447 2154 1500 2195 de
1522 2154 1646 2194 rebus
1669 2168 1768 2209 gra-

322 2212 522 2255 vissimos
559 2212 755 2253 homines
791 2219 835 2251 et
867 2224 1019 2266 rogare
1053 2210 1200 2261 solere,
1227 2219 1270 2250 et
1303 2211 1443 2266 rogari
1482 2210 1585 2260 scio,
1621 2219 1764 2251 tamen

322 2269 640 2333 admonendum
669 2268 813 2332 potius
844 2277 886 2307 te
921 2282 946 2307 a
979 2280 1061 2317 me,
1084 2281 1212 2331 quam
1246 2267 1483 2323 rogandum
1520 2276 1639 2322 puto.
1699 2266 1765 2308 Tu

321 2340 367 2367 es
404 2326 519 2367 enim
554 2326 602 2377 is,
625 2341 698 2381 qui
737 2339 804 2366 me
839 2324 922 2365 tuis
956 2324 1179 2365 sententiis
1209 2324 1443 2380 saepissime
1473 2325 1658 2366 ornasti:
1691 2323 1764 2379 qui

322 2383 533 2434 oratione,
555 2397 627 2438 qui
652 2381 975 2438 praedicatione,
997 2382 1070 2436 qui
1103 2396 1279 2422 summis
1310 2381 1539 2423 laudibus
1531 2396 1573 2421 in
1598 2391 1764 2432 senatu,

364 2516 405 2544 20
428 2523 459 2543 α.
476 2516 506 2542 et
522 2512 578 2541 diu
594 2510 869 2550 repugnantibus]
896 2509 1024 2540 Intelli-
1109 2512 1149 2541 22
1171 2511 1340 2550 compulsi]
1359 2511 1432 2541 Hoc
1446 2511 1577 2540 verbum
1594 2510 1701 2540 alieno
1717 2510 1766 2540 lo-

323 2555 465 2595 gendum
489 2554 667 2594 oppidanis,
683 2553 708 2582 si
732 2562 806 2582 vcra
828 2559 876 2581 est
900 2552 1023 2583 lectio:
1068 2563 1105 2581 co
1118 2558 1179 2583 cst.
1194 2563 1268 2583 nam
1284 2554 1518 2592 cumpartibus
1530 2553 1619 2582 urbis
1629 2554 1685 2582 ἃς.
1700 2563 1766 2583 non

323 2597 411 2636 quod
427 2597 588 2626 mihiuon
605 2593 826 2635 persuadetur.
870 2594 954 2623 Puto
969 2594 1022 2624 (Σί-
1066 2594 1228 2624 cohaerere
1264 2600 1383 2634 potest.
1415 2595 1523 2633 itaque
1554 2599 1611 2624 aut
1646 2595 1766 2625 excidit

325 2648 477 2669 ceronem
500 2638 622 2668 dedisse
644 2640 876 2676 repugnantes,
899 2641 935 2665 ut
950 2636 1021 2675 jam
1065 2637 1306 2666 substantivum
1332 2638 1388 2673 rei,
1407 2646 1468 2675 qun
1490 2636 1650 2675 compulsi
1673 2641 1765 2673 sunt,

324 2680 510 2713 Lambino
504 2691 537 2709 ιη
554 2684 699 2710 mentem
714 2678 815 2708 venit.
1066 2684 1124 2708 aut
1140 2679 1272 2708 verbum
1290 2679 1395 2718 ipsum
1412 2683 1460 2708 est
1476 2679 1664 2708 insititium.

366 2726 403 2753 21
442 2732 562 2761 magno
589 2722 697 2751 labore
725 2720 808 2759 meo]
839 2730 906 2750 meo
933 2719 1024 2749 abest
1109 2723 1149 2750 23
1173 2721 1324 2750 honorem
1350 2720 1472 2759 meum]
1505 2721 1668 2759 Intelligit
1690 2730 1766 2760 sup·

326 2764 391 2796 Ms.
412 2764 449 2793 E.
481 2765 512 2794 id
536 2764 650 2795 Cicero
671 2762 808 2799 addidit,
831 2767 868 2792 ut
890 2772 1022 2792 accura-
1067 2761 1302 2802 plicationem3
1326 2773 1423 2801 quam
1445 2763 1506 2793 sibi
1528 2763 1636 2794 deberi
1651 2763 1692 2793 ob
1708 2762 1765 2793 has

323 2806 390 2836 tius
405 2811 627 2847 opponeretur
641 2805 787 2836 molestia
806 2808 957 2836 sumtuve
976 2814 1023 2834 so·
1068 2814 1118 2835 res
1133 2809 1239 2844 gestas
1255 2806 1404 2845 putabat.

325 2858 461 2879 morum,
