1903 3218
403 98 483 137 AD
508 98 565 136 M.
593 96 936 136 VARRONEM
962 96 1037 134 ET
1063 97 1345 138 CETEROS.
1514 103 1590 138 2‘28

163 195 214 242 lis
240 202 426 267 periculo
448 202 590 258 aliquo
615 201 796 257 perspici
826 200 985 256 possit;
1016 209 1157 241 cetera
1192 210 1291 241 sunt
1320 202 1443 256 signa
1473 217 1592 244 com-

164 260 333 301 munia:
366 260 438 300 sed
468 274 550 316 ego
585 272 668 298 uno
701 266 799 297 utor
831 267 1101 320 argumento,
1133 258 1413 311 quamobrem
1448 272 1514 299 me
1535 274 1589 301 ex

165 316 309 356 animo
332 330 513 371 vereque
493 293 712 356 *arbitrer
735 314 872 369 diligi,
894 327 996 369 quia
1013 323 1056 354 et
1079 323 1224 354 nostra
1245 313 1419 354 fortuna
1440 327 1491 355 ea
1511 326 1590 366 est,

162 382 207 412 et
229 373 412 423 illorum,
434 382 481 413 ut
509 370 735 412 simulandi
765 385 894 411 causa
925 385 1009 412 non
1045 371 1113 411 sit.
1172 373 1212 404 59
1228 369 1295 411 De
1328 370 1399 410 illo
1431 381 1589 423 autem,

162 443 290 493 quem
313 444 440 485 penes
458 437 522 469 est
543 428 682 468 omnis
707 437 906 482 potestaS,
943 426 1050 468 nihil
1085 427 1222 477 video,
1251 427 1367 482 quod
1390 427 1587 470 timeam:

162 486 243 526 nisi
261 486 376 541 quod
392 486 537 526 omnia
558 494 657 524 sunt
677 485 851 534 incerta,
874 499 972 525 cum
995 500 1019 524 3
1034 484 1132 539 jure
1148 484 1382 525 discessum
1399 494 1486 525 est:
1511 500 1590 526 nec

161 543 355 598 praestari
375 542 609 597 quidquam
634 552 787 597 potest,
809 542 932 595 quale
955 542 1146 582 fututum
1170 541 1238 591 sit,
1262 541 1376 596 quod
1401 541 1590 596 positum

161 609 226 640 est
256 601 298 640 in
330 599 502 639 alterius
541 598 773 649 voluntate,
816 613 868 638 ne
907 598 1048 639 dicam
1080 598 1273 639 libidine.
1334 598 1416 640 Sed
1446 608 1589 640 tamen

159 657 252 710 ejus
271 656 403 711 ipsius
426 655 539 696 nulla
562 670 605 696 ie
625 670 650 696 a
672 669 738 696 me
760 654 947 696 offensus
969 666 1030 695 est
1050 656 1231 696 animus.
1283 653 1359 696 Est
1379 655 1494 696 enim
1515 655 1589 697 ad·

163 713 302 753 hibita
332 712 376 752 in
407 727 456 753 ea
487 727 531 753 re
558 712 650 768 ipsa
680 726 846 752 summa
868 727 892 752 a
912 713 1037 753 nobis
1069 711 1320 753 moderatio.
1385 711 1445 753 Ut
1473 713 1589 754 enim

160 768 263 809 olim
294 770 546 820 arbitrabar,
567 784 658 810 esse
688 783 829 810 meum
854 769 986 810 libere
1012 769 1144 824 loqui,
1168 769 1291 824 cujus
1320 783 1450 824 opera
1479 778 1590 810 esset

158 826 202 866 in
225 827 401 867 civitate
422 826 619 868 libertas:
652 825 729 876 sic,
746 840 796 867 ea
818 840 931 866 nunc
950 827 1119 876 amissa,
1141 826 1182 857 60
1196 825 1302 867 nihil
1321 826 1454 881 loqui,
1473 826 1589 882 quod

159 882 351 924 offendat
373 892 447 924 aut
469 883 594 933 illius,
613 892 688 923 aut
707 897 869 933 eorum,
888 885 962 938 qui
992 884 1045 924 ab
1068 883 1140 924 illo
1167 883 1419 939 diliguntur,
1441 883 1590 924 volun-

159 948 305 982 tatem.
367 940 404 970 6¹
422 939 624 995 Effugere
644 950 787 980 autem
811 941 843 980 si
869 941 1016 981 vellem
1041 940 1341 981 nonnullorum
1370 950 1494 981 acute
1515 949 1592 981 aut.

158 996 298 1039 facete
320 997 533 1038 dictorum
566 996 863 1047 offensionem,
886 998 1001 1038 fama
1032 997 1193 1052 ingenii
1220 997 1325 1038 mihi
1347 1007 1457 1038 esset
1479 997 1592 1052 abji-

156 1054 336 1096 cienda:
368 1055 482 1108 quod
512 1054 546 1095 si
573 1067 754 1109 possem,
779 1068 864 1095 non
895 1068 1148 1096 recusarem.
1209 1054 1292 1095 Sed
1327 1065 1466 1095 tamen
1499 1055 1591 1110 ipse

159 1110 306 1153 Caesar
329 1111 459 1152 habet
490 1124 661 1166 peracre
685 1111 924 1166 judicium:
963 1121 1020 1162 et,
1044 1121 1090 1151 ut
1113 1112 1304 1162 Servius,
1325 1111 1455 1152 fiatei
1477 1120 1590 1163 tuuS,

158 1183 286 1223 quem
323 1168 678 1209 litteratissimum
704 1168 835 1208 fuisse
858 1168 1026 1222 judico,
1049 1168 1174 1208 facile
1197 1143 1373 1218 dicei-,et
1396 1167 1468 1209 hic
1498 1182 1588 1209 ver-

159 1240 229 1266 sus
262 1225 404 1266 Plauti
436 1240 521 1266 non
553 1234 632 1275 est,
656 1224 725 1264 hic
756 1237 834 1275 est,
856 1225 972 1279 quod
1005 1225 1126 1265 tritas
1153 1239 1274 1266 aures
1306 1199 1483 1265 habetet
1513 1239 1591 1266 no-

159 1283 298 1323 tandis
335 1283 563 1334 generibus
604 1281 840 1336 poetarum,
871 1292 914 1322 et
951 1282 1262 1322 consuetudine
1296 1281 1488 1337 legendi:
1529 1282 1590 1324 sic

156 1339 284 1380 audio
308 1338 539 1389 Caesarem,
561 1352 659 1378 cum
685 1337 901 1379 volumina
923 1338 1017 1392 jam
1047 1338 1284 1379 confecerit
1303 1340 1589 1389 ἀποφθεγμάτων,

153 1395 195 1425 62
208 1396 241 1436 si
264 1395 379 1450 quod
410 1394 612 1436 afferatur
643 1394 694 1435 ad
726 1410 822 1435 eum
854 1409 931 1449 pro
961 1409 1070 1458 meo,
1093 1396 1208 1450 quod
1244 1408 1384 1436 meum
1409 1407 1496 1434 non
1519 1394 1589 1444 sit,

155 1452 332 1508 rejicere
354 1452 512 1493 solere:
544 1452 660 1506 quod
681 1466 732 1492 eo
765 1467 879 1493 nunc
901 1453 1038 1508 magis
1063 1451 1180 1503 facit,
1202 1454 1303 1507 quia
1327 1452 1477 1491 vivunt
1497 1464 1587 1490 me-

155 1524 254 1550 cum
277 1509 365 1550 fere
385 1508 580 1573 quotidie
601 1508 713 1549 illius
738 1486 999 1550 familiares?
1044 1508 1247 1550 Incidunt
1269 1518 1411 1549 autem
1435 1508 1479 1548 in
1502 1519 1716 1557 ser-p.136.

155 1579 284 1607 mone
314 1567 430 1608 vario
460 1565 609 1616 multa,
630 1581 728 1620 quae
760 1565 953 1617 Fortasse,
979 1565 1058 1606 illis
1092 1581 1188 1607 cum
1221 1566 1330 1617 dixi,
1353 1579 1430 1606 nec
1462 1563 1631 1605 illite-a-

155 1632 261 1674 rata,
285 1637 362 1664 nec
393 1623 551 1664 insulsa
581 1636 672 1663 esse
701 1623 940 1664 videantur.
1003 1622 1114 1664 Haec
1145 1624 1196 1664 ad
1229 1623 1347 1663 illum
1370 1636 1468 1663 cum
1493 1621 1590 1662 ieli-

155 1680 251 1735 quis
272 1681 379 1721 actis
402 1679 686 1736 perferuntur.
718 1680 779 1720 ita
800 1681 915 1720 enim
939 1681 1029 1735 ipse
1051 1680 1285 1721 mandavit.
1346 1680 1417 1720 Sic
1440 1678 1503 1728 fit,
1526 1688 1589 1729 ut,

153 1738 188 1778 si
229 1737 334 1792 quid
376 1746 583 1793 praeterea
622 1736 675 1777 de
716 1751 784 1777 me
823 1737 984 1786 audiat,
1024 1751 1107 1778 non
1149 1736 1408 1778 audiendum
1449 1744 1588 1799 putet.

155 1793 447 1841 Quamobrem
472 1793 693 1835 OEnomao
719 1805 793 1834 tuo
827 1793 932 1834 nihil
960 1807 1080 1835 utor:
1113 1794 1193 1834 etsi
1223 1795 1262 1825 63
1279 1793 1459 1850 posuisti
1491 1793 1588 1834 loco

157 1865 299 1893 versus
318 1850 547 1893 Accianos.
608 1850 690 1891 Sed
710 1865 807 1905 quae
825 1861 890 1891 est
911 1851 1095 1892 invidia?
1126 1860 1200 1891 aut
1220 1851 1324 1905 quid
1344 1849 1449 1890 mihi
1473 1864 1588 1892 nunc

153 1907 335 1950 invideri
359 1910 528 1964 potest?
589 1908 746 1948 Veium
778 1907 846 1948 fac
868 1922 959 1948 esse
984 1908 1143 1948 omnia.
1204 1908 1276 1949 Sic
1299 1908 1423 1949 video
1449 1906 1590 1971 pbilo-

153 1965 301 2021 sophis
323 1965 532 2021 placuisse
562 1964 628 2016 iis,
655 1965 728 2020 qui
760 1965 866 2006 mihi
889 1965 966 2006 soli
1000 1965 1198 2005 videntur
1221 1966 1306 2006 vim
1332 1964 1503 2005 virtutis
1528 1972 1589 2004 te-

151 2036 267 2073 nere,
291 2022 399 2063 nihil
429 2036 519 2063 esse
551 2021 755 2078 sapientis
785 2032 1003 2077 praestare,
1027 2022 1109 2063 nisi
1141 2021 1334 2086 culpam,
1366 2036 1451 2077 qua
1482 2019 1589 2061 mihi

153 2079 301 2121 videor
330 2077 559 2135 dupliciter
589 2093 752 2120 carere:
787 2089 831 2119 et
861 2079 975 2134 quod
999 2093 1048 2120 ea
1070 2081 1289 2131 senserim,
1312 2093 1410 2134 quae
1442 2078 1589 2119 rectis-

889 2214 963 2239 tum
992 2211 1027 2240 in
1062 2211 1169 2240 tirone
1203 2209 1305 2240 etiam
1342 2206 1589 2248 reprehendam.

890 2251 1005 2282 Delevi
1033 2253 1135 2282 etiam
1166 2252 1203 2281 id
1229 2257 1302 2291 post
1332 2251 1416 2290 quod
1437 2251 1476 2286 si,
1504 2249 1593 2288 quod

889 2302 1017 2333 semper
1039 2305 1092 2325 me
1113 2293 1274 2324 offendit:
1305 2298 1340 2324 et
1367 2293 1460 2323 abest
1482 2302 1502 2322 a
1524 2291 1587 2322 Ms.

890 2340 1014 2365 nostro.

195 2211 234 2243 59
251 2207 304 2240 De
316 2209 372 2239 illo
384 2207 510 2248 autem]
528 2208 605 2239 Non
617 2209 760 2240 cohaeret
773 2219 847 2239 cum

152 2251 249 2282 verbo
273 2253 386 2282 timeo:
409 2250 496 2290 quod
521 2250 601 2281 alias
624 2261 701 2282 cum
718 2251 757 2280 de
770 2261 848 2281 con-

148 2294 233 2324 strui
261 2297 352 2323 certo
376 2302 472 2323 sensu
501 2298 628 2332 potest:
653 2293 707 2332 qui
735 2298 848 2324 tamen

149 2342 199 2366 est
214 2336 255 2367 ab
270 2335 304 2366 h.
320 2335 341 2366 l.
356 2335 493 2366 alienus.
527 2334 600 2373 Est,
616 2335 701 2375 quod
716 2335 756 2366 ad
771 2345 847 2366 eum

150 2379 284 2409 attinet.

932 2378 973 2408 62
994 2379 1021 2408 εἰ
1049 2378 1134 2417 quod
1167 2376 1244 2418 aff]
1291 2378 1354 2409 int.
1387 2377 1587 2417 ἀτὸφθενγμα.

192 2420 235 2451 60
255 2420 341 2451 nihil
355 2419 454 2460 loqui]
481 2418 545 2449 Hic
568 2418 781 2459 repetendum
797 2424 847 2450 est

149 2473 168 2493 e
182 2463 352 2504 superiori,
370 2472 477 2493 meum
493 2471 558 2492 esse
572 2462 717 2492 arbitror
727 2474 736 2491 .·
760 2462 846 2492 unde

150 2512 225 2545 post
239 2510 288 2537 est
302 2504 458 2546 effendat.

189 2548 228 2578 61
253 2546 419 2588 Effugere
440 2549 468 2577 εἰ
489 2547 709 2577 velim—mihi
723 2551 769 2576 est
786 2547 843 2577 ab·

140 2588 290 2630 jicienda
304 2601 313 2619 :
335 2600 364 2630 q.
383 2590 412 2620 si
431 2589 570 2628 possem]
608 2589 671 2619 Hic
693 2594 844 2629 tempora

152 2631 236 2663 male
263 2632 460 2672 discrepant,
489 2633 632 2670 itemque
661 2631 761 2661 modi.
809 2632 844 2661 Si

150 2675 247 2704 velim
262 2684 374 2704 verum
389 2679 486 2710 esset,
502 2673 632 2704 deberet
649 2673 736 2712 sequi
759 2674 845 2703 sit—

147 2717 232 2755 quod
243 2717 270 2746 si
280 2716 597 2756 possim—recusem.
642 2715 704 2745 Sed
724 2714 844 2746 ultima

143 2767 496 2798 possem—‘recusarem
523 2757 703 2787 ostendunt
733 2767 842 2788 veram

149 2801 340 2833 lectionem:
357 2809 474 2840 nempe
484 2800 511 2829 si
525 2800 760 2830 vellem—-esset
775 2798 842 2839 abj.

148 2848 182 2874 et
196 2844 241 2875 sic
257 2851 323 2880 non
337 2841 483 2872 dubitavi
497 2841 609 2872 edere:
635 2850 712 2872 nam
728 2840 841 2880 vulga-

890 2419 1038 2459 quaedam
1053 2420 1126 2450 edd.
1141 2420 1230 2459 quid.

931 2462 970 2492 63
988 2463 1124 2501 posuisti
1138 2462 1217 2501 Ioco]
1243 2462 1264 2492 i.
1276 2472 1305 2493 e.
1321 2467 1397 2503 apte
1410 2460 1585 2493 adhibuisti

889 2513 1010 2540 versus,
1026 2505 1060 2534 in
1076 2514 1140 2543 quo
1154 2504 1330 2534 artificium
1350 2510 1384 2534 et
1405 2513 1477 2534 aere
1495 2502 1586 2543 judi-

886 2546 974 2576 cium
1002 2556 1083 2583 esse,
1106 2546 1216 2586 aliquo
1244 2546 1316 2576 loco
1339 2545 1434 2576 docet
1457 2546 1584 2576 Cicero.

886 2586 1052 2618 Victorius
1071 2589 1131 2625 ait,
1148 2598 1262 2618 omnes
1284 2588 1355 2619 edd.
1372 2592 1449 2618 ante
1471 2596 1504 2617 se
1527 2586 1586 2617 ha-

886 2629 961 2660 bere
967 2628 1054 2670 joco
1092 2630 1197 2661 Falso.
1214 2632 1277 2660 loco
1291 2637 1339 2660 est
1354 2631 1387 2660 in
1403 2629 1472 2659 edd.
1488 2629 1585 2660 Rom.

889 2674 980 2705 1471.
999 2673 1086 2703 Med.
1100 2673 1174 2703 Ald.
1197 2674 1286 2703 1502.
1304 2673 1362 2702 &c.
1388 2671 1530 2720 primum
1550 2672 1584 2702 in

884 2714 935 2744 ed.
960 2717 1036 2745 Asc.
1054 2715 1160 2755 prima
1182 2714 1286 2753 reperi
1302 2712 1389 2753 joco,
1413 2713 1499 2751 quod
1511 2715 1585 2753 jain

885 2757 1068 2788 Cratander
1082 2757 1235 2790 correxit,
1251 2756 1331 2785 item
1343 2761 1377 2785 et
1390 2754 1585 2795 HervagiuS.

886 2800 920 2829 P.
939 2800 1110 2830 Manutius
1127 2798 1225 2829 habet
1232 2795 1319 2837 joco,
1335 2797 1414 2828 sed
1407 2807 1432 2828 is
1447 2802 1498 2829 est
1510 2805 1584 2839 post

884 2841 1079 2873 Victorium.
