1903 3218
418 96 495 134 AD
520 95 571 134 D.
602 92 863 133 BRUTUM
888 92 964 130 ET
990 91 1265 129 CETEROS.
1494 93 1571 131 295

136 215 226 243 rem
261 199 407 252 fuisse,
429 208 472 240 et
497 197 770 240 moderandae
802 194 1025 246 victoriae3
1056 194 1099 234 in
1128 208 1229 249 quo,
1251 193 1322 248 qui
1351 193 1454 234 mihi
1486 207 1571 234 non

137 258 426 306 assentiretur,
455 256 596 298 inveni
625 254 855 314 neminem.
915 251 1061 298 Quare
1089 250 1227 291 habeo
1260 250 1443 305 gratiam
1469 249 1572 290 Tre-

136 315 270 366 batio,
294 314 490 355 familiari
521 322 681 360 nostro,
691 309 776 365 qui
799 309 904 350 mihi
931 308 1049 350 dedit
1073 321 1246 348 causam
1279 308 1425 347 barum
1458 306 1571 347 litte-

136 386 303 413 rzarum
334 371 489 426 quibus
518 368 598 409 nisi
631 367 874 418 credideris,
897 380 964 406 me
988 365 1127 406 omnis
1154 363 1286 405 officii
1310 372 1352 403 et
1376 363 1570 404 humani-

137 430 236 470 tatis
267 439 484 483 expertem
512 425 751 480 judicaris3
780 438 867 479 quo
901 437 978 465 nec
1004 422 1109 462 mihi
1141 421 1314 477 gravius
1336 420 1569 475 quidquam

137 495 280 542 potest
299 498 404 535 esse,
435 485 475 517 75
488 497 567 523 nec
588 497 613 523 a
635 492 677 523 te
698 457 890 522 alienius.

649 574 1051 615 ARGUMENTUM.
1579 571 1633 610 28

175 642 379 691 Respondet
393 642 572 689 superiori
592 641 785 683 Ciceronis,
800 644 1010 688 purgatque
1026 650 1064 674 se
1083 638 1251 673 adversus
1268 638 1543 685 vituperatores.

503 723 739 765 MATIUS
773 720 1141 764 CICERONIS

134 778 434 832 MAGNAM
467 792 731 848 voluptatem
763 805 816 832 ex
850 791 933 831 tuis
966 790 1117 831 litteris
1149 788 1260 845 cepi,
1287 788 1418 844 quod,
1441 803 1569 844 quam

134 862 346 903 speraram
375 858 503 904 atque
531 859 740 905 optaram,
765 848 921 890 habere
952 857 994 889 te
1024 847 1076 888 de
1108 861 1175 887 me
1205 846 1470 902 opinionem,
1497 861 1569 887 co-

133 906 282 961 gnovi.
344 905 413 947 De
445 921 530 961 qua
561 907 638 947 etsi
677 921 759 946 non
786 906 1053 955 dubitabam,
1078 914 1235 953 tamen,
1258 918 1359 958 quia
1391 903 1569 944 maximi

135 962 419 1011 aestimabam,
444 973 491 1004 ut
522 963 772 1018 incorrupta
801 971 1006 1013 maneret,
1034 961 1297 1002 laborabam.
1359 959 1570 1002 Conscius

134 1029 277 1060 autem
314 995 419 1060 mihi
449 1035 579 1071 eram,
603 1020 707 1061 nihil
740 1035 764 1061 a
791 1034 858 1060 me
889 1019 1067 1061 commi
1062 1033 1164 1058 sum
1193 1032 1297 1068 esse,
1320 1017 1434 1074 quod
1466 1018 1569 1058 boni

133 1076 386 1132 cujusquam
410 1076 645 1118 offenderet
667 1077 872 1118 animum.
935 1076 999 1117 Eo
1024 1076 1162 1116 minus
1181 1075 1422 1124 credebam,
1441 1074 1571 1130 pluri-

133 1135 214 1175 mis
249 1146 378 1189 atque
418 1135 595 1190 optimis
629 1135 792 1175 artibus
830 1144 980 1174 ornato
1023 1133 1101 1173 tibi
1144 1142 1302 1172 temere
1336 1132 1569 1187 quidquam

133 1192 377 1246 persuaderi
413 1192 618 1247 potuisse,
650 1191 883 1246 praesertim
924 1191 965 1230 in
1000 1204 1126 1244 quem
1161 1203 1256 1229 mea
1288 1204 1497 1244 propensa
1527 1199 1572 1231 et

133 1258 342 1304 perpetua
364 1248 513 1289 fuisset
534 1257 662 1303 atque
683 1258 794 1288 esset
817 1246 1120 1287 benivolentia.
1179 1246 1220 1278 76
1235 1245 1362 1291 Quod
1384 1246 1571 1301 quando,

134 1314 182 1345 ut
206 1305 335 1354 volui,
350 1305 437 1346 scio
451 1319 566 1345 esse:
593 1304 860 1359 respondebo
874 1303 1143 1354 criminibus,
1156 1302 1312 1367 quibus
1329 1312 1371 1342 tu
1389 1317 1466 1359 pro
1489 1318 1571 1354 me,

135 1371 182 1402 ut
211 1372 413 1417 parerat,
439 1370 512 1402 tua
533 1361 736 1416 singulari
761 1360 955 1402 bonitate
977 1369 1020 1401 et
1052 1352 1243 1400 amicitia
1274 1368 1433 1408 nostra,
1456 1375 1572 1416 saepe

132 1419 343 1459 restitisti.
402 1394 523 1459 'Nota
555 1419 668 1459 enim
710 1418 813 1458 mihi
849 1427 961 1468 sunt,
981 1432 1077 1472 quae
1100 1417 1141 1457 in
1166 1430 1234 1457 me
1267 1426 1363 1472 post
1387 1416 1571 1458 Caesams

133 1486 315 1516 mortem
331 1475 605 1516 contulerint.
667 1475 786 1515 Vitio
805 1474 908 1515 mihi
924 1475 1042 1524 dant,
1056 1474 1169 1529 quod
1188 1484 1366 1514 mortem
1383 1474 1570 1515 hominis

133 1532 359 1573 necessarii
381 1533 568 1588 graviter
590 1531 846 1587 fer0,1tque
867 1546 980 1582 eum,
996 1545 1123 1595 quem
1144 1530 1291 1581 (lilexi,
1309 1531 1484 1589 periisse
1507 1533 1572 1572 in-

132 1589 304 1646 dignor
364 1590 500 1630 Aiunt
542 1589 672 1640 enim,
713 1592 752 1623 77
775 1589 957 1645 patriam
993 1588 1196 1629 amicitiae
1222 1562 1569 1650 pr'aeponendam

131 1660 247 1688 esse:
280 1646 461 1703 proinde
496 1661 546 1687 ac
579 1647 612 1686 si
639 1647 733 1701 jam
762 1646 958 1696 vicerint,
988 1646 1155 1686 obitum
1192 1644 1284 1699 ejus
1320 1645 1570 1701 reipublicae

132 1702 263 1744 fuisse
286 1703 448 1744 utilem.
510 1703 591 1744 Sed
616 1718 702 1743 non
725 1717 849 1759 agam
873 1713 1027 1744 astute.
1083 1702 1252 1752 Fateor,
1276 1716 1343 1742 me
1365 1703 1416 1743 ad
1441 1703 1571 1744 istum

131 1761 311 1824 gradum
343 1760 565 1817 sapientiae
594 1775 678 1801 non
714 1760 970 1816 pervenisse.
1031 1759 1184 1814 Neque
1216 1759 1330 1799 enim
1355 1758 1570 1801 Caesarem

129 1817 175 1858 in
200 1817 464 1858 dissensione
494 1817 610 1858 civili
642 1832 734 1858 suin
760 1827 956 1868 secutus3
988 1817 1059 1858 sed
1085 1830 1287 1866 amicum,
1309 1831 1571 1872 quamquam

130 1888 175 1916 re.
203 1874 467 1924 offendebar,
497 1883 637 1915 tamen
670 1889 754 1915 non
785 1874 973 1915 deserui:
1007 1887 1145 1929 neque
1178 1873 1333 1914 bellurn
1367 1889 1571 1929 umquam

130 1932 271 1982 civile,
294 1941 367 1973 aut
393 1933 523 1972 etiam
546 1947 717 1972 causam
751 1931 1026 1972 dissensionis
1050 1931 1257 1987 probavi,
1248 1947 1256 1955 ·
1289 1946 1427 1995 qwuam
1440 1932 1571 1973 etiam

131 2000 378 2030 nascentem
414 1989 650 2053 exstingui,
690 2003 855 2029 summe
893 1988 1052 2029 studui.
1115 1987 1268 2042 Itaque
1307 2003 1349 2029 in
1391 1988 1573 2030 victoria

131 2045 320 2087 hominis
344 2045 583 2094 necessarii,
601 2060 738 2101 neque
761 2046 949 2094 honoris,
968 2059 1105 2101 neque
1129 2044 1324 2109 pecuniae
1345 2045 1571 2087 dulcedine

132 2117 226 2144 sum
264 2111 444 2158 captus.
495 2102 651 2158 quibus
689 2103 877 2159 praemiis
916 2102 1082 2157 reliqui,
1118 2102 1260 2142 minus
1301 2103 1415 2158 apud
1455 2117 1569 2155 eum,

130 2174 259 2215 quam
281 2175 379 2216 ego,
398 2174 495 2200 cnm
520 2170 707 2215 possent,
730 2160 1011 2201 immoderate
1033 2168 1133 2200 sunt
1154 2159 1290 2200 abusi.
1338 2159 1484 2215 Atque
1505 2171 1569 2201 et-

130 2217 215 2258 iam
240 2231 303 2257 res
307 2193 546 2257 Ofamiliaris
574 2231 682 2267 mea,
713 2217 861 2273 78lege
883 2217 1067 2258 Caesaris
1088 2216 1301 2258 diminuta
1322 2226 1410 2259 est.
1442 2219 1699 2272 cujusp.182.

109 2273 343 2315 'beneficio
377 2273 581 2329 plerique,
612 2275 685 2328 qui
718 2251 902 2315 Caesaris
939 2285 1076 2315 morte
1108 2274 1323 2324 laetantur,
1353 2278 1596 2317 1·emanse-⁸

131 2339 233 2373 runt
263 2331 304 2371 in
345 2330 534 2372 civitate.
597 2330 777 2372 Civibus
813 2331 938 2372 victis
970 2340 1019 2372 ut
1057 2341 1316 2387 parceretur,
1349 2347 1486 2388 aeque,
1517 2347 1568 2374 ac

131 2403 210 2446 pro
230 2402 325 2429 mea
346 2387 494 2439 salute,
516 2388 720 2430 laboravi.
782 2388 964 2429 Possum
987 2389 1134 2444 igitur,
1156 2388 1230 2444 qui
1253 2403 1402 2430 omnes
1427 2389 1570 2430 volue-

172 2552 213 2583 75
236 2558 294 2580 nec
319 2558 340 2578 a
367 2553 398 2580 te
422 2550 575 2589 alienius]
606 2550 658 2580 Sic
684 2549 831 2580 Graevius
874 2550 919 2580 sie
949 2551 1115 2591 reperisse.
1152 2555 1282 2581 secutus
1322 2555 1370 2580 est
1408 2549 1568 2588 Graevius,

131 2590 230 2628 bene;
255 2593 301 2622 sic
324 2597 357 2621 et
384 2591 447 2622 Ms.
471 2601 575 2628 meus,
599 2593 662 2623 Gu.
691 2595 718 2624 1.
744 2594 775 2623 2.
798 2597 832 2623 et
873 2602 969 2632 quem
999 2593 1148 2624 imitatus
1175 2602 1258 2622 sum.
1302 2592 1354 2622 Sic
1383 2599 1417 2621 et
1445 2591 1509 2622 Gu.
1541 2595 1568 2623 1.

132 2632 204 2663 edd.
218 2633 317 2664 Rom.
333 2633 416 2664 Ven.
436 2634 525 2668 1469.
544 2634 634 2666 Med.
653 2635 717 2666 Ms.
735 2634 828 2665 Gorl.
873 2634 925 2666 ed.
944 2634 1079 2667 Mediol.
1094 2634 1229 2665 habent.
1254 2634 1372 2672 Siquis
1384 2633 1478 2663 malit
1491 2644 1567 2666 cum

131 2675 244 2706 abste.
872 2677 906 2707 J.
928 2678 961 2708 F.
977 2678 1080 2708 Gron.
1100 2678 1222 2718 patrioe
1239 2676 1422 2706 amiciciam
1441 2680 1566 2715 postpo-

174 2717 216 2749 76
237 2717 335 2758 Ouod
354 2720 562 2757 quum—scio
582 2719 660 2759 esse]
689 2719 769 2750 Mss.
793 2724 827 2750 et
869 2721 1023 2756 nendum,
1041 2728 1107 2749 non
1131 2727 1324 2758 repugnem·
1348 2724 1398 2748 est
1411 2719 1500 2749 enim
1521 2719 1566 2751 le

127 2757 204 2789 edd.
222 2768 269 2799 pr.
293 2760 431 2798 quando.
458 2761 550 2797 bene,
566 2766 605 2792 ut
619 2762 707 2792 alibi.
872 2761 947 2792 nior
961 2761 1133 2792 correctio.

171 2803 212 2834 77
236 2802 391 2840 patriam
425 2804 579 2834 amicitia?
609 2803 728 2843 proep.]
775 2803 828 2834 Sic
915 2807 955 2838 78
979 2805 1048 2843 lege
1065 2801 1213 2841 Coesaris]
1232 2812 1264 2832 v.
1282 2801 1322 2833 ad
1335 2811 1389 2842 ep.
1406 2803 1457 2838 27.

130 2810 313 2874 Lambinus
330 2843 444 2884 edidit,
454 2845 541 2886 quod
555 2846 611 2876 et
604 2856 639 2876 ιιι
654 2846 734 2877 Mss.
749 2845 829 2876 dicit

824 2894 898 2928 114
