1903 3218
304 90 383 125 ‘218
715 83 894 122 EPIST.
922 81 1106 121 LIBER
1131 81 1332 130 NONUS

306 189 395 232 fere
414 197 481 231 est
501 188 568 230 M.
594 188 729 229 Planii
756 187 954 236 Heredis,
976 186 1098 241 ‘ffiqui
1126 194 1191 227 est
1222 186 1323 226 item
1358 184 1557 234 Calenus,
1581 183 1727 239 Leptae

304 247 436 288 nostri
462 245 827 287 familiarissimus.
862 243 1006 284 Hosce
1031 243 1162 298 igitur
1183 244 1310 283 ambo
1332 242 1408 282 tibi
1432 242 1491 281 sic
1513 255 1729 282 commen-

305 304 375 354 do,
408 314 455 345 ut
488 302 649 356 majore
681 317 795 350 cura,
830 300 985 349 studio,
1024 299 1309 340 sollicitudine
1345 298 1475 339 animi
1512 311 1729 338 commen-

305 361 405 402 dare
429 375 510 401 non
536 360 709 415 possim.
764 358 873 398 Volo
899 358 1084 411 ipsorum
1109 371 1259 397 causa:
1293 370 1444 410 meque
1467 355 1507 395 in
1531 368 1584 394 eo
1605 354 1730 394 vehe-

260 433 293 463 b.
307 427 470 459 menter
499 427 542 458 et
572 415 762 457 amicitia
792 423 951 463 movet,
973 423 1015 453 et
1038 413 1292 454 humanitas.
1357 413 1490 468 Lepta
1513 425 1611 451 vero
1633 424 1730 451 cum

306 475 366 516 ita
386 475 563 523 laboret,
587 483 632 512 ut
653 473 745 526 ejus
776 470 960 510 fortunae
983 469 1206 509 videantur
1236 469 1277 509 in
1309 470 1534 510 discrimen
1559 468 1730 517 venire;

303 546 388 573 non
422 544 593 587 possum
625 543 707 584 ego
739 542 822 567 non
855 536 928 566 aut
948 528 986 558 47
1001 525 1194 580 proxime
1225 535 1351 579 atque
1382 526 1464 576 ille,
1495 534 1569 564 aut
1598 525 1728 564 etiam

303 603 426 643 aeque
448 588 652 628 laborare.
694 585 983 638 Quapropter,
1005 583 1083 622 etsi
1107 595 1220 636 saepe
1243 593 1445 637 expertus
1469 596 1576 632 sum,
1597 594 1732 635 quan-

303 656 394 686 tum
418 659 485 685 me
506 656 668 684 amares
689 658 697 682 :
732 651 872 680 tamen
897 640 956 679 sic
981 639 1102 678 velim
1129 638 1205 678 tibi
1232 640 1494 693 persuadeaS,
1517 639 1557 679 id
1589 651 1653 678 me
1686 638 1727 678 in

303 702 383 743 hac
415 716 458 742 re
487 700 675 741 maxime
698 698 1008 752 judicaturum.
1072 695 1180 736 Peto
1211 695 1342 750 igitur
1374 710 1398 734 a
1420 706 1475 744 te,
1499 695 1576 744 vel,
1600 695 1632 734 si
1659 709 1731 749 pa-

304 758 419 808 teris,
457 772 546 806 or0,
585 766 632 796 ut.
668 754 861 795 homines
896 753 1086 802 miseros,
1126 762 1168 792 et
1207 751 1392 802 fortuna,
1428 766 1554 806 quam
1594 752 1728 791 vitare

302 830 429 856 nemo
463 821 618 870 potest,
651 810 803 866 magis,
841 824 969 863 quam
1007 808 1147 864 culpa,
1183 808 1468 857 calamitosos,
1506 821 1729 848 conserves

304 871 562 912 incolumes:
596 868 782 922 velisque
806 880 878 922 per
902 877 942 906 te
964 880 1032 906 me
1056 867 1136 906 hoc
1160 866 1344 905 muneris
1366 879 1462 905 cum
1495 864 1595 919 ipsis
1625 864 1731 905 ami-

301 929 362 970 cis
386 927 647 975 hominibus,
670 934 760 965 tum
783 923 1019 978 municipio
1042 921 1218 972 Caleno,
1238 936 1422 976 quocum
1446 920 1550 961 inihi
1576 934 1730 975 magna

303 984 570 1026 necessitudo
593 990 670 1032 est,
695 992 784 1022 tum
810 980 974 1035 Leptae,
992 993 1119 1034 quem
1141 979 1340 1019 omnibus
1363 988 1593 1034 antepono,
1615 976 1730 1017 dare.

305 1042 433 1088 Quod
465 1041 656 1082 dicturus
688 1052 795 1087 sum,
818 1047 924 1092 puto
946 1036 1142 1091 equidem
1166 1050 1249 1077 non
1275 1036 1394 1076 valde
1415 1036 1466 1076 ad
1491 1048 1578 1075 rem
1602 1033 1731 1089 perti-

303 1113 416 1148 nere,
448 1098 520 1138 sed
558 1107 699 1137 tamen
735 1093 838 1135 nihil
874 1095 997 1134 obest
1027 1093 1182 1134 dicere.
1243 1092 1329 1133 Res
1361 1091 1580 1133 familiaris
1610 1089 1731 1131 alteri

302 1170 448 1196 eorum
474 1154 592 1195 valde
624 1153 783 1208 exigua
815 1160 893 1201 est,
915 1150 1033 1191 alteri
1068 1150 1141 1191 vix
1174 1149 1395 1204 equestris.
1457 1148 1732 1203 Quapropter

302 1213 473 1268 quando
496 1211 561 1252 his
584 1209 730 1250 Caesar
752 1209 883 1248 vitam
915 1222 989 1248 sua
1019 1206 1272 1247 liberalitate
1302 1206 1528 1254 concessit,
1554 1218 1631 1245 nec
1652 1214 1732 1254 est,

303 1270 417 1325 quod
442 1269 491 1310 iis
514 1277 719 1324 praeterea
739 1279 999 1321 magnopere
1031 1264 1165 1319 possit
1193 1264 1349 1305 adimi:
1383 1262 1581 1311 reditum,
1604 1261 1636 1301 si
1661 1274 1729 1301 me

304 1337 469 1368 tantum
492 1339 622 1374 amas,
644 1332 850 1378 quantum
874 1331 988 1362 certe
1010 1335 1140 1371 amas,
1162 1320 1409 1361 hominibus
1439 1319 1618 1360 confice.
1680 1316 1730 1358 In

303 1399 389 1438 quo
422 1383 526 1423 nihil
556 1390 634 1430 est,
657 1389 811 1436 praeter
835 1379 943 1420 viam
978 1379 1173 1433 longam:
1206 1392 1332 1432 quam
1366 1377 1524 1418 idcirco
1557 1389 1640 1415 non
1665 1373 1731 1414 fu-

303 1441 442 1494 giunt,
477 1451 523 1480 ut
554 1449 597 1478 et
632 1438 778 1477 vivant
807 1450 903 1476 cum
939 1435 1038 1485 suis,
1066 1445 1108 1475 et
1140 1435 1376 1475 moriantur
1409 1433 1540 1474 domi.
1601 1431 1732 1478 Quod

303 1507 350 1538 ut
389 1497 550 1537 enitare
591 1493 924 1547 contendasque,
957 1491 1020 1532 vel
1065 1491 1208 1546 potius
1250 1501 1297 1532 ut
1341 1489 1564 1546 perficias:
1608 1501 1732 1543 posse

300 1555 415 1595 enim
438 1562 494 1605 te,
517 1551 621 1593 mihi
645 1549 862 1606 persuasi:
897 1549 1169 1590 vehementer
1202 1557 1242 1588 te
1277 1548 1406 1588 etiam
1440 1555 1568 1601 atque
1599 1544 1731 1585 etiam

302 1626 423 1667 rogo.

239 1686 289 1722 14
812 1662 1212 1701 ARGUMENTUM.

300 1732 447 1770 Laudat
472 1729 717 1770 Dolabellam,
738 1729 833 1776 quod
859 1728 1074 1767 colamnam,
1096 1727 1199 1773 quasi
1227 1737 1329 1761 aram
1357 1727 1497 1759 mortuo
1527 1722 1671 1764 Caesari,
1691 1726 1732 1757 ut

351 1786 428 1826 den,
448 1787 614 1823 erectam,
634 1781 810 1820 everterit,
833 1784 867 1815 et
885 1779 1193 1815 animadversione
1211 1779 1246 1812 ὶη
1271 1788 1327 1812 eos
1346 1776 1409 1823 qui
1436 1779 1562 1811 contra
1589 1774 1736 1810 liberta-

351 1841 421 1872 tem
440 1834 764 1870 tumultuabantur,
783 1843 866 1867 usus
883 1831 1016 1879 suerit.
1073 1830 1222 1877 Scripta
1245 1829 1372 1877 paullo
1399 1832 1480 1876 post
1507 1838 1625 1862 necem
1655 1825 1729 1862 Coe-

388 1889 454 1923 7⁸8.

349 1901 423 1925 ³0²
498 1950 732 1994 CICERO
766 1948 1150 1992 DOLABELLAE
1184 1945 1452 1989 CONSULI
1486 1946 1530 1986 S.

302 2012 447 2063 ETSI
487 2030 714 2062 contentus
755 2032 886 2067 eram,
926 2018 981 2058 mi
1025 2015 1264 2065 Dolabella,
1303 2023 1376 2054 tua
1416 2013 1567 2069 gloria,
1609 2012 1731 2052 satis-

299 2093 382 2134 que
423 2093 476 2119 cx
519 2092 569 2118 ea
610 2089 806 2131 magnam
852 2075 1044 2115 laetitiam
1091 2073 1439 2129 voluptatemque
1479 2069 1731 2125 capiebam:

169 2173 198 2203 p.
217 2162 285 2192 133·
301 2146 441 2177 tamen
477 2149 561 2176 non
597 2147 769 2189 possum
805 2147 889 2172 non
912 2130 1176 2179 4ssconfiteri‚
1198 2128 1404 2171 cumulari
1441 2141 1507 2168 me
1539 2125 1732 2167 maximo

256 2213 284 2234 a.
300 2194 472 2249 gaudio,
491 2192 606 2247 quod
631 2189 760 2245 vulgo
783 2189 1004 2229 hominum
1040 2187 1188 2243 opinio
1221 2186 1385 2227 socium
1421 2199 1487 2225 me
1517 2183 1734 2224 adscribat

299 2250 381 2291 tuis
416 2249 626 2290 laudibus.
689 2245 916 2287 Neminem
955 2244 1153 2295 conveni,
1180 2243 1391 2284 convenio
1424 2251 1567 2282 autem
1590 2240 1733 2295 quoti-

295 2307 364 2348 die
395 2305 628 2363 plurimos:
661 2312 761 2344 sunt
788 2304 901 2343 enim
937 2301 1134 2358 permulti
1170 2300 1323 2357 optimi
1348 2299 1442 2349 viri,
1464 2298 1538 2353 qui
1571 2297 1730 2338 valetu-

296 2364 408 2405 dinis
438 2377 567 2404 causa
598 2362 642 2402 in
676 2360 771 2402 haec
803 2360 899 2401 loca
932 2360 1119 2409 veniant,
1153 2367 1359 2415 praeterea
1397 2370 1451 2396 ex
1484 2353 1731 2410 municipiis

340 2487 382 2519 46
403 2488 459 2527 qui
485 2491 529 2517 est
557 2486 636 2515 item
662 2484 813 2523 Calenus]
844 2484 991 2513 Graevius

301 2530 362 2561 hoc
389 2529 537 2569 ineptum
553 2527 712 2566 judicavit
739 2531 773 2556 et
795 2525 917 2556 addidit
940 2530 990 2561 ut,

300 2574 378 2602 item
399 2576 436 2602 ut
456 2571 594 2602 Calenus
607 2579 625 2600 e
641 2569 704 2600 Ms.
721 2568 869 2608 Hittorp.
914 2567 992 2598 Non

300 2612 591 2647 animadvertebat.
623 2611 760 2642 Calenus
780 2618 848 2640 esse
875 2618 994 2639 nomen

299 2656 428 2696 patriae,
445 2665 510 2685 non
532 2653 679 2691 familiae,
704 2657 741 2682 ut
755 2662 772 2681 e
787 2651 994 2691 sequentibus

299 2701 411 2737 patet3
435 2703 506 2728 erat
539 2697 662 2737 pariter
696 2693 850 2731 Calenus,
882 2698 920 2724 ut
957 2692 991 2724 C.

300 2739 489 2771 Suberinus.

339 2784 379 2815 47
400 2782 551 2820 proxime
578 2785 675 2820 atque
700 2779 770 2818 ille]
804 2777 898 2808 Hanc
925 2777 991 2807 for-

298 2832 385 2854 mam
404 2823 554 2864 nuspiam
577 2822 691 2863 reperi.
737 2822 850 2853 Cicero
865 2829 992 2859 semper

1034 2492 1109 2512 cum
1129 2482 1315 2512 accusativo
1330 2480 1420 2511 «licit.
1468 2479 1580 2518 itaque
1602 2481 1660 2508 aut
1685 2479 1731 2508 sic

1034 2524 1276 2563 corrigendum,
1305 2527 1375 2558 aut,
1404 2521 1490 2561 quod
1518 2520 1645 2556 melius,
1674 2520 1730 2550 de-

1034 2566 1180 2597 lendum.
1224 2565 1363 2595 Videtur
1389 2573 1456 2594 esse
1484 2573 1503 2593 a
1529 2562 1728 2602 glossatore:

1039 2609 1098 2638 nisi
1130 2617 1205 2638 vero
1234 2606 1468 2646 transpositum
1499 2611 1562 2641 est,
1589 2610 1623 2634 et
1652 2604 1729 2641 fuit,

1032 2651 1182 2690 proxime
1196 2653 1256 2679 aut
1270 2658 1356 2688 oeque
1369 2652 1465 2688 atque
1478 2649 1542 2677 ille.

1076 2695 1116 2723 43
1139 2690 1299 2731 confiteri]
1325 2690 1462 2721 Dictum
1486 2699 1544 2729 pro
1562 2687 1730 2728 prqfiteri:

1035 2743 1151 2774 nempe
1167 2733 1242 2772 quia
1257 2732 1379 2772 aliquid
1395 2731 1549 2763 vanitatis
1570 2731 1674 2762 inesse
1687 2729 1734 2760 vi-

1034 2776 1141 2807 detur.
