1817 3196
401 98 478 134 AD
505 95 846 134 METELLUM
876 94 947 131 ET
975 93 1257 131 CETEROS.
1482 99 1553 134 105

121 200 320 257 exemplo
342 201 552 249 miseram,
575 199 685 239 infra
710 198 785 238 tibi
810 197 1050 253 perscripsi.
1117 196 1289 237 Dicitur
1319 196 1423 236 mihi
1456 207 1554 239 tuus

122 273 265 300 servus
296 266 551 313 anagnostes
585 255 780 309 fugitivis
814 269 909 294 cum
937 253 1128 294 Vardaeis
1162 267 1276 293 esse:
1309 253 1362 293 (le
1389 268 1474 307 quo
1508 264 1553 295 tu

120 315 226 355 mihi
259 313 363 354 nihil
403 313 606 352 mandasti
631 329 640 353 ε
673 326 753 366 ego
783 321 938 360 tamen,
962 320 1072 350 terra
1094 309 1284 363 marique
1307 319 1354 349 ut
1375 311 1554 364 conqui-

119 380 295 418 reretur,
321 369 634 425 praemandavi:
667 379 709 408 et
744 367 938 422 profecto
973 367 1050 407 tibi
1084 367 1200 406 illum
1226 367 1447 421 reperiam,
1474 367 1554 408 nisi

121 429 154 467 si
180 428 221 467 in
251 425 507 467 'Dalmatiam
535 425 766 478 aufugerit.
791 435 833 465 ct
856 425 953 464 inde
978 434 1116 464 tamen
1143 423 1370 477 aliquando
1393 437 1553 464 eruam.

118 483 183 524 Tu
209 498 284 524 nos
307 482 373 524 fac
395 496 523 523 ames.
560 481 675 522 Vale.
715 480 767 522 A.
792 481 833 522 d.
859 482 909 521 V.
935 481 1026 522 idus
1052 481 1284 530 Quintiles,
1309 494 1362 520 ex
1388 481 1554 531 castris,

119 540 310 581 Narona.

631 611 739 647 ARG
745 609 1034 647 UMENTUM.
1572 607 1622 643 10

116 675 209 722 Agit
227 674 270 710 de
286 684 385 710 servo
394 672 561 721 fugitivo
583 674 788 721 Dionysio:
819 674 862 708 tle
881 672 1014 708 pacilio
1040 674 1166 720 pirata
1194 674 1335 720 captivo
1351 689 1363 709 .·
1393 673 1436 709 de
1452 673 1555 710 rebus

398 738 422 761 a
438 738 475 761 se
494 727 614 773 gestis,
637 731 672 761 et
691 727 918 761 decernendis
935 725 1269 772 supplicationibus.

327 790 687 840 P.VAT[N1us
721 790 1024 832 cicEizONi
1059 790 1192 845 SUO,
1226 791 1269 832 S.
1294 790 1349 832 D.

118 846 171 899 S.
197 858 250 899 v.
275 859 327 900 B.
351 859 401 900 E.
428 859 479 901 E.
506 860 562 907 Q.
586 860 638 900 v.
700 858 768 900 De
803 858 1016 914 Dionysio
1052 868 1126 900 tuo
1163 859 1303 901 adhuc
1336 858 1442 900 nihil
1477 874 1554 901 ex-

116 915 253 956 trico:
296 926 338 957 et
377 931 427 957 eo
467 918 620 968 minus,
659 917 771 972 quod
815 930 880 956 me
919 917 1054 972 frigus
1093 915 1400 967 Dalmaticum,
1436 918 1550 972 quod

115 971 233 1013 illinc
265 972 408 1027 ejecit,
441 975 569 1015 etiam
607 974 676 1015 hic
712 973 993 1029 refrigeravit.
1056 973 1138 1014 Sed
1179 983 1320 1014 tamen
1355 988 1440 1014 non
1479 974 1663 1017 ἀεὶ-μω·

115 1029 278 1080 sistam,
300 1031 402 1084 quin
428 1031 544 1071 illum
569 1031 797 1085 aliquando
831 1045 990 1071 eruam.
1049 1032 1089 1060 33
1104 1029 1185 1070 Sed
1212 1039 1255 1070 tu
1279 1031 1423 1071 omnia
1446 1030 1594 1072 mihia·

114 1084 220 1126 dura
255 1086 451 1142 imperas.
516 1087 583 1128 De
623 1087 782 1128 Catilio
823 1087 966 1128 nescio
1002 1086 1103 1141 quid
1142 1087 1194 1128 ad
1234 1102 1302 1128 me
1344 1088 1552 1143 scripsisti

114 1141 429 1198 deprecationis
460 1144 817 1200 diligentissimae.
878 1145 1031 1199 Apage
1055 1154 1094 1183 te
1116 1158 1213 1184 cum
1236 1154 1383 1185 nostro
1418 1146 1553 1186 Sexto

114 1199 312 1241 Servilio.
338 1215 432 1241 nam
456 1201 695 1242 mehercule
717 1215 799 1256 ego
823 1200 939 1240 illum
965 1214 1135 1255 quoque
1165 1215 1277 1242 amo.
1301 1202 1371 1242 sed
1403 1201 1554 1256 hujus-

112 1257 231 1296 modi
271 1272 344 1297 vos
382 1258 572 1307 clientes,
612 1256 855 1312 hujusmodi
895 1271 1043 1297 causas
1082 1257 1301 1312 recipitis?
1334 1258 1552 1301 homiuem

111 1327 245 1353 unum
282 1315 475 1354 omnium
511 1315 867 1363 crudelissimum,
900 1314 972 1368 qui
1011 1322 1075 1354 tot
1114 1314 1339 1370 ingenuos,
1375 1325 1553 1356 matres·

110 1368 310 1421 familias,
343 1371 456 1411 cives
498 1371 716 1411 Romanos
750 1370 925 1421 occidit,
959 1370 1153 1426 arripuit,
1185 1372 1454 1427 disperdidit,
1488 1387 1552 1414 re·

113 1426 263 1481 giones
288 1428 496 1468 vastavit?
541 1428 714 1479 Simius,
738 1443 824 1468 non
847 1428 1032 1468 semissis
1057 1428 1200 1479 homo,
1224 1439 1374 1469 contra
1395 1443 1464 1470 me
1487 1445 1554 1470 ar-

113 1497 186 1523 ma
219 1484 330 1534 tulit,
353 1493 396 1524 et
428 1499 524 1525 eum
563 1485 669 1525 bello
703 1485 813 1540 cepi.
874 1484 956 1525 Sed
993 1494 1149 1535 tamen,
1174 1485 1230 1525 mi
1257 1485 1426 1537 Cicero,
1448 1488 1553 1542 quid

114 1539 256 1581 facere
286 1545 489 1597 possum?
551 1542 724 1592 Omnia,
750 1541 1002 1592 mehercule,
1025 1543 1168 1596 cupio,
1191 1557 1287 1597 qua?
1311 1553 1355 1583 tu
1381 1543 1439 1584 ini
1473 1545 1554 1585 im-

113 1611 251 1652 peras.
314 1597 459 1638 Meam
495 1600 908 1639 aninmdversionem
947 1609 989 1638 et
1026 1600 1298 1654 supplicium,
1332 1615 1418 1655 quo
1454 1616 1554 1642 usu-

113 1667 185 1693 rus
206 1668 318 1695 eram
346 1655 388 1694 in
413 1669 524 1707 eum,
548 1671 673 1710 quem
697 1657 920 1710 cepissem,
943 1656 1116 1696 remitto
1151 1657 1229 1697 tibi
1262 1666 1305 1696 et
1337 1657 1552 1699 condono.

117 1709 235 1756 Quid
269 1711 350 1751 illis
387 1714 640 1767 respondere
679 1727 867 1767 possum,
901 1713 973 1767 qui
1009 1728 1083 1753 sua
1117 1713 1230 1754 bona
1265 1714 1446 1770 direpta,
1481 1730 1554 1756 na-

112 1780 187 1807 ves
219 1778 505 1824 expugnatas,
539 1770 703 1820 fratres,
739 1770 908 1819 liberos,
933 1779 1128 1825 parentes
1162 1771 1342 1821 occisos,
1365 1773 1554 1813 34actio-

111 1837 168 1865 ne
200 1826 504 1880 expostulant?
566 1827 610 1867 Si
645 1826 907 1867 mehercules
930 1826 1062 1882 Appii
1093 1842 1139 1867 os
1173 1827 1390 1879 haberem,
1413 1829 1456 1869 in
1479 1845 1554 1871 cu-

109 1880 184 1935 jus
206 1882 348 1924 locum
371 1882 575 1924 suffectus
598 1899 706 1935 sum,
729 1894 872 1924 tumen
904 1884 986 1924 hoc
1019 1885 1226 1925 sustinere
1251 1899 1333 1926 non
1370 1900 1552 1941 possem.

118 1938 236 1984 Quid
259 1954 361 1995 ergo
391 1943 483 1981 est?
515 1940 668 1981 faciam
704 1941 849 1981 omnia
883 1940 1043 1992 sedulo,
1066 1956 1162 1996 quae
1195 1951 1237 1981 te
1269 1942 1402 1983 sciam
1433 1943 1552 1986 velle.

117 1994 377 2038 Defenditur
412 2013 437 2038 a
471 1998 527 2043 Q.
555 1998 750 2050 Volusio,
787 2009 862 2038 tuo
899 1997 1141 2053 discipulo:
1174 1999 1208 2038 si
1248 1998 1360 2040 forte
1398 2014 1448 2041 ea
1490 2015 1554 2041 res

115 2054 275 2107 poterit
305 2054 567 2095 adversarios
603 2054 766 2111 fugare.
790 2055 833 2095 in
865 2069 917 2096 eo
950 2055 1141 2095 maxima
1177 2070 1271 2111 spes
1305 2066 1383 2097 est.
1445 2057 1554 2108 Nos,

117 2109 150 2149 si
174 2110 277 2164 quid
298 2111 379 2152 erit
410 2111 507 2152 istic
530 2127 651 2167 opuS,
675 2112 892 2152 defendes.
956 2112 1102 2152 Caesar
1126 2112 1267 2153 adhuc
1300 2113 1406 2154 mihi
1441 2114 1557 2169 inju-‘

116 2166 220 2206 riam
247 2167 377 2209 facit:
410 2168 462 2208 de
484 2170 588 2209 meis
620 2169 1022 2225 supplicationibus,
1045 2178 1088 2209 et
1121 2170 1247 2210 rebus
1281 2170 1412 2225 gestis
1451 2171 1555 2212 Dal-

115 2223 286 2263 maticis
310 2223 450 2266 adhue
473 2240 558 2266 non
581 2225 707 2266 refert
731 2242 740 2266 :
773 2228 894 2280 quasi
919 2240 1017 2266 vero
1040 2240 1126 2266 non
1151 2226 1383 2281 justissimi
1407 2229 1557 2269 trium-

115 2279 192 2335 phi
223 2280 266 2320 in
297 2279 516 2322 Dalmatia
543 2297 606 2322 res
634 2283 852 2338 gesserim.
914 2283 1028 2323 Nam
1052 2283 1085 2323 si
1107 2282 1191 2324 hoc
1217 2286 1557 2339 exspectandum

116 2344 195 2387 est,
218 2337 319 2378 dum
344 2347 484 2379 totum
509 2339 663 2380 bellum
688 2339 939 2381 conficiam:
969 2340 1125 2396 viginti
1147 2341 1309 2397 oppida
1331 2352 1430 2382 sunt
1453 2342 1558 2383 Dal-

114 2486 214 2518 habet
240 2487 292 2519 ed.
321 2491 410 2522 1471.
453 2489 541 2519 Alias
567 2491 668 2520 etiam
691 2490 726 2520 in
752 2490 813 2522 hac
899 2494 940 2523 34
967 2492 1092 2522 actione
1120 2493 1338 2532 expostulant]
1372 2493 1453 2524 Haec
1482 2503 1559 2524 vera

115 2529 279 2560 sententia
295 2540 360 2560 non
377 2530 508 2561 additur
524 2542 704 2571 pronomen
721 2534 789 2564 tibi.
857 2533 966 2564 lectio.
1004 2534 1195 2565 Victoriana
1210 2536 1360 2572 actiones,
1376 2545 1447 2574 quae
1461 2540 1511 2565 est
1523 2541 1559 2566 et

157 2573 197 2601 33
221 2571 286 2602 Sed
306 2577 416 2602 tamen
438 2575 547 2604 omnia
572 2584 615 2605 m.
640 2575 672 2605 d.
691 2575 727 2614 εἰ]
753 2576 811 2605 Of·
856 2577 890 2605 in
915 2580 1027 2606 nostro
1050 2576 1113 2606 Ms.
1129 2586 1195 2606 non
1219 2578 1386 2607 consentit
1407 2587 1482 2607 cum
1505 2587 1559 2607 ac-

115 2611 227 2643 fendat
244 2624 401 2654 quemque
416 2624 544 2646 necesse
560 2622 609 2645 est
625 2615 682 2646 illa
697 2617 729 2647 in
744 2618 814 2647 vul-
856 2619 1009 2648 cusativis
1021 2618 1289 2658 praecedentibus.
1301 2619 1386 2649 idem
1400 2624 1462 2655 est,
1472 2618 1560 2658 quod

117 2654 200 2692 gatis
216 2655 328 2686 eodem
344 2667 437 2686 versu
462 2658 613 2698 repetitio
629 2659 667 2688 ⁴⁷5
687 2660 743 2689 secl
764 2663 814 2689 ta·
855 2660 933 2690 alibi
949 2660 1040 2694 dicit,
1058 2662 1128 2699 lege
1140 2665 1281 2700 repetere
1295 2661 1384 2700 quid.
1411 2661 1559 2690 Graevius

116 2705 200 2726 men.
231 2696 291 2728 Ed.
308 2698 396 2729 Med.
415 2699 513 2730 habet
527 2701 584 2730 secl
597 2703 646 2736 tu,
663 2702 748 2740 quod
764 2711 813 2732 re·
856 2702 957 2732 etiam
974 2702 1068 2732 malit
1077 2705 1258 2742 postulant.
1283 2702 1345 2733 Sed
1356 2704 1562 2741 expostulare

116 2735 222 2776 cipere
242 2748 308 2769 non
330 2740 487 2770 dubitavi:
531 2742 659 2781 Nempe
682 2747 732 2781 tu,
750 2754 816 2775 non
860 2744 960 2774 etiam
975 2745 1021 2774 sic
1035 2750 1085 2774 est
1109 2754 1166 2784 pro
1189 2744 1354 2786 postulare
1378 2744 1469 2783 alibi,
1486 2755 1515 2776 e.
1531 2755 1561 2776 e.

115 2778 193 2809 satis
215 2779 368 2812 distincte
390 2783 562 2822 seriptum,
578 2793 637 2824 pro
660 2789 709 2823 tu,
727 2796 815 2818 eom·
859 2785 954 2817 Rosc.
971 2787 1065 2818 Com.
1083 2788 1130 2820 17.

114 2820 232 2861 pendia
247 2823 285 2854 τῦ
298 2827 420 2864 tamen,
436 2829 609 2866 acceptum
624 2830 687 2859 est.
