1817 3196
420 89 504 128 AD,
523 86 868 128 METELLUM
893 85 970 126 ET
996 85 1278 127 CETEROS.
1518 84 1574 132 95

364 234 447 293 Μ.
485 176 803 293 TULLII
848 235 1340 294 CICERONIS

206 350 265 418 E
331 352 383 418 P
449 353 481 419 Ι
549 353 592 418 S
655 354 716 420 T
784 354 844 419 O
917 354 973 419 L
1035 356 1095 416 A
1160 353 1223 419 R
1285 352 1351 419 U
1419 354 1496 421 M

700 470 919 513 LIBER
949 470 1004 512 V.

830 573 878 598 &D

308 643 369 700 Q.
416 643 858 694 METELLUM
902 643 993 691 ET
1039 643 1402 694 CETEROS.

650 818 1055 858 ARGUMENTUM.
1584 841 1603 880 ¹

136 881 307 926 Queritur
326 883 496 920 Metellus
517 884 628 926 Celer,
652 885 727 931 qui,
742 888 880 932 praetor
896 885 1079 930 superiore
1097 894 1202 923 anno,
1226 883 1394 921 Cicerone
1411 886 1566 930 consule,

186 947 229 970 ex
252 941 413 983 praetura
445 936 606 972 Galliam
620 948 690 983 pro
717 936 859 972 consule
882 935 1040 983 regebat,
1057 935 1247 971 Metellum
1266 937 1455 985 Nepotem,
1481 938 1570 988 fra·

186 992 276 1022 trem
292 999 407 1030 suum,
430 1001 452 1024 α
473 988 641 1024 Cicerone
659 991 695 1025 in
712 992 839 1024 senatu
857 992 1105 1035 oppugnatam
1123 999 1204 1024 esse.

204 1053 262 1100 Q.
288 1052 630 1105 MELELLUS‚
654 1055 710 1101 Q.
735 1054 783 1095 F.
808 1052 1024 1103 CELER,
1053 1053 1342 1096 ¹PROCOS.
1365 1055 1410 1096 S.
1434 1054 1492 1098 D.

608 1111 675 1152 M.
697 1110 747 1152 T.
772 1109 1095 1152 CICERONI.

163 1167 180 1185 Ἰ

141 1167 211 1234 SI
235 1193 362 1244 vales,
404 1194 513 1235 bene
544 1203 623 1235 est.
685 1192 991 1234 Existimararn
1032 1207 1110 1248 pro
1151 1201 1302 1234 mutuo
1344 1195 1456 1237 inter
1491 1211 1570 1239 nos

135 1250 294 1300 animo,
316 1260 359 1291 et
379 1265 455 1306 pro
478 1250 753 1291 reconciliata
773 1251 926 1306 gratia,
948 1264 1027 1290 nec
1049 1251 1270 1290 absentem
1292 1250 1479 1294 ludibrio
1494 1254 1570 1296 lae-

133 1320 226 1348 sum
251 1307 316 1357 iri,
338 1321 418 1348 nec
441 1306 668 1348 Metellum
702 1306 893 1358 fratrem,
916 1306 973 1347 ob
995 1307 1174 1358 dictum,
1197 1307 1340 1363 capite
1361 1324 1411 1350 ac
1432 1308 1571 1352 fortu-

132 1363 200 1403 nis
219 1377 294 1420 per
313 1372 354 1404 te
375 1374 675 1420 oppugnatum
698 1364 765 1405 iri.
787 1378 915 1419 quem
942 1363 975 1404 si
1006 1378 1157 1419 parum
1180 1364 1320 1419 pudor
1341 1365 1475 1422 ipsius
1496 1368 1573 1410 de·

132 1419 361 1462 fendebat:
392 1421 579 1462 debebat
612 1421 678 1462 vel
702 1420 878 1464 familiae
907 1430 1066 1462 nostrae
1096 1421 1301 1477 dignitas,
1328 1423 1395 1464 vel
1426 1438 1572 1466 meum

132 1477 322 1519 studium
346 1492 447 1533 erga
469 1493 544 1519 vos
566 1492 741 1532 remque
763 1478 997 1534 publicam,
1020 1478 1121 1518 satis
1144 1478 1380 1521 sublevare.
1442 1481 1573 1524 Nunc

131 1534 259 1575 video
284 1533 402 1575 illum
431 1535 799 1587 circumventum3
829 1549 898 1576 me
919 1535 1149 1586 desertum,
1172 1550 1196 1575 a
1216 1536 1373 1590 quibus
1393 1538 1574 1581 minime

133 1591 434 1633 conveniebat.
495 1591 648 1647 Itaque
677 1592 719 1634 in
747 1592 866 1633 luctu
887 1601 931 1633 et
953 1591 1147 1648 squalore
1168 1606 1277 1643 sum,
1301 1593 1375 1648 qui
1397 1595 1574 1650 provin-

135 1647 231 1699 ciae,
252 1649 325 1703 qui
359 1648 569 1690 exercitui
603 1663 804 1705 praesum,
833 1649 906 1704 qui
950 1649 1108 1690 bellurn
1144 1663 1262 1705 gerO.
1325 1650 1437 1697 Quae
1464 1667 1575 1708 quo-

131 1704 248 1745 niam
272 1719 349 1746 nec
371 1706 552 1756 ratione,
575 1708 595 1735 2
608 1721 686 1748 nec
707 1706 921 1761 majorum
956 1714 1202 1747 nostrorum
1234 1705 1476 1760 clementia,
1498 1710 1575 1752 ad-

132 1761 423 1814 ministrastis,
444 1777 532 1804 non
553 1763 634 1804 erit
652 1763 910 1814 mirandum,
930 1763 964 1804 si
988 1777 1062 1804 vos
1090 1763 1339 1818 poenitebit.
1399 1763 1461 1806 Te
1485 1775 1575 1809 tam

134 1819 284 1860 mobili
308 1819 352 1860 in
373 1834 442 1860 me
475 1834 680 1876 meosque
712 1834 803 1861 esse
836 1821 981 1861 animo
1002 1835 1090 1861 non
1114 1820 1353 1875 sperabam.
1413 1821 1492 1863 Me
1509 1824 1576 1867 in-

134 1884 251 1918 terea
284 1890 365 1918 nec
385 1877 647 1919 domesticus
677 1877 814 1929 dolor,
845 1892 923 1918 nec
944 1877 1201 1933 cujusquam
1223 1877 1383 1933 injuria
1403 1894 1428 1920 a
1448 1894 1576 1937 repu-

134 1932 248 1976 blica
268 1933 467 1977 abducet.
527 1935 648 1976 Vale.

647 2021 1052 2060 ARGUMENTUM.
1585 2041 1614 2080 ς

135 2085 340 2136 Respondet
364 2088 542 2135 superiori
569 2087 742 2135 epistolae,
762 2087 915 2134 quer-elce
938 2086 1095 2126 Metelli,
1115 2087 1426 2124 commemorando
1439 2100 1507 2125 sua
1533 2089 1584 2125 in.

186 2151 265 2176 eum
283 2138 415 2187 officia,
435 2140 561 2187 quibus
578 2140 645 2175 ille
659 2151 729 2175 non
749 2143 872 2175 mutuo
889 2140 1154 2186 respondisset:
1183 2151 1247 2175 nec
1253 2138 1418 2187 fratrem
1443 2139 1518 2187 ejus
1534 2153 1573 2178 se

188 2203 424 2238 oppugnasse,
441 2193 504 2228 sed
528 2193 756 2239 oppugnanti
779 2192 962 2229 restitisse.
1020 2190 1134 2232 Quem
1161 2192 1258 2238 quod
1288 2191 1389 2228 Celer
1412 2197 1572 2237 tueatur,

189 2243 316 2279 laudat
335 2241 408 2292 ejus
425 2245 625 2291 pietatem:
651 2255 725 2279 suoe
742 2248 864 2280 autem
881 2244 1053 2280 amicitiae
1071 2245 1314 2287 constantiam
1328 2245 1535 2292 pollicetur.

248 2308 317 2350 M.
340 2308 391 2350 T.
414 2308 483 2351 M.
507 2309 555 2351 F.
579 2309 631 2351 C.
655 2310 713 2356 Q.
736 2308 1031 2351 METELLO
1055 2309 1112 2357 Q.
1137 2309 1187 2352 F.
1210 2309 1456 2365 CELERI,
1583 2326 1616 2359 b.

646 2366 908 2408 PROCOS.
931 2366 975 2408 S.
1000 2366 1059 2408 D.

138 2421 199 2475 SI
222 2443 284 2484 tu,
306 2435 608 2491 exercitusque
629 2434 794 2486 valetis,
816 2435 926 2475 bene
948 2443 1027 2476 est.
1071 2434 1234 2476 Scribis
1253 2435 1304 2476 ad
1327 2449 1411 2487 me,
1434 2444 1476 2476 te
1497 2449 1575 2477 ex-

137 2491 361 2544 istimasse,
394 2507 472 2549 pro
504 2502 657 2534 mutuo
691 2492 802 2534 inter
822 2506 901 2533 nos
933 2492 1094 2544 animo,
1117 2502 1161 2533 et
1182 2507 1261 2548 pro
1297 2492 1576 2538 reconciliata

180 2607 194 2634 l
219 2604 435 2647 PROCOS.]
463 2606 597 2647 Proprie
619 2606 780 2646 Propraet.
797 2616 831 2636 e-
873 2610 931 2645 pte
943 2605 1134 2636 Gebhardus
1147 2616 1164 2636 e
1174 2605 1265 2636 libris
1278 2605 1404 2644 aliquot
1415 2609 1576 2637 nostrum.

136 2652 200 2684 rat,
217 2649 334 2689 quippe
348 2659 366 2679 e
388 2649 538 2681 Praetura
559 2649 676 2679 missus
700 2649 735 2678 in
756 2657 833 2688 pro·
874 2657 1036 2688 nusquam
1052 2649 1097 2679 sie
1112 2648 1239 2679 Cicero.
1276 2647 1392 2678 Sordes
1407 2648 1479 2677 istae
1495 2652 1575 2678 sunt

136 2688 288 2721 vinciam.
332 2690 460 2731 Nempe
482 2690 649 2732 provincia
669 2691 738 2730 ejus
760 2695 831 2721 erat
873 2689 1046 2723 librorum.
1090 2691 1154 2721 Pro
1177 2699 1266 2721 more
1293 2687 1375 2729 maj.
1405 2689 1576 2729 eleganter

137 2731 338 2770 Consularis,
360 2733 480 2771 Gallia,
504 2744 525 2765 a
548 2732 704 2764 Cicerone
733 2732 832 2774 depo-
874 2742 919 2764 m.
936 2742 973 2764 n.
989 2733 1174 2769 clementia,
1190 2741 1263 2771 pars
1281 2730 1461 2771 disciplinae
1475 2731 1575 2763 Rom.

139 2771 212 2811 nita.
874 2775 1084 2815 pulcer-Ilma,
1096 2774 1130 2804 in
1146 2773 1379 2804 offensionibus
1393 2773 1580 2815 amicorum

166 2812 200 2845 Ὢ
214 2823 278 2846 -nec
292 2814 456 2858 majorum
470 2822 654 2850 nostrorum
669 2816 725 2860 εἰ]
757 2816 832 2850 Ine·
874 2817 985 2850 lenem
997 2825 1078 2855 esse,
1093 2815 1226 2850 tardum
1240 2814 1282 2848 ad
1295 2815 1474 2848 vindictam
1490 2816 1550 2848 διε.
1572 2854 1579 2859 Α
