1865 3223
591 129 674 168 AD
698 126 1018 167 TIRONEM.
1441 124 1516 162 419

91 237 172 288 bis,
194 248 237 278 et
267 236 406 286 nobis,
426 234 499 290 qui
527 232 800 290 proconsules
823 245 981 280 sumuS,
1014 229 1234 284 negotium
1258 227 1445 277 dederat,
1469 235 1515 266 ut

89 307 345 343 curaremuS,
384 305 437 332 ne
470 290 571 345 quid
605 289 843 344 respublica
874 286 1118 328 detrimenti
1157 288 1349 341 ca'peret3
1392 298 1516 329 num·

88 364 215 404 quam
255 349 413 403 majore
449 348 490 387 in
524 347 711 402 periculo
745 345 897 386 civitas
934 342 1037 384 fuit:
1069 356 1303 396 numquam
1328 341 1512 397 improbi

89 407 203 446 cives
237 406 474 446 habuerunt
505 404 759 459 paratiorem
786 402 953 442 ducem.
1013 399 1205 441 Omnino
1228 412 1278 438 ex
1306 398 1384 438 hae
1407 411 1513 451 quo-

89 476 172 516 que
198 472 315 517 parte
344 460 668 515 diligentissime
697 467 983 513 comparatur.
1044 455 1092 496 Id
1124 456 1172 496 fit
1194 454 1449 496 auctoritate
1470 465 1513 493 et

89 519 231 560 studio
276 517 471 572 Pompeii
510 517 658 566 nostri,
697 515 769 570 qui
808 514 1022 556 Caesarem
1054 527 1146 553 sero
1178 511 1315 566 coepit
1350 511 1511 550 timere.

89 574 228 616 Nobis
263 575 371 614 inter
404 574 478 613 has
506 574 651 613 turbas
685 582 854 612 senatus
893 580 1031 610 tamen
1071 569 1267 624 frequens
1300 567 1512 622 flagitarit

85 630 374 687 triumphum:
408 630 477 671 sed
506 632 540 663 ¹9
557 629 758 669 Lentulus
780 627 941 676 consul,
969 641 1054 681 quo
1078 626 1214 680 majus
1237 639 1357 666 suum
1386 625 1510 664 bene-

89 687 232 728 ficium
258 686 430 736 faceret,
458 686 581 726 simul
611 696 738 740 atque
761 684 1018 740 expedisset,
1040 697 1136 738 quae
1159 692 1299 722 essent
1320 694 1511 721 necessa-

88 744 152 784 ria
173 744 225 784 de
249 743 477 799 republica,
500 742 611 783 (lixit
634 757 676 782 se
703 742 944 782 relaturum.
1006 739 1098 780 Nos
1120 740 1287 794 agimus
1309 737 1414 778 nihil
1438 752 1511 778 cu-

85 800 199 855 pide,
231 814 368 854 eoque
396 810 460 839 est
496 809 640 839 nostra
673 798 802 853 pluris
839 797 1083 838 auctoritas.
1146 795 1283 836 Italiae
1317 795 1512 849 regiones

87 857 312 912 descriptae
344 867 455 906 sunt,
489 870 613 910 quam
650 856 828 910 quisque
862 863 1021 909 partem
1053 861 1252 893 tueretur.
1317 851 1406 891 Nos
1430 851 1513 892 Ca-

86 927 212 969 puam
237 914 478 953 sumsimus.
513 912 622 953 Haec
647 922 687 952 te
709 913 815 952 scire
838 911 965 951 volui.
997 909 1061 950 Tu
1082 910 1211 950 etiam
1235 919 1362 962 atque
1384 908 1512 948 etiam

86 984 201 1019 cura,
238 980 283 1009 ut
319 970 470 1018 valeas,
504 970 748 1023 litterasque
783 967 834 1008 ad
866 982 932 1008 me
965 967 1124 1017 mittas,
1159 966 1512 1020 quotiescumque

84 1026 283 1125 Pabebis,
306 1027 373 1066 cui
397 1026 484 1066 des.
546 1024 687 1066 Etiam
710 1035 837 1080 atque
858 1025 986 1065 etiarn
1007 1023 1111 1065 vale.
1173 1022 1230 1063 D.
1252 1021 1386 1078 pridie
1410 1020 1510 1062 Idus

116 1097 184 1124 an.

596 1137 994 1176 ARGUMENTUM.
1530 1126 1575 1161 1²

85 1189 269 1240 Deplorat
287 1197 421 1228 statum
441 1192 666 1239 reipublicae:
696 1193 804 1227 initia
832 1193 915 1228 belli
940 1191 1055 1227 cit-ilis
1073 1191 1240 1238 exponit:
1275 1189 1452 1231 Tironem,
1471 1191 1512 1224 ut

314 1245 530 1280 valetudinis
548 1246 724 1279 rationem
743 1244 922 1279 rediturus
941 1243 1081 1285 habeat,
1102 1243 1280 1278 admonet.

382 1309 449 1351 M.
473 1310 523 1350 T.
547 1310 598 1351 C.
629 1309 850 1351 TIRONI
883 1309 1000 1352 SUO
1032 1310 1074 1350 S.
1101 1309 1150 1350 P.
1175 1308 1231 1349 D.

94 1365 237 1426 QUO
260 1377 302 1417 in
324 1377 569 1418 discrimine
583 1386 772 1418 versetur
793 1377 902 1418 salus
924 1391 1018 1418 mea
1038 1384 1082 1418 et
1100 1377 1307 1416 bonorum
1323 1374 1514 1415 omnium

86 1443 215 1488 atque
255 1434 462 1474 universae
497 1434 759 1490 reipublicae,
793 1448 847 1475 ex
872 1449 921 1474 eo
945 1434 1050 1475 seire
1073 1443 1208 1488 poteS,
1229 1432 1342 1487 quod
1365 1431 1514 1471 domos

89 1501 271 1540 nostras,
302 1502 344 1531 et
377 1491 557 1546 patriam
591 1491 727 1547 ipsam
751 1491 816 1532 vel
839 1491 1122 1547 diripiendam
1145 1491 1208 1530 vel
1242 1489 1512 1529 inflamman-

90 1546 187 1587 dam
223 1547 485 1602 reliquimus.
545 1547 595 1588 In
628 1562 725 1588 eum
761 1547 901 1589 locum
942 1562 1005 1588 res
1037 1547 1221 1588 deducta
1246 1555 1324 1595 est,
1347 1556 1407 1595 ut,
1430 1545 1509 1585 nisi

87 1603 159 1657 qui
193 1604 310 1653 deus,
347 1604 413 1644 vel
444 1619 565 1644 casus
604 1603 754 1659 aliquis
785 1605 1044 1654 subvenerit,
1079 1603 1179 1644 salvi
1215 1617 1304 1643 esse
1329 1615 1512 1656 nequea-

87 1672 196 1700 muS.
258 1659 468 1715 Equidem
503 1672 549 1702 ut
576 1661 672 1701 veui
703 1661 755 1702 ad
799 1663 963 1711 urbem,
1004 1675 1090 1702 non
1124 1660 1267 1701 destiti
1301 1660 1444 1700 onmia
1469 1668 1512 1699 et

83 1717 254 1766 sentire,
284 1727 326 1757 et
358 1717 513 1767 dicere,
547 1728 589 1758 et
621 1717 774 1769 facere,
807 1733 903 1773 quae
937 1718 989 1759 ad
1020 1717 1291 1759 concordiam
1327 1716 1510 1771 pertine-

82 1783 200 1814 rent:
234 1774 305 1814 sed
337 1775 467 1814 mirus
495 1775 760 1815 20invaserat
785 1774 902 1815 furor
924 1789 1007 1815 nou
1033 1774 1167 1814 solum
1192 1774 1412 1828 improbis,
1437 1772 1507 1812 sed

81 1829 211 1870 etiam
235 1829 314 1880 his,
336 1831 408 1885 qui
434 1831 533 1871 boni
561 1830 787 1882 habentur,
808 1843 855 1871 ut
883 1845 1074 1886 pugnare
1094 1840 1313 1886 cuperent,
1336 1840 1403 1869 me
1424 1830 1508 1869 cla-
1522 1841 1551 1870 r>-
1566 1831 1638 1861 961.

81 1897 238 1936 maute,
263 1887 368 1927 nibil
394 1901 484 1928 esse
518 1887 626 1928 bello
649 1888 763 1928 civili
796 1888 1002 1929 miserius.
1064 1887 1216 1941 Itaque
1238 1902 1335 1927 cum
1361 1885 1506 1934 Caesar
1519 1883 1548 1904 ὃ·

81 1943 267 1984 amentia
295 1944 477 1999 quadam
511 1955 742 2000 raperetur,
779 1954 822 1985 et
858 1944 1015 1985 oblitus
1047 1945 1231 1984 nominis
1269 1953 1397 1997 atque
1430 1943 1507 1982 ho·

77 2013 229 2040 norum
253 2015 439 2050 suorum,
466 2000 725 2051 Ariminum,
760 2001 998 2052 Pisaurum,
1021 2000 1261 2051 Anconam,
1290 1999 1507 2040 Arretium

79 2057 391 2112 occupavisset,
406 2057 566 2098 Urbem
586 2058 858 2113 reliquimus:
890 2073 1017 2113 quam
1040 2058 1267 2113 sapienter,
1283 2067 1356 2097 aut
1379 2071 1507 2111 quam
1528 2061 1537 2068 “

80 2112 263 2165 fortiter,
287 2114 393 2155 nihil
415 2115 568 2155 attinet
590 2115 821 2170 disputare.
857 2115 956 2161 Quo
981 2115 1151 2170 quidem
1173 2115 1214 2154 in
1238 2129 1335 2154 casu
1361 2114 1506 2164 simus,

79 2170 214 2211 vides.
276 2171 486 2212 Feruntur
519 2173 694 2213 omniuo
727 2172 996 2213 conditiones
1018 2173 1072 2212 ab
1095 2171 1180 2221 illo,
1205 2183 1251 2213 ut
1275 2170 1505 2225 Pompeius

78 2239 148 2268 eat
186 2227 228 2267 in
270 2227 782 2285 Hispaniamrdelectus,
815 2229 888 2283 qui
920 2238 1018 2269 sunt
1055 2229 1208 2278 habiti,
1233 2237 1275 2268 et
1308 2227 1506 2283 praesidia

79 2292 225 2324 nostra
247 2284 541 2326 dimittantur:
573 2299 615 2325 se
639 2286 879 2326 ulteriorem
901 2285 1085 2326 Galliam
1105 2284 1316 2333 Domitio,
1335 2285 1507 2324 citerio-

80 2353 168 2381 rem
202 2340 409 2383 Considio
435 2341 635 2382 Noniano
667 2342 752 2393 (his
786 2343 900 2383 enim
932 2342 1201 2397 obtigerunt)
1225 2342 1503 2382 traditurum:

81 2398 134 2438 ad
156 2398 400 2439 consulatus
424 2399 672 2454 petitionem
699 2413 741 2440 se
769 2409 1019 2440 venturum:
1052 2412 1188 2454 neque
1211 2398 1360 2452 sejam
1387 2396 1504 2447 velle,

81 2454 256 2496 absente
279 2471 335 2507 se,
359 2458 566 2497 rationem
589 2455 735 2498 haberi
755 2456 844 2498 sui:
875 2471 918 2497 se
940 2466 1191 2511 praesentem
1217 2456 1373 2495 trinum
1398 2468 1509 2494 nun-

123 2567 161 2600 19
185 2567 356 2602 Lentulus,
377 2576 437 2606 quo
452 2567 560 2609 majus
572 2579 667 2598 suum
683 2568 768 2609 b.f.]
815 2578 880 2599 non
909 2568 1038 2600 demum
1068 2568 1238 2599 Manutius
1265 2572 1299 2597 et
1324 2566 1437 2597 Lamb.
1466 2573 1504 2599 ut

79 2605 235 2647 intelligo
249 2619 288 2639 ex
302 2619 353 2646 e0,
368 2610 452 2647 quod
473 2611 520 2640 ira
542 2611 702 2641 relaturus
723 2621 771 2641 es<
815 2610 960 2641 Graevius
974 2613 1033 2648 ait,
1053 2612 1107 2641 sed
1126 2613 1197 2650 jam
1224 2609 1294 2640 edd.
1322 2619 1368 2648 pr.
1393 2618 1505 2640 omnes

75 2655 139 2686 net,
157 2659 222 2680 non
244 2651 284 2680 ad
305 2651 541 2690 flagitationem
557 2659 701 2691 senatus,
716 2653 772 2684 sed
814 2652 948 2690 habent,
964 2664 982 2684 e
1006 2663 1070 2692 quo
1097 2652 1226 2682 inscitia
1239 2651 1442 2690 sequentium
1458 2651 1504 2680 fa-

76 2700 135 2721 sua
149 2698 278 2731 sponte,
294 2703 368 2723 cuin
392 2693 548 2725 libuisset.
593 2695 655 2725 Sed
669 2696 770 2726 inter·
815 2703 906 2726 ctum
923 2696 1090 2735 improbos,
1107 2697 1170 2724 lios.
1204 2694 1256 2723 Sic
1271 2699 1304 2723 et
1321 2694 1382 2723 ΜΞ.
1396 2698 1508 2722 noster

77 2735 253 2782 punximus
281 2740 353 2773 post
375 2735 413 2765 de
435 2738 608 2776 republica.
634 2746 710 2768 nam
733 2737 772 2767 de
814 2745 834 2766 a
859 2747 902 2767 m.
926 2748 974 2778 pr.
991 2743 1024 2767 et
1051 2737 1114 2767 Gu.
1137 2738 1164 2766 52.
1212 2735 1338 2765 Primus
1353 2735 1508 2774 improbos

77 2777 425 2824 Ciceronistriumpho
435 2779 595 2809 relaturus
610 2784 692 2817 erat,
709 2789 774 2809 non
818 2778 906 2809 dedit
922 2779 1113 2814 Cratander,
1128 2777 1214 2817 quod
1228 2782 1341 2807 tamen
1355 2782 1388 2807 et
1402 2777 1508 2816 ipsum

79 2816 118 2855 de
133 2818 306 2858 republica.
818 2820 851 2850 in
866 2822 994 2862 scriptis
1008 2826 1069 2856 est,
1092 2825 1130 2850 ut
1150 2820 1213 2850 Gu.
1237 2822 1263 2849 l.
1310 2820 1370 2850 Pro
1387 2821 1510 2850 invase-

118 2860 160 2899 ‚2⁰
181 2861 394 2891 invaserat··-
402 2862 673 2902 improbis—his]
700 2862 773 2893 Hoc
817 2867 873 2892 rat
886 2865 935 2895 ed.
948 2865 1079 2895 Ascens.
1093 2865 1267 2893 inarserat.

738 2911 856 2946 3.er
