1817 3196
387 93 467 130 AD
492 92 535 128 C.
563 88 900 131 CURIONEM,
926 85 1000 123 ET
1025 87 1207 124 ALIOS.
1460 89 1513 127 33

80 209 100 235 s
135 197 390 238 ectationem
424 196 484 236 tui
515 193 757 243 concitasti,
779 192 890 233 hanc
921 191 1128 232 sustinere
1157 205 1206 230 ac
1230 189 1337 229 tueri
1360 190 1511 243 possis.

126 262 155 303 t,
191 253 394 308 quoniam
435 266 569 293 meam
610 261 777 291 tuorum
818 263 920 305 erga
960 263 1026 288 me
1065 248 1312 287 meritorum
1351 260 1512 286 memo-

81 309 187 350 riam
223 310 368 350 2nulla
407 322 605 363 umquam
645 307 804 347 delebit
836 305 1012 355 oblivio,
1047 315 1087 345 te
1125 318 1244 358 rogo,
1279 312 1324 342 ut
1361 303 1512 342 memi-

80 367 207 415 neris,
231 369 618 421 3quantaecumque
643 365 718 405 tibi
747 363 1010 404 accessiones
1042 361 1144 401 fient
1173 372 1216 400 et
1246 360 1445 406 fortunae,
1467 370 1511 399 et

79 422 318 478 dignitatis,
337 438 406 463 eas
430 433 469 462 te
492 436 574 462 non
600 421 788 477 potuisse
810 419 1028 473 consequi,
1051 418 1130 458 nisi
1157 417 1259 457 meis
1282 430 1386 472 puer
1406 415 1511 457 olim

80 477 336 520 fidelissimis
368 491 496 533 atque
525 477 828 519 amantissimis
859 475 1047 516 consiliis
1082 475 1304 529 paruisses.
1367 473 1511 519 Quare

79 534 163 576 hoc
184 537 327 577 animo
350 537 391 576 in
425 551 499 576 nos
530 549 620 575 esse
650 535 841 582 debebis,
862 543 908 573 ut
940 543 1042 573 aetas
1076 542 1219 572 nostra
1244 531 1335 585 jam
1371 530 1513 584 ingra-

80 606 266 644 vescens,
290 594 332 634 in
365 607 508 634 amore
540 602 668 647 atque
702 592 745 632 in
769 589 1088 631 4adolescentia
1120 599 1191 629 tua
1221 587 1511 643 conquiescat.

79 647 198 690 Vale.

592 741 994 780 ARGUMENTUM.
1526 744 1552 779 2

77 805 204 841 Patris
231 811 379 843 mortem
395 807 482 856 filio
510 807 648 843 absenti
674 806 868 892 sigrffficat,
898 818 940 841 ac
973 816 1010 840 se
1040 803 1100 840 illi
1130 803 1295 850 parentis
1324 801 1401 836 loco
1424 800 1515 849 fore

689 871 738 906 po
758 859 896 893 licetur.

416 925 482 967 M.
505 924 555 966 T.
580 924 632 966 C.
665 924 716 966 C.
740 922 1023 973 CURIONI,
1048 923 1091 964 S.
1117 921 1173 963 D.

78 980 287 1035 GRAVI
321 1003 428 1035 teste
461 994 650 1050 privatus
687 1007 779 1033 Suln
818 992 974 1032 amoris
1011 991 1165 1032 summi
1199 1003 1302 1045 erga
1336 997 1377 1028 te
1412 988 1512 1038 mei,

74 1060 196 1107 patre
220 1061 307 1102 tuo,
327 1051 561 1092 clarissimo
587 1050 701 1091 viro:
725 1049 813 1104 qui,
833 1064 931 1090 cum
953 1049 1038 1089 suis
1061 1047 1273 1097 laudibus,
1297 1055 1388 1086 tum
1411 1059 1512 1086 vero

76 1117 119 1148 te
151 1107 253 1159 filio,
285 1118 522 1164 superasset
553 1107 744 1147 omnium
779 1106 1009 1156 fortunam,
1040 1106 1072 1145 si
1105 1105 1142 1146 ei
1174 1103 1441 1159 contigisset,
1465 1111 1514 1143 ut

74 1176 117 1205 te
139 1174 238 1205 ante
261 1166 435 1216 videret,
454 1179 581 1220 quam
604 1179 628 1204 a
651 1164 737 1204 vita
759 1163 1007 1203 discederet.
1070 1162 1152 1202 Sed
1175 1175 1297 1216 spero
1323 1169 1513 1200 nostram

75 1222 310 1263 amicitiam
342 1237 426 1262 nou
459 1235 583 1276 egere
615 1220 810 1260 testibus.
869 1218 968 1259 Tibi
1001 1218 1306 1274 patrimonium
1335 1217 1393 1256 dii
1426 1215 1514 1256 for-

74 1287 242 1319 tunent.
303 1279 381 1319 Me
402 1287 516 1319 certe
538 1277 732 1328 habebis,
751 1276 819 1317 cui
845 1286 889 1317 et
910 1290 1032 1316 carus
1055 1290 1177 1331 aeque
1199 1275 1254 1315 sis
1285 1283 1328 1314 et
1352 1273 1513 1328 J'ucun-

72 1335 166 1387 dus,
188 1350 237 1377 ac
260 1334 379 1376 fuisti
402 1335 527 1391 patri.

591 1422 995 1461 ARGUMENTUM.
1522 1431 1548 1469 3

70 1493 217 1541 Rupam
236 1493 400 1529 libertum
419 1497 576 1532 excusat,
597 1494 693 1540 quod
714 1494 751 1527 in
767 1493 887 1540 patris
895 1491 1030 1540 funere
1050 1491 1152 1526 ludos
1166 1488 1304 1537 populo
1329 1498 1400 1522 non
1423 1498 1512 1534 pro-

122 1547 272 1581 miserit.
293 1547 379 1592 quia
397 1547 521 1580 amicis
540 1545 775 1592 displicuerit.
833 1543 939 1590 Cujus
958 1543 1111 1584 consilii,
1133 1553 1252 1577 coram
1268 1539 1433 1588 pluribus
1450 1551 1510 1574 ex-

119 1598 291 1645 ponendi,
304 1596 386 1643 jam
403 1609 578 1632 summam
601 1597 804 1644 perscribit,
825 1601 860 1631 et
888 1601 1025 1643 quanta
1055 1597 1090 1630 in
1118 1594 1381 1642 exspectatione
1401 1591 1509 1627 Curio

109 1649 217 1698 filius
233 1651 293 1690 sit,
312 1649 506 1698 significat.

411 1716 478 1757 M.
500 1715 551 1757 T.
576 1715 628 1756 C.
661 1715 712 1756 C.
732 1713 1015 1765 CURIONI,
1039 1714 1083 1755 S.
1109 1713 1166 1755 D.

70 1771 265 1826 RUPAE
297 1785 486 1826 studium
519 1798 605 1824 non
640 1782 778 1824 defuit
809 1782 1158 1824 declarandorum
1180 1794 1405 1822 munerum
1429 1789 1505 1821 tuo

66 1842 266 1883 nomine:
300 1842 371 1882 sed
402 1856 481 1882 nec
512 1841 618 1881 mihi
650 1840 827 1896 placuit,
848 1855 926 1881 nec
949 1840 1150 1894 cuiquam
1169 1848 1357 1889 tuorum,
1379 1838 1505 1892 quid-

67 1913 212 1954 quam,
236 1909 276 1940 te
309 1900 499 1949 absente,
522 1899 628 1949 fieri,
650 1898 765 1953 quod
799 1898 893 1948 tibi,
917 1912 1016 1938 cum
1052 1896 1252 1945 venisses,
1274 1910 1361 1936 non
1394 1904 1506 1935 esset

68 1957 302 2012 integrum.
365 1955 608 2010 ⁵Equidem
649 1955 751 2010 quid
794 1955 988 2004 sentiam,
1030 1963 1105 1994 aut
1145 1953 1328 1993 scribam
1368 1952 1421 1993 ad
1464 1962 1506 1992 te

69 2023 219 2069 postea
251 2013 458 2069 pluribus,
491 2022 580 2062 aut,
615 2026 668 2052 ne
699 2012 751 2053 ad
787 2026 880 2051 eam
916 2010 1136 2060 meditere,
1168 2011 1426 2065 imparatum
1464 2019 1507 2049 te

69 2070 300 2121 offendam,
322 2083 551 2124 coramque
574 2079 724 2110 contra
755 2069 880 2109 istam
913 2069 1139 2116 rationem,
1161 2081 1301 2107 meam
1334 2066 1474 2107 dicam
1495 2083 1505 2108 :

68 2137 117 2168 ut
139 2137 212 2168 aut
234 2138 277 2168 te
304 2130 348 2168 in
369 2141 508 2167 meam
532 2127 787 2168 sententiam
820 2125 1046 2174 adducam,
1068 2133 1143 2164 aut
1164 2136 1279 2164 certe
1301 2133 1506 2164 testatum

68 2184 182 2239 apud
233 2185 423 2224 animum
473 2194 594 2224 tuum
644 2183 896 2237 relinquam,
936 2182 1039 2237 quid
1089 2181 1320 2232 senserim3
1359 2190 1420 2231 ut,
1471 2180 1506 2221 si

68 2240 240 2296 quando
268 2240 403 2296 (quod
435 2240 588 2291 nolim)
618 2240 843 2297 displicere
879 2239 959 2280 tibi
992 2238 1219 2280 consilium
1255 2248 1379 2279 tuum
1414 2252 1505 2279 coe-
1518 2259 1548 2289 p.
1563 2251 1612 2286 19·

1516 2301 1545 2322 a.

108 2402 129 2430 2
149 2399 222 2429 ulla
242 2396 439 2438 numquam]
467 2396 546 2427 Non
568 2397 680 2428 ferunt
701 2396 764 2428 hoe

65 2451 159 2472 aures
173 2451 276 2471 meae:
300 2441 394 2470 nulla
409 2448 556 2479 unquam
570 2449 681 2469 verum
701 2445 762 2470 est.

65 2484 162 2523 idque
183 2484 307 2514 habent
329 2482 400 2512 edd.
423 2491 536 2512 omnes
559 2487 637 2512 ante
651 2481 763 2511 Victo-

67 2526 166 2563 rium,
181 2527 262 2556 item
278 2525 357 2554 Mss.
375 2525 490 2554 nostri.

109 2570 128 2598 3
161 2572 416 2608 quantoeeunque
448 2575 514 2596 acc.
536 2565 641 2608 fient]
677 2565 763 2596 Puto

53 2609 158 2651 fiant.

107 2654 129 2682 4
150 2651 362 2682 adolescentia
387 2649 463 2689 tua]
488 2649 590 2680 Recte
615 2649 762 2680 Graevius

65 2694 213 2724 restituit
233 2697 305 2730 tua,
328 2691 473 2723 deletum
492 2702 512 2722 a
533 2692 688 2727 Gruter-o,
704 2702 761 2722 au-

65 2739 155 2766 ctore
177 2734 362 2766 Gebhardo.
405 2734 446 2765 In
462 2735 528 2765 Ms.
545 2734 609 2766 Gu.
623 2739 674 2764 est
688 2738 760 2771 tua,

63 2776 101 2808 iu
115 2782 227 2807 nostro
241 2781 292 2807 est
306 2786 325 2807 a
339 2787 384 2807 m.
398 2785 460 2807 sec.

109 2821 128 2848 5
150 2818 312 2858 Equidem
333 2819 412 2859 quid
434 2819 574 2850 sentiam
596 2816 671 2858 δια]
697 2817 761 2849 Hic

125 2874 233 2903 5⁷01..
257 2874 336 2904 111.
359 2875 402 2903 P.
426 2874 460 2903 1.

805 2395 897 2427 loeus
913 2406 979 2426 non
996 2393 1140 2426 cohaeret
1154 2399 1332 2427 structura.
1357 2394 1505 2426 Primum

806 2448 879 2469 eccm
895 2438 1005 2468 durius
1021 2447 1092 2470 est:
1114 2437 1170 2468 sed
1191 2444 1304 2468 tamen
1327 2448 1385 2478 per
1403 2436 1507 2468 ebrum

806 2481 919 2511 referri
933 2485 1042 2520 potest
1058 2480 1099 2511 ad
1113 2481 1319 2516 sententiam,
1334 2490 1407 2519 quae
1422 2480 1507 2510 latet

806 2523 841 2552 in
869 2523 1031 2553 sentiam.-
1061 2532 1259 2562 quamquam
1290 2522 1350 2552 Ms.
1381 2528 1505 2560 noster,

806 2565 870 2594 Gn.
887 2564 957 2595 edd.
972 2574 1020 2605 pr.
1033 2564 1157 2595 habent
1172 2574 1276 2594 meam
1292 2564 1418 2603 quidem
1433 2574 1506 2594 sen-

806 2608 954 2637 tentiam.
999 2607 1062 2637 Sed
1082 2608 1389 2646 aut—imparatum
1411 2610 1442 2636 te
1456 2606 1504 2645 ρῙῖ-

793 2647 952 2688 siendum,
976 2659 1090 2679 verum
1117 2658 1185 2679 esse
1209 2649 1261 2678 vix
1283 2652 1403 2687 potest.
1426 2657 1504 2679 nam

804 2698 879 2731 post
902 2701 970 2720 rem
997 2690 1130 2721 demum
1145 2689 1287 2730 judicari
1313 2694 1434 2729 potest,
1460 2700 1504 2721 an

802 2732 1034 2764 offenderimus
1049 2733 1190 2772 aliquem
1206 2732 1421 2770 imparatum:
1443 2742 1504 2763 nec

803 2776 931 2815 uspiam
947 2775 993 2804 sic
1008 2776 1112 2816 reperi
1134 2771 1306 2814 qff'endere.
1351 2774 1505 2815 Suspicor

802 2818 998 2857 opprimam.
