1903 3218
336 114 415 151 230
734 114 907 152 EPIST.
936 85 1118 151 mmm
1144 111 1345 149 NONUS

367 215 491 258 lebeii
532 215 728 260 fuerunt:
777 232 883 274 quos
923 225 1188 266 contemnas,
1226 228 1394 257 censeo.
1454 213 1567 256 Nam
1604 218 1760 268 praeter

351 288 453 315 1unc
476 273 527 315 C.
557 273 816 325 Carbonem,
845 288 971 330 quem
1010 273 1294 329 Damasippus
1317 269 1492 320 occidit,
1521 269 1627 311 civis
1650 283 1673 310 e
1695 281 1759 314 re-

338 331 512 386 publica
534 331 782 372 Carbonum
804 345 930 372 nemo
961 330 1057 370 fuit.
1117 328 1413 385 Cognovimus
1437 330 1475 358 8ss
1491 326 1573 367 Cn.
1597 324 1762 366 Carbo-

339 389 452 441 nem,
474 398 516 428 et
537 388 629 443 ejus
654 387 826 428 fratrem
849 402 1051 428 scurram.
1083 386 1183 440 quid
1210 387 1274 426 his
1303 384 1565 439 improbius?
1595 382 1648 423 de
1675 380 1761 437 hoc

339 445 478 485 amico
501 443 611 495 me0‚
633 444 810 485 Rubria„-
835 443 938 493 filio,
961 442 1067 483 nihil
1089 443 1202 482 dico.
1248 441 1351 482 Tres
1375 441 1432 481 illi
1458 439 1606 481 fratres
1630 436 1762 487 fuere,

341 500 392 543 C.
417 500 499 542 Cn.
532 500 599 541 M.
631 499 865 541 Carbones.
928 499 1119 548 Marcus,
1144 498 1194 538 P.
1218 497 1374 539 Flacco
1396 506 1638 546 accusante,
1659 508 1763 536 con·

340 558 580 607 demnatus,
613 559 652 591 89
666 556 733 597 fur
767 570 961 611 magunS,
993 569 1046 596 ex
1079 555 1251 595 Sicilia:
1285 554 1430 603 Caius,
1462 561 1690 595 accusante
1714 549 1764 591 L.

343 614 513 663 Crasso,
543 612 815 655 cantharidas
837 612 1037 652 sumsisse
1059 611 1232 651 dicitur.
1264 611 1296 650 is
1330 620 1373 650 ct
1406 611 1602 652 tribunus
1630 607 1766 664 plebis

341 670 582 720 seditiosus,
624 679 679 710 et
704 670 753 710 P.
788 669 994 709 Africano
1030 668 1114 708 vim
1154 666 1347 708 attulisse
1379 668 1650 708 existimatus
1687 673 1766 704 est.

344 727 443 770 Hoc
467 742 580 776 vero,
611 727 683 781 qui
717 726 896 780 Lilybaei
931 740 956 765 a
993 725 1198 779 Pompeio
1228 734 1376 764 nostro
1407 734 1471 763 est
1502 721 1768 770 interfectus,

342 784 580 839 improbior
603 797 743 832 nemo,
769 797 862 822 meo
889 781 1074 836 judicio,
1104 781 1200 822 fuit.
1259 779 1359 821 Jam
1391 791 1509 835 pater
1530 781 1622 834 ejus
1644 792 1771 818 accu-

343 853 458 881 satus
490 855 515 883 a
547 838 613 879 M.
643 839 852 889 Antonio,
883 837 1044 879 sutorio
1073 846 1313 878 atramento
1337 836 1557 877 absolutus
1581 845 1769 891 putatur.

345 899 489 943 Quare
512 896 564 936 ad
586 906 727 951 patres
750 910 902 937 censeo
923 904 1147 935 revertare.
1183 893 1335 950 plebeii
1360 907 1486 949 quam
1512 893 1671 933 fuerint
1692 892 1773 932 im-

344 954 534 1009 portuni,
558 954 688 994 vides.

276 1042 332 1079 22
858 1034 1262 1072 ARGUMENTUM.

348 1104 469 1140 Paetus
482 1100 537 1136 ita
558 1100 664 1136 libere
672 1098 820 1146 jocatus
838 1100 876 1135 in
893 1099 1047 1147 epistola
1054 1097 1201 1145 fuerat,
1219 1102 1260 1132 ut
1274 1109 1317 1132 ne
1329 1097 1513 1132 obscenum
1526 1095 1666 1132 verbum
1682 1097 1777 1132 vita-

397 1158 463 1190 ret.
522 1152 623 1188 Unde
640 1154 778 1188 occasio
799 1152 962 1187 Ciceroni
980 1155 1069 1186 nata
1087 1150 1301 1197 exponendae
1315 1148 1522 1184 Stoicorum
1534 1149 1718 1184 sententia>
1736 1148 1779 1183 de

400 1207 547 1242 licentia
572 1205 764 1252 loquendi:
794 1215 902 1250 quam
927 1204 1002 1251 ipse
1020 1204 1197 1242 damnat;
1228 1206 1365 1241 contra,
1388 1201 1556 1236 Platonis
1576 1200 1703 1236 laudat
1720 1211 1779 1235 ve-

398 1260 618 1295 recundiam.

221 1328 253 1358 P·
268 1318 337 1346 ¹4⁰·
835 1314 1070 1358 CICERO
1105 1313 1298 1355 PAETO.

307 1368 506 1431 a.AMO
531 1385 844 1435 verecundiam,
868 1383 933 1424 vel
957 1385 1098 1439 potius
1120 1383 1360 1424 libertatern
1383 1381 1600 1437 loquendi.
1647 1380 1782 1435 Atqui

352 1443 436 1489 hoc
459 1444 622 1486 Zenoni
654 1443 828 1498 placuit,
859 1440 1024 1481 homini
1057 1440 1297 1480 mehercule
1327 1449 1482 1480 acuto:
1515 1439 1595 1479 etsi
1617 1437 1785 1478 Acade-

353 1503 454 1546 miae
479 1510 636 1542 nostrae
660 1514 755 1540 cum
781 1513 832 1539 eo
856 1512 1011 1553 magna
1036 1496 1130 1537 rixa
1159 1506 1238 1537 est.
1299 1496 1399 1546 Sed,
1430 1504 1475 1536 ut
1503 1495 1616 1546 dico,
1646 1494 1786 1550 placet

356 1559 532 1608 Stoicis,
555 1571 630 1599 suo
653 1569 867 1611 quamque
887 1568 973 1595 rem
999 1554 1172 1594 nomine
1194 1552 1421 1609 appellare.
1473 1552 1546 1593 Sic
1564 1551 1678 1592 enim
1701 1550 1787 1592 dis-

357 1624 517 1665 serunt,
554 1613 676 1655 Nihil
706 1627 796 1653 esse
827 1613 1076 1660 obscenum,
1110 1610 1215 1650 nihil
1249 1620 1372 1666 turpe
1402 1609 1536 1650 dictu.
1598 1607 1726 1659 Nam,
1752 1607 1787 1648 si

357 1673 473 1731 quod
497 1671 616 1712 sitin
639 1670 906 1711 obscenitate
929 1668 1158 1723 flagitium,
1191 1667 1232 1707 id
1260 1677 1334 1707 aut
1365 1666 1405 1706 in
1437 1680 1478 1706 re
1501 1679 1605 1716 esse,
1636 1676 1710 1705 aut
1744 1665 1788 1705 in

359 1731 516 1772 verbo:
564 1727 671 1768 nihil
706 1738 796 1766 esse
832 1726 1021 1766 tertium.
1084 1723 1134 1764 In
1173 1738 1216 1764 re
1253 1738 1338 1764 non
1375 1733 1453 1763 est.
1516 1721 1582 1762 Ita
1615 1736 1667 1762 ue
1703 1735 1789 1762 non

361 1787 492 1829 modo
526 1785 567 1826 in
603 1784 831 1824 comoediis
871 1797 934 1822 res
966 1783 1058 1837 ipsa
1080 1790 1287 1829 narratur,
1307 1784 1408 1819 90ut
1432 1779 1498 1819 ille
1521 1780 1562 1819 in
1585 1737 1789 1820 (hemint-

363 1842 420 1902 go
441 1843 571 1884 modo
594 1840 725 1894 (forte
745 1840 855 1880 nosti
877 1840 1118 1879 canticum:
1151 1837 1382 1878 meministi
1409 1836 1628 1887 Roscium,
1648 1835 1710 1876 ita
1731 1849 1794 1876 me

364 1900 547 1942 destituit
571 1897 741 1946 nudum)
765 1907 879 1937 totus
902 1904 965 1937 est
988 1909 1126 1935 sermo
1150 1895 1288 1934 verbis
1320 1903 1472 1943 tectus,
1503 1907 1546 1934 re
1569 1892 1795 1948 impuden-

368 1960 466 2009 tior,
488 1956 559 1997 sed
582 1956 712 1996 etiarn
736 1954 776 1994 in
803 1953 1042 2008 tragoediis.
1074 1952 1175 2006 quid
1200 1961 1263 1992 est
1284 1951 1397 1992 enim
1422 1950 1553 1992 illud?
1588 1949 1686 2005 Qua:
1707 1963 1796 1990 mu-

368 2016 444 2057 lier
478 2028 575 2055 una.
623 2011 740 2067 quid,
783 2010 973 2065 inquam,
1013 2011 1105 2049 est?
1149 2011 1185 2043 9ι
1204 2018 1406 2064 usurpata
1440 2006 1598 2062 duplex
1641 2006 1797 2048 cubile.

372 2071 521 2120 Quid?
552 2068 670 2125 lzzgjus
703 2067 868 2108 Pheraez'
897 2067 960 2107 liic
995 2064 1124 2107 cubile
1150 2064 1256 2105 inire
1283 2071 1338 2106 est
1371 2079 1502 2106 ausus
1564 2064 1681 2111 Quid
1703 2065 1799 2105 est?

404 2188 444 2215 88
464 2184 519 2214 Cn.
538 2181 728 2220 Carbonem]
747 2181 822 2211 Non
833 2180 910 2210 satis
923 2183 1066 2214 constat,

372 2237 481 2266 quem.
511 2226 620 2263 itaque
644 2230 678 2254 et
701 2232 890 2264 praenomen
916 2222 1066 2252 fluctuat.

1109 2178 1186 2208 dnm
1202 2179 1266 2208 ille.
1310 2178 1371 2208 Sed
1389 2178 1421 2207 in
1438 2177 1544 2207 Plauti
1562 2177 1725 2208 Trinumo
1740 2177 1802 2208 hoe

1111 2230 1178 2251 non
1193 2226 1253 2251 est.
1277 2221 1432 2251 Ceterum
1448 2219 1537 2250 locus
1554 2229 1619 2250 non
1629 2220 1712 2250 bene
1727 2228 1804 2249 con-

373 2268 504 2309 quidam
520 2267 647 2305 edidere
663 2266 701 2296 C.

417 2314 457 2344 89
468 2307 538 2348 fur
554 2308 708 2347 magnus]
735 2307 876 2347 Quidam
893 2305 1070 2346 librijugz'c

376 2352 527 2387 Marcus,
538 2351 624 2389 quod
633 2350 774 2379 defendit
789 2350 972 2379 Manutius:
985 2347 1072 2387 quod

374 2394 493 2426 tertius
517 2393 654 2424 Marcus
676 2391 911 2431 praetermissus
926 2396 1021 2426 esset,
1046 2389 1073 2419 si

377 2436 483 2467 altera
496 2435 594 2465 lectio
607 2443 680 2464 vcra
696 2438 790 2463 esset.
826 2433 925 2471 Atqui
943 2432 993 2462 M.
1007 2433 1071 2472 pri-

379 2487 465 2514 mus,
485 2478 538 2516 qui
556 2476 668 2511 fuerit,
683 2475 815 2505 dit-itur.
859 2475 921 2506 Sed
938 2474 1073 2504 fortasse

367 2519 438 2562 sur
454 2528 594 2557 magnus
607 2522 656 2548 est
670 2522 749 2547 nota
763 2517 963 2555 glossatoris.

422 2564 464 2596 90
485 2565 524 2591 ut
543 2562 599 2590 ille
619 2561 654 2589 in
680 2559 861 2595 Demiurgo
884 2557 986 2597 mmlo]
1011 2559 1073 2588 int.

382 2605 472 2641 facit,
497 2609 622 2640 narrat,
643 2611 687 2631 sc.
709 2606 806 2640 poeta
819 2600 999 2639 Turpilius,
1020 2610 1076 2629 cu-

379 2643 435 2686 jus
453 2645 650 2683 Demiurgus
666 2653 686 2673 a
700 2643 929 2672 Grammaticis
954 2651 1076 2672 memo-

385 2694 488 2720 ratur:
511 2687 573 2723 nisi
589 2684 762 2726 legendum
774 2686 835 2714 illa
846 2693 890 2713 so.
907 2693 974 2713 res,
988 2684 1078 2714 modo

384 2731 447 2761 erit
469 2738 582 2769 nuper.
607 2728 668 2758 nisi
694 2727 755 2757 hoc
771 2725 902 2756 verbum
923 2736 940 2755 e
962 2735 1080 2765 praece-

1111 2263 1249 2293 stitutus
1271 2267 1331 2293 est.
1376 2261 1582 2292 parenthesis
1597 2266 1648 2292 est
1661 2261 1805 2292 finienda

1113 2306 1146 2334 in
1161 2305 1299 2334 nudum.
1316 2314 1381 2334 non
1397 2304 1431 2333 in
1448 2304 1613 2340 Roscium,
1627 2309 1664 2333 ut
1679 2303 1804 2343 vulgati

1114 2347 1252 2377 faciunt.
1289 2347 1342 2377 Sic
1356 2346 1498 2376 cohaeret
1514 2346 1638 2375 oratio:
1662 2355 1725 2375 non
1740 2355 1806 2375 mo-

1115 2390 1155 2418 do
1167 2390 1202 2418 in
1216 2388 1375 2419 comoediis
1388 2392 1563 2424 narratur,
1583 2387 1639 2417 sed
1658 2388 1758 2418 eciam
1774 2388 1810 2418 in

1116 2432 1295 2467 tragoediis.

1157 2475 1193 2505 91
1221 2476 1381 2511 >usurpata
1397 2472 1516 2511 duplex
1529 2469 1646 2511 cubile]
1671 2470 1731 2501 Est
1746 2470 1809 2501 hoc

1116 2525 1155 2544 ex
1185 2515 1290 2551 Attio,
1321 2519 1357 2544 ut
1384 2525 1422 2544 ex
1451 2514 1588 2544 Oratore
1617 2517 1723 2553 patet:
1755 2513 1810 2543 scd

1116 2561 1279 2596 usurpata
1290 2556 1443 2586 vitiosum
1455 2560 1517 2590 est,
1531 2556 1679 2595 varieque
1692 2554 1814 2595 legitur

1119 2599 1151 2628 in
1167 2598 1271 2634 libris,
1286 2602 1456 2637 usurpato,
1473 2602 1622 2636 usurpat.
1665 2597 1813 2628 Graevius

1118 2641 1251 2680 conjicit
1263 2644 1455 2679 usurparat.
1501 2640 1611 2670 Etiam
1627 2649 1701 2669 mox
1713 2640 1815 2669 violat

1119 2691 1231 2712 verum
1246 2691 1314 2712 esse
1331 2692 1397 2712 non
1413 2687 1539 2721 potest:
1558 2691 1616 2712 nec
1631 2682 1719 2712 enim
1728 2691 1812 2711 con-

1124 2725 1213 2755 venit
1231 2725 1407 2764 quondam,
1422 2724 1660 2763 legendumque
1674 2724 1816 2753 violarat

385 2773 670 2809 dentibustemere
682 2769 856 2809 repetitum
870 2772 979 2798 est.et
990 2768 1082 2798 abest
1124 2766 1174 2798 vel
1197 2768 1348 2797 violavit.-
1371 2767 1432 2796 nisi
1457 2767 1619 2806 qnondam
1642 2765 1814 2807 delendum

387 2815 428 2844 ab
443 2814 492 2844 ed.
518 2806 652 2843 Mediol.
676 2812 740 2842 Ms.
763 2811 825 2841 Gu.
855 2813 881 2839 1.
906 2810 992 2840 Libri
1011 2810 1081 2848 qui—

387 2853 461 2901 dam
477 2859 557 2886 vett.
574 2856 608 2884 in
624 2852 781 2885 Trinnmo
793 2854 895 2892 virgo.
911 2852 959 2883 ita
971 2851 1081 2891 legen·

1123 2814 1183 2849 est.
