1903 3218
325 102 403 139 266
698 99 872 140 Emer.
899 97 1088 137 LrssER
1113 81 1382 137 DEC'IMUS

259 217 315 255 ³0
841 202 1243 241 ARGUMENTUM.

330 270 447 307 Galba
458 268 626 318 proelium
643 268 788 316 exponit
812 267 861 302 ad
888 264 1239 353 Mutirlzamfactum,
1255 265 1513 311 victoria-mque
1532 263 1576 299 de
1592 263 1753 300 Antonio

956 330 994 353 re
1011 323 1122 354 atam.

679 383 886 426 GALBA
918 383 1223 425 CICERONI
1256 383 1381 425 SAL.

193 443 478 496 p.162.XV11
504 452 684 496 Kalend.
717 450 844 501 Maii,
876 465 962 506 quo
992 451 1061 491 die
1095 450 1235 491 Pansa
1264 451 1305 491 in
1330 450 1478 491 castris
1504 448 1638 490 Hirtii
1660 458 1751 490 erat

281 503 312 524 ⁸'
326 511 510 562 futurus,
531 524 630 551 cum
659 522 746 563 quo
779 521 860 562 ego
885 521 1024 548 eram:
1058 521 1156 547 nam
1185 507 1222 547 ei
1253 507 1423 548 obviam
1463 519 1749 562 processeram

322 568 457 610 millia
490 581 599 623 pass,
622 573 811 615 centum,
840 578 926 618 quo
956 563 1162 604 maturius
1187 564 1373 606 veniret:
1405 563 1620 604 Antonius
1642 562 1749 618 legi-

321 639 425 666 ones
445 623 598 665 eduxit
629 622 750 672 duas,
787 620 1019 662 secundam
1045 630 1089 661 et
1117 620 1595 675 quintamtrigesimam,
1614 630 1657 661 et
1675 634 1749 661 co-

317 681 462 722 hortes
486 679 707 736 praetorias
729 678 848 728 duas,
872 691 999 717 unam
1022 691 1156 727 suam,
1169 676 1344 717 alteram
1363 675 1511 728 Silani,
1537 680 1628 718 ¹2et
1648 691 1749 718 evo-

317 747 512 779 catorum
546 744 725 792 partem.
786 733 855 774 Ita
887 734 1060 775 obviam
1084 733 1202 774 venit
1229 734 1367 784 nobis,
1389 734 1504 788 quod
1526 748 1601 775 nos
1623 743 1749 789 quat-

319 804 417 835 tuor
436 794 626 850 legiones
649 792 836 832 tironum
859 790 1017 831 habere
1047 790 1183 831 solum
1205 789 1506 830 arbitrabatur.
1567 790 1649 831 Sed
1672 805 1750 832 no-

318 861 406 902 ctu,
431 865 516 905 quo
539 849 673 890 tutius
708 847 852 888 venire
881 847 924 888 in
954 857 1094 888 castra
1128 860 1360 903 possemus,
1393 846 1606 902 legionem
1629 846 1750 890 Mar-

319 908 438 958 tiam,
460 907 528 948 cui
562 920 644 961 ego
679 918 862 960 praeesse
892 903 1095 955 solebam,
1118 913 1161 944 ct
1182 904 1286 944 duas
1307 903 1505 944 cohortes
1529 904 1749 958 praetorias

317 964 491 1005 miserat
515 962 686 1004 Hirtius
709 962 848 1001 nobis.
912 960 1023 1001 Cum
1045 961 1210 1016 equites
1233 959 1412 1001 Antonii
1439 960 1751 1015 apparuissent,

318 1021 528 1062 contineri
552 1033 689 1074 neque
712 1018 824 1073 legio
846 1017 1023 1068 Martia,
1046 1031 1182 1073 neque
1213 1018 1412 1058 cohortes
1435 1017 1647 1072 praetoriae
1673 1031 1749 1071 po-

319 1087 514 1119 tuerunt:
546 1091 651 1132 quas
688 1075 807 1130 sequi
841 1074 1055 1130 coepimus
1088 1075 1243 1124 coacti,
1276 1074 1448 1129 quando
1475 1088 1544 1114 eas
1566 1074 1750 1114 retinere

316 1150 402 1175 non
424 1143 684 1190 poteramus.
743 1129 960 1172 Antonius
983 1132 1034 1173 ad
1059 1131 1217 1172 Forum
1238 1131 1461 1172 Gallorum
1485 1144 1579 1171 suas
1601 1131 1748 1185 copias

316 1192 594 1234 continebat:
617 1203 756 1244 neque
774 1189 871 1230 sciri
890 1188 1076 1240 volebat,
1098 1203 1142 1230 se
1163 1188 1353 1245 legiones
1374 1188 1556 1229 habere:
1581 1195 1749 1228 tantum

315 1249 559 1304 equitatum
590 1256 634 1287 et
666 1246 801 1287 levem
824 1254 1082 1287 armaturam
1104 1246 1374 1287 ostendebat.
1410 1244 1749 1299 13P0steaquam

315 1306 439 1356 vidit,
462 1320 505 1346 se
527 1304 679 1355 invito,
699 1301 1011 1358 legionem‘ire,
1046 1302 1200 1354 Pansa,
1233 1303 1350 1357 sequi
1374 1316 1417 1342 se
1435 1301 1540 1342 duas
1559 1301 1750 1357 legiones

308 1362 442 1416 jussit
476 1362 680 1403 tironum.
713 1369 993 1415 posteaquam
1027 1361 1247 1416 angustias
1279 1358 1444 1414 paludis
1477 1367 1520 1398 et
1546 1358 1748 1399 silvarum

315 1419 606 1468 transivimus,
627 1417 740 1457 acies
758 1425 823 1456 est
839 1419 1047 1456 instructa
1062 1431 1087 1456 a
1104 1417 1226 1457 nobis
1240 1415 1466 1457 duodecim
1485 1415 1746 1456 cohortium.

316 1476 525 1517 Nondum
563 1482 767 1515 venerant
792 1473 995 1528 ¹legiones
1032 1472 1155 1524 duae3
1200 1476 1420 1527 ¹41·epente
1453 1471 1669 1513 Antonius
1702 1471 1745 1512 in

314 1533 451 1573 aciem
474 1546 570 1572 suas
592 1531 738 1585 copias
760 1528 813 1570 de
836 1531 931 1569 vico
950 1529 1171 1585 produxit,
1193 1537 1236 1570 et
1260 1529 1350 1569 sine
1373 1543 1492 1569 mora
1514 1529 1746 1569 concurrit.

317 1588 466 1630 Primo
488 1589 549 1629 ita
567 1595 806 1644 pugnatum
838 1595 917 1637 est,
950 1596 998 1627 ut
1024 1586 1163 1626 acrius
1196 1600 1281 1626 non
1316 1594 1459 1640 posset
1491 1599 1544 1626 ex
1569 1594 1748 1639 utraque

319 1655 437 1702 parte
460 1645 666 1702 pugnari:
698 1644 777 1684 etsi
799 1643 1017 1685 dexterius
1033 1657 1182 1693 cornu,
1204 1643 1247 1683 in
1267 1656 1352 1698 quo
1367 1656 1481 1683 eram
1503 1656 1602 1683 cum
1626 1640 1747 1682 Mar-

316 1704 388 1744 tiae
411 1702 592 1758 legionis
614 1700 866 1742 cohortibus
899 1711 1014 1751 octo,
1049 1700 1211 1755 impetu
1236 1700 1374 1755 primo
1394 1698 1618 1755 fugaverat
1638 1697 1745 1753 legi-

314 1774 440 1800 onem
476 1772 609 1799 xxxv
645 1757 842 1808 Antonii,
876 1766 923 1797 ut
948 1760 983 1787 15
998 1757 1179 1811 amplius
1212 1770 1360 1812 passus
1390 1756 1416 1781 ³¹²
1452 1755 1561 1796 ultra
1593 1756 1744 1804 aciem,

314 1831 400 1871 quo
423 1816 519 1856 loco
543 1822 732 1864 steterat,
754 1814 1022 1868 processerit.
1071 1814 1222 1868 ltaque
1243 1827 1341 1853 cum
1363 1812 1527 1866 equites
1551 1820 1746 1852 nostrum

314 1887 450 1914 cornu
469 1873 650 1913 circuire
683 1870 854 1921 vellent,
882 1870 1069 1926 recipere
1095 1884 1162 1911 me
1180 1869 1313 1924 coepi,
1335 1878 1378 1910 et
1400 1869 1535 1910 levem
1558 1877 1745 1909 armatu-

313 1944 405 1970 ram
434 1943 651 1985 opponere
682 1927 936 1968 Maurorum
958 1928 1265 1981 equitibussne
1288 1940 1457 1967 aversos
1479 1935 1647 1966 nostros
1671 1938 1749 1980 ag-

314 1986 604 2042 grederentur.
665 1984 842 2025 Interim
870 1984 1007 2034 video,
1029 1998 1097 2024 me
1114 1997 1204 2024 csse
1226 1983 1337 2023 inter
1349 1982 1635 2033 Antonianos,
1658 1981 1749 2023 An·

267 2043 566 2099 b·toniumque
602 2052 698 2098 post
734 2056 803 2082 me
830 2056 921 2082 esse
952 2041 1187 2095 aliquanto.
1210 2050 1385 2095 repente
1406 2053 1562 2095 equum
1586 2038 1744 2079 immisi

312 2101 364 2142 ad
399 2115 491 2141 eam
526 2100 739 2156 legionem
763 2099 966 2148 tironum,
995 2113 1091 2153 quae
1128 2097 1326 2138 veniebat
1357 2111 1410 2138 ex
1434 2097 1600 2147 castris,
1621 2103 1744 2137 scuto

310 2158 487 2213 rejecto.
547 2156 785 2198 Antoniani
807 2170 876 2196 me
902 2155 1089 2211 insequi:
1123 2155 1256 2195 nostri
1280 2153 1366 2210 pila
1386 2154 1601 2209 conjicere
1622 2151 1743 2194 velle.

313 2214 396 2265 Ita,
421 2215 614 2255 1611esc'10
637 2228 722 2269 quo
756 2212 861 2263 fato,
885 2227 976 2253 sum
1008 2220 1212 2262 servatus,
1234 2211 1349 2266 quod
1378 2224 1471 2251 sum
1504 2210 1592 2251 cito
1621 2224 1647 2250 a
1668 2224 1746 2250 no-

311 2272 408 2313 stris
430 2272 645 2327 cognitus.
705 2269 755 2310 In
792 2270 883 2326 ipsa
914 2269 1104 2319 AEmilia‚
1143 2269 1217 2310 ubi
1242 2268 1396 2310 cohors
1421 2266 1604 2309 Caesaris
1634 2281 1744 2323 prae-

311 2330 422 2371 toria
441 2337 546 2380 erat,
568 2328 638 2368 diu
661 2337 901 2383 pugnatum
919 2335 998 2367 est.
1059 2326 1205 2367 Cornu
1228 2324 1480 2376 sinisterius,
1509 2323 1625 2380 quod
1653 2330 1745 2364 erat

310 2385 537 2436 infirmius,
560 2385 633 2425 ubi
658 2384 832 2424 Martiae
867 2383 1047 2439 legionis
1081 2383 1177 2425 duae
1207 2382 1405 2424 cohortes
1438 2390 1573 2432 erant,
1595 2388 1638 2421 et
1669 2394 1741 2421 co-

357 2502 392 2529 19
414 2503 618 2529 evocatorum
634 2496 782 2537 partem]
812 2495 1003 2527 Addendum
1048 2496 1100 2526 hie
1116 2495 1207 2526 valde
1222 2495 1330 2533 friget.

307 2549 357 2571 est
384 2547 426 2576 et,
454 2546 489 2571 nt
513 2546 589 2570 ante
605 2545 634 2569 et
650 2541 808 2569 cohortes.-
833 2548 907 2568 nam
922 2549 1003 2578 par-
1094 2541 1128 2568 15
1150 2539 1293 2577 amplius
1312 2534 1576 2576 passus—ultra]
1602 2534 1665 2565 MS.
1677 2535 1741 2565 Gu.

308 2589 371 2614 tem
386 2595 432 2614 cv.
451 2593 516 2613 non
534 2582 689 2620 intelligit
706 2581 782 2610 istas
797 2579 875 2610 duas
890 2581 1004 2610 cohor·
1051 2583 1076 2609 l.
1091 2589 1123 2610 et
1138 2580 1223 2610 Med.
1241 2581 1278 2609 ed
1290 2579 1413 2609 addunt
1424 2582 1562 2607 emaum.
1581 2577 1629 2607 cd.
1642 2577 1741 2608 Rom.

308 2633 358 2655 tes
375 2626 553 2666 prrttoriaS.
599 2624 682 2654 Edd.
698 2623 816 2652 habeut
832 2633 838 2650 τ
863 2624 1005 2652 alteram
1048 2622 1114 2651 CC.
1139 2622 1217 2652 Mss.
1235 2621 1366 2660 quidam
1381 2621 1576 2659 quingentos.

308 2670 426 2698 scilicet
441 2678 522 2698 evoe.
537 2678 572 2706 p.
608 2666 682 2695 Fuit
699 2664 806 2695 Silam
822 2668 862 2693 et.
1094 2665 1130 2693 lb*
1151 2665 1252 2694 nescio
1279 2673 1339 2701 qun
1355 2662 1436 2701 fato
1464 2661 1537 2699 Mu]
1574 2662 1646 2692 Hoc
1674 2671 1741 2691 non

357 2714 390 2740 13
422 2705 905 2748 Posteaquam—posteaquam]
934 2705 1002 2734 Dn-
1048 2706 1128 2735 bene
1150 2706 1295 2735 additum
1313 2706 1451 2739 videtur,
1473 2714 1546 2733 (tuni
1563 2714 1659 2735 cansa
1673 2713 1739 2734 ser-

311 2752 466 2782 rium-ule:
492 2752 546 2781 scd
563 2751 636 2780 libri
652 2758 764 2780 omncs
781 2749 1003 2777 consentiunt.
1048 2748 1112 2777 vati
1131 2747 1240 2776 addita
1257 2748 1316 2776 sit:
1341 2747 1425 2786 qaod
1444 2755 1516 2775 sum
1539 2748 1601 2776 cito
1625 2748 1681 2776 ἃς.
1705 2747 1737 2775 in

357 2797 392 2824 14
415 2798 541 2833 repente
566 2791 739 2829 Antonius]
764 2793 815 2820 An
839 2799 938 2829 quum
957 2799 1001 2818 re-
1048 2800 1110 2826 quo
1135 2788 1214 2818 illud
1237 2799 1301 2819 non
1322 2789 1405 2819 solet
1420 2788 1506 2818 addi.
1551 2789 1626 2819 Sine
1643 2788 1739 2818 dubio

306 2840 402 2876 pcnte
414 2837 429 2866 J
451 2847 487 2866 ex
503 2845 566 2875 quo
585 2836 669 2865 sorte
684 2834 807 2865 factum
823 2833 905 2869 dua,
920 2831 1005 2870 quod
1047 2832 1192 2871 spurium
1208 2835 1269 2862 est.
