1860 3228
251 141 323 178 198
625 136 804 175 EPIST.
824 135 1009 174 LIBER
1037 134 1310 174 OCTAVUS

247 249 354 292 erat,
378 241 555 282 Hirrum
587 241 747 283 diutius
778 241 1014 282 dicturum:
1040 238 1285 295 prendimus
1307 252 1418 279 eum.
1441 253 1525 279 non
1550 239 1678 280 modo

247 313 333 340 non
364 298 478 348 fecit,
503 298 589 348 sed,
611 301 758 339 ιὶῡουιιι
791 298 844 338 de
877 297 1071 338 hostibus
1105 306 1315 352 ageretur,
1337 305 1380 336 et
1414 305 1558 350 posset
1591 309 1680 336 rem

248 355 469 412 impedire,
509 356 558 405 si,
601 365 648 395 ut
687 365 1022 403 numerarentur,
1065 352 1312 408 postularet,
1355 353 1502 393 tacuit.
1562 351 1676 392 Tan-

248 422 340 453 tum
366 411 520 453 Catoni
546 425 738 452 assensus
760 419 838 460 est,
860 410 982 464 c2¹qui
1006 418 1049 449 et
1075 409 1127 450 de
1159 418 1199 449 te
1230 409 1396 449 loeutus
1428 408 1678 459 honorifice,

248 483 333 510 non
367 469 557 509 decrerat
591 467 938 523 supplicationes.
998 464 1166 506 Tertius
1196 466 1247 506 ad
1271 465 1348 506 hos
1372 465 1585 506 Favonius
1607 479 1677 506 ac-

245 526 389 577 cessit.
452 525 610 573 Quare,
649 538 723 579 pro
759 522 967 577 cujusque
1009 531 1159 561 natura
1200 532 1243 562 et
1284 523 1496 572 instituto,
1529 521 1680 577 gratiae

250 593 347 623 sunt
369 581 546 636 agendae
566 597 574 621 ε
607 580 685 631 his,
707 581 822 634 quod
844 580 884 609 22
896 586 1057 619 tantam
1081 577 1342 619 voluntatem
1373 579 1679 628 ostenderunt3

249 654 326 694 pro
350 637 576 686 sententia,
598 651 695 677 cum
719 634 924 691 impedire
959 643 1146 690 possent,
1170 648 1252 674 non
1286 645 1556 691 pugnarunt:
1591 634 1679 675 Cu-

249 695 359 736 rioni
384 708 497 743 vero,
520 693 632 747 quod
657 693 708 733 de
733 706 903 732 suarum
935 692 1151 731 actionum
1185 705 1309 731 cursu
1344 701 1417 732 tua
1450 707 1577 733 causa
1608 691 1681 732 de-

249 752 389 792 flexit.
452 751 562 791 Ram
609 749 790 789 Furnius
831 757 875 788 et
919 747 1139 797 Lentulus,
1181 756 1229 786 ut
1269 747 1521 800 debuerunt,
1560 748 1680 804 quasi

248 823 396 849 eorum
427 822 491 848 res
525 816 648 855 esset,
675 819 757 845 una
779 805 1004 845 nobiscum
1027 804 1332 845 circumierunt
1353 813 1395 845 et
1417 805 1678 846 laborarunt.

250 865 375 905 Balbi
398 876 568 918 quoque
593 861 779 902 Cornelii
805 875 978 916 operam
1013 870 1055 900 et
1083 859 1351 901 sedulitatem
1379 861 1549 902 laudare
1583 877 1682 918 pos-

250 936 357 961 sum.
420 920 532 960 Nam
566 933 663 959 cum
699 918 888 959 Curione
912 917 1182 958 vehementer
1216 917 1382 957 locutus
1404 927 1482 968 est,
1504 927 1547 958 et
1567 933 1681 969 eum,

249 979 282 1018 si
323 977 445 1017 aliter
482 976 667 1025 fecisset,
707 975 907 1029 injuriam
949 974 1110 1015 Caesari
1152 974 1363 1015 facturum
1405 975 1541 1016 dixit:
1592 984 1683 1016 tum

248 1034 341 1089 ejus
366 1034 491 1074 fidem
528 1033 584 1072 in.
606 1033 894 1088 suspicionem
927 1031 1121 1071 adduxit.
1181 1034 1221 1061 23
1242 1031 1474 1072 Decrerant
1495 1032 1683 1087 quidem,

248 1093 320 1146 qui
361 1104 499 1145 neque
532 1089 710 1144 transigi
753 1089 969 1137 volebant,
1004 1087 1202 1137 Domitii,
1243 1088 1493 1143 Scipiones:
1526 1089 1682 1144 quibus

248 1149 329 1189 hac
353 1162 395 1188 re
417 1147 470 1188 ad
494 1146 841 1187 intercessionem
865 1147 905 1175 24
916 1145 1178 1185 evocandam
1207 1144 1590 1200 interpellantibus,
1615 1159 1685 1186 ve-

250 1204 495 1245 nustissime
520 1203 653 1244 Curio
676 1202 911 1258 respondit,
934 1216 977 1242 se
999 1216 1049 1241 eo
1075 1201 1277 1242 libentius
1299 1216 1383 1242 non
1408 1203 1685 1253 intercedere,

248 1262 362 1317 quod
386 1260 609 1316 quosdam,
631 1260 704 1315 qui
727 1260 1017 1309 decernerent,
1034 1258 1195 1299 videret
1215 1258 1370 1299 confici
1395 1259 1519 1299 nolle.
1553 1260 1683 1306 Quod

248 1321 298 1360 ad
324 1317 631 1373 rempublicam
655 1317 824 1366 attinet,
848 1316 890 1356 in
928 1329 1052 1356 unam
1087 1329 1258 1355 causam
1293 1316 1431 1355 omnis
1464 1317 1686 1357 contentio

248 1376 448 1430 conjecta
469 1383 546 1424 est,
569 1375 620 1414 de
644 1372 902 1429 provinciis:
936 1373 978 1413 in
1001 1386 1127 1426 quam
1156 1372 1296 1412 adhuc
1319 1373 1563 1413 incubuisse
1585 1387 1684 1414 cum

248 1441 398 1473 senatu
434 1431 667 1486 Pompeius
691 1430 874 1479 videtur,
897 1441 944 1469 ut
979 1428 1126 1469 Caesar
1164 1428 1228 1469 Id.
1254 1429 1466 1470 Novemb.
1491 1430 1683 1470 decedat.

250 1490 384 1538 Curio
418 1488 563 1528 omnia
603 1487 745 1541 potius
785 1486 928 1525 subire
962 1485 1202 1534 constituit,
1233 1500 1360 1539 quam
1399 1486 1438 1525 id
1481 1487 1584 1541 pati.
1617 1500 1686 1527 ce-

250 1556 360 1588 teras
400 1559 494 1584 suas
528 1543 691 1598 abjecit
723 1543 928 1584 actiones.
993 1542 1140 1582 Nostri
1175 1556 1317 1597 porro,
1349 1557 1456 1596 quos
1497 1552 1542 1583 tu
1581 1543 1688 1583 bene

249 1603 378 1652 nosti,
418 1602 471 1643 ad
504 1610 746 1641 extremum
781 1609 997 1640 certamen
1032 1613 1118 1639 rem
1154 1598 1361 1639 deducere
1395 1613 1479 1639 non
1513 1599 1687 1641 audent.

251 1661 390 1701 Scena
422 1658 481 1698 rei
516 1658 647 1698 totius
681 1657 800 1697 haec:
835 1655 1083 1711 Pompeius,
1107 1665 1324 1710 tamquam
1361 1655 1577 1696 Caesarem
1598 1670 1686 1697 non

251 1718 495 1772 impugnet,
528 1714 615 1764 sed,
649 1717 688 1744 25
703 1712 819 1768 quod
858 1712 916 1753 illi
956 1727 1127 1767 aequum
1168 1721 1303 1766 putet,
1341 1712 1591 1763 constituat,
1626 1713 1689 1754 ait

253 1773 488 1814 Curionem
522 1784 712 1826 quaerere
745 1768 994 1810 discordias,
1055 1768 1188 1809 Valde
1222 1779 1363 1809 autem
1398 1784 1484 1809 non
1508 1770 1613 1821 vult,
1642 1778 1687 1810 et

254 1831 378 1890 plane
401 1829 538 1878 timet,
557 1826 772 1868 Caesarem
792 1825 1010 1866 consulem
1033 1825 1247 1881 designari
1269 1826 1398 1881 prius,
1414 1841 1541 1881 quam
1564 1840 1687 1868 exer-

253 1888 387 1928 citum
410 1895 454 1926 et
476 1884 739 1940 provinciam
765 1882 1001 1923 tradiderit.
1049 1882 1274 1937 Accipitur
1297 1883 1397 1923 satis
1421 1883 1529 1924 male
1551 1898 1576 1924 a
1598 1883 1687 1924 Cu-

255 1944 398 1986 rione:
421 1952 464 1983 et
487 1951 600 1983 totus
623 1941 714 1996 ejus
737 1941 777 1971 26
791 1939 1000 1980 secundus
1022 1940 1267 1980 consulatus
1289 1940 1548 1996 exagitatur.
1586 1939 1686 1982 Hoc

296 2105 338 2132 20
359 2110 433 2131 cum
463 2100 502 2129 de
523 2099 668 2129 Jmstihus
697 2097 866 2137 ageretur]
900 2097 951 2128 De

255 2153 393 2174 numero
408 2143 556 2177 hostium
572 2141 604 2170 in
620 2141 687 2171 acie
703 2142 898 2175 occisorum,
915 2145 953 2170 ut

256 2190 347 2225 patet
368 2195 384 2215 e
407 2193 495 2222 seqq.
542 2182 631 2213 Male
646 2183 811 2212 Victorius
834 2192 851 2211 e
875 2182 953 2212 Mss.

256 2228 335 2262 suis,
351 2227 465 2265 quibus
481 2230 514 2255 et
535 2225 591 2255 alii
614 2225 841 2259 consentiunt,
855 2230 889 2254 et
904 2223 954 2254 ed.

249 2269 352 2300 Rom.
370 2269 478 2298 hostiis
499 2267 598 2297 dedit.
625 2267 770 2296 restituit
788 2271 881 2296 vetus
903 2270 952 2295 et-

257 2311 323 2341 iam
340 2310 496 2344 Graevius,
514 2308 600 2347 quod
626 2314 675 2337 est
700 2309 732 2338 in
758 2309 821 2339 ΜΞ.
840 2309 902 2338 Gu.
919 2308 950 2338 in

258 2352 329 2384 cdd.
345 2352 427 2382 ven.
451 2354 537 2383 1471.
554 2356 584 2380 et
603 2350 738 2380 Mediol.
757 2352 814 2380 ἃς.

301 2397 336 2424 21
363 2395 462 2432 quiet
485 2392 621 2430 Iocutus]
648 2391 749 2422 Recte
772 2393 918 2422 Graevius
933 2402 950 2422 e

259 2437 324 2467 Ms.
340 2435 462 2466 addidit
477 2435 515 2464 de
530 2439 572 2470 te,
588 2440 624 2463 ut
640 2442 716 2463 ante
731 2433 921 2464 Lambinus.

302 2480 340 2508 22
364 2481 493 2507 tantam.
516 2475 729 2514 voluntalem]
748 2476 856 2514 Vulgo
879 2481 953 2506 tan<

260 2525 342 2550 mm.
372 2519 467 2549 male.
497 2527 571 2548 nam
595 2516 770 2546 admodum
799 2518 953 2557 frigidum

259 2567 323 2592 est.
368 2560 514 2591 Graevius
537 2561 569 2590 in
587 2565 679 2589 textu
696 2559 794 2589 habet
810 2564 954 2596 tantum,

260 2608 291 2634 et
309 2603 450 2643 explicat
469 2602 604 2631 saltem:
630 2609 663 2631 at
687 2601 719 2629 in
744 2601 953 2631 emendandis

262 2646 294 2675 in
312 2650 468 2675 contextu
489 2648 522 2673 et
545 2643 631 2673 notis
654 2643 789 2681 corrigit
811 2647 952 2673 tantam.

261 2697 388 2727 Vitium
412 2699 461 2725 est
484 2699 595 2725 ortum
619 2705 636 2725 e
663 2694 857 2735 compendio
883 2699 952 2724 tm:

261 2738 346 2776 quod
362 2743 411 2768 est
426 2738 458 2767 in
474 2737 535 2766 Gu.

303 2782 343 2810 ‘23
366 2780 553 2810 Deererant
574 2778 716 2818 quidem]
749 2779 819 2809 Hoc
841 2789 954 2809 verum

261 2826 323 2857 est,
341 2831 407 2851 non
425 2821 502 2851 Non
518 2821 651 2851 deerant
665 2822 792 2861 quidem
804 2834 813 2850 .·
831 2831 905 2850 nam
923 2817 955 2850 id

262 2873 392 2894 sensum
411 2863 541 2894 nullum
563 2862 662 2894 habet
683 2862 906 2900 commodum,
922 2867 956 2894 et

520 2914 523 2916 .
637 2912 642 2923 ,
925 2911 928 2915 .

995 2101 1157 2138 repugnat
1180 2096 1338 2127 latinitas.
1364 2107 1439 2127 nam
1463 2097 1594 2129 deberet
1617 2102 1690 2139 post

995 2150 1062 2169 esse
1085 2141 1214 2171 vellent,
1239 2148 1303 2169 non
1334 2141 1492 2170 volebant.
1515 2141 1614 2171 etiam
1641 2150 1691 2172 res

997 2187 1031 2211 et
1058 2181 1224 2221 responsio
1247 2182 1399 2211 Curionis
1421 2182 1484 2211 hoc
1507 2183 1690 2222 postulant.

999 2224 1095 2254 Forte
1110 2228 1143 2253 et
1157 2223 1291 2262 quidam
1309 2223 1495 2262 legendum.
1541 2225 1619 2255 Non
1633 2225 1690 2255 ab·

995 2271 1044 2296 est
1061 2265 1111 2296 ed.
1127 2265 1223 2295 Rom.
1240 2270 1274 2295 et
1288 2265 1359 2296 edd.
1381 2268 1470 2298 1471.
1491 2269 1524 2296 et
1539 2266 1613 2297 aliae
1635 2267 1692 2297 ha-

999 2308 1076 2338 bent
1105 2308 1267 2343 deserant,
1290 2308 1375 2347 quod
1401 2318 1417 2338 e
1443 2308 1613 2339 decrerunt
1640 2309 1688 2339 fa-

999 2354 1104 2385 ctum,
1120 2353 1158 2379 ut
1174 2349 1207 2378 in
1223 2349 1286 2379 Gu.

1036 2394 1076 2422 24
1106 2391 1317 2430 evocandam]
1356 2390 1571 2421 Eliciendam.
1598 2392 1692 2423 Grae-

995 2434 1064 2464 vius
1079 2434 1113 2464 in
1127 2433 1214 2464 notis
1237 2432 1381 2462 defendit
1404 2433 1617 2470 avocandum„
1633 2434 1689 2465 sed

995 2475 1028 2505 id
1043 2476 1076 2505 in
1100 2474 1251 2505 addendis
1276 2475 1483 2504 retractavit:
1508 2484 1568 2504 nec
1590 2475 1690 2507 hahet

995 2527 1125 2547 sensum
1161 2515 1381 2547 commodum.
1430 2516 1530 2546 Evae.
1567 2517 1691 2550 habent

998 2560 1077 2589 Mss.
1093 2559 1156 2589 Gu.
1173 2558 1264 2588 Gorl.
1281 2563 1316 2588 et
1337 2557 1408 2587 edd.
1433 2567 1480 2597 pr.
1497 2568 1620 2589 omneS.
1641 2561 1691 2591 in-

997 2600 1240 2640 tetpellantibus
1255 2601 1315 2630 int.
1332 2599 1522 2637 Curionem,
1539 2602 1615 2632 ficte
1639 2613 1690 2633 ro-

998 2648 1124 2683 ganteS,
1141 2651 1181 2671 ne
1197 2641 1423 2672 intercederet.

1039 2687 1079 2715 ‘25
1100 2684 1184 2723 quod
1198 2684 1246 2713 illi
1260 2693 1385 2723 (equum
1403 2684 1510 2724 putet]
1537 2685 1622 2715 Puto
1645 2685 1691 2716 le·

997 2725 1137 2767 gendum
1152 2726 1217 2761 ille,
1233 2728 1351 2757 Cffi'Snr.

1038 2768 1078 2798 26
1095 2777 1154 2797 sec.
1167 2777 1250 2798 cons.
1263 2767 1467 2807 exagitatur]
1491 2768 1619 2808 Nempe
1644 2769 1694 2799 in-

998 2810 1110 2850 primis
1137 2810 1178 2839 ob
1204 2821 1254 2847 ea,
1280 2819 1352 2848 quae
1377 2810 1498 2842 Caesari
1525 2821 1582 2851 per
1605 2811 1691 2854 leges

999 2856 1213 2883 concesserat.
1528 2865 1532 2872 ·
