1903 3218
390 103 471 143 AD
497 103 555 142 M.
581 99 925 141 VARRONEM
949 99 1026 137 ET
1053 98 1329 137 CETEROS.
1508 100 1587 146 225

153 223 286 264 quam
307 222 334 250 a
351 200 561 249 debitore.
594 204 687 247 Nec
705 213 847 245 tamen
871 217 941 244 eas
959 216 1084 244 cenas
1103 217 1266 257 quaero,
1294 202 1335 238 69
1354 208 1399 242 ut
1417 214 1586 257 magnae

155 259 347 321 reliquiae
372 264 505 305 fiant:
537 261 653 319 quod
682 260 778 311 erit,
801 259 1082 316 magnificum
1110 261 1165 299 sit
1185 268 1229 299 et
1250 259 1430 300 lautum.
1490 258 1589 300 Me-

153 322 260 364 mini
296 332 337 363 te
373 321 478 362 mihi
509 322 550 354 70
568 318 768 360 Phameae
805 331 955 358 cenam
995 329 1177 357 narrare.
1222 314 1452 370 temperius
1487 314 1587 367 fiat;

151 388 296 420 cetera
324 379 474 420 eodem
508 375 651 416 modo.
710 378 745 409 7¹
770 373 935 422 Quodsi
972 387 1210 430 perseveras
1250 386 1318 413 me
1349 372 1404 413 ad
1439 373 1586 416 matris

153 446 239 477 tuae
268 449 418 476 cenam
449 445 663 482 revocare,
687 431 818 473 feram
852 431 892 472 id
917 434 1103 486 quoque.
1163 429 1275 471 Volo
1305 429 1421 469 enim
1445 428 1588 470 videre

151 495 359 541 animum,
381 491 454 546 qui
488 488 592 530 mihi
625 489 781 530 audeat
817 489 910 540 ista,
933 503 1030 543 quae
1062 487 1228 538 scribis,
1258 500 1488 542 apponere,
1512 497 1587 526 aut

149 550 280 590 etiam
311 547 517 604 polypum
548 545 738 587 Miniani
768 545 892 588 Jovis
919 545 1116 586 similem.
1179 543 1294 585 Mihi
1317 543 1467 585 crede:
1500 557 1586 584 non

148 605 340 647 audebis,
400 604 515 644 Ante
546 617 689 645 meum
720 602 952 644 adventum
982 601 1097 642 fama
1127 601 1178 642 ad
1204 612 1244 642 te
1275 601 1327 642 de
1358 615 1453 642 mea
1474 614 1588 641 nova

148 662 316 704 lautitia
339 660 506 702 veniet:
539 674 632 701 eam
663 661 934 701 extimesces.
997 658 1150 715 Neque
1172 668 1252 709 est,
1272 657 1388 713 quod
1419 658 1461 699 in
1487 671 1587 713 pro-

149 718 330 760 mulside
353 718 443 774 spei
477 732 610 773 ponas
635 716 984 773 aliquid;*quam
1015 725 1147 757 totam
1182 715 1348 756 sustuli.
1408 713 1586 755 798018-

148 776 248 817 bam
268 775 384 816 enim
406 783 532 816 antea
558 773 773 815 debilitari
796 773 900 815 oleis
922 782 965 814 et
986 772 1191 815 lucanicis
1214 772 1314 814 tuis.
1374 771 1459 813 Sed
1480 771 1585 827 quid

147 832 243 874 haec
271 832 515 888 loquimur?
557 830 685 873 liceat
719 831 848 873 modo
883 831 968 872 isto
1009 831 1166 872 venire.
1225 828 1289 871 Tu
1331 843 1431 871 vero
1464 828 1584 882 (volo

144 890 261 931 enim
292 890 537 946 abstergere
569 889 701 930 animi
733 888 796 928 tui
829 888 1012 936 metum)
1043 888 1096 929 ad
1129 884 1442 943 tyrotarichum
1473 885 1630 927 anti-P·
1648 885 1720 918 137.

143 961 280 1002 quum
311 947 416 988 redi.
479 944 575 1003 Ego
609 945 688 986 tibi
725 959 858 986 unum
899 954 1087 986 sumtum
1122 944 1312 994 afferam,
1345 943 1462 999 quod
1495 937 1628 985 bal-²·

147 1019 276 1046 neum
308 1002 510 1045 calfacias
543 1003 790 1059 oportebit:
830 1012 973 1044 cetera
1006 1015 1124 1044 more
1163 1010 1335 1053 nostr03
1368 1001 1588 1057 superiora

146 1060 218 1103 illa
254 1061 445 1103 lusimus.
510 1058 578 1101 De
614 1059 715 1101 villa
748 1059 962 1101 Seliciana
996 1069 1040 1100 et
1072 1060 1230 1101 curasti
1265 1058 1510 1115 diligenter,
1543 1068 1589 1099 et

146 1118 355 1175 scripsisti
396 1116 670 1159 facetissime.
732 1115 886 1172 Itaque
926 1126 1032 1173 puto
1072 1131 1139 1157 me
1183 1116 1587 1173 praetermissurum.

146 1174 256 1217 Salis
277 1175 393 1216 enim
416 1174 518 1215 satis
537 1183 616 1226 est,
638 1174 896 1215 sannionum
923 1187 1086 1228 parum.
1150 1173 1270 1214 Vale.

667 1256 1072 1294 ARGUMENTUM.

146 1322 267 1359 Caesar
282 1320 458 1359 militibus
476 1331 585 1368 agros
603 1320 783 1356 divisurus
801 1321 1000 1356 dicebatur.
1057 1319 1240 1356 Metuenti
1256 1318 1373 1357 Paeto,
1393 1329 1438 1353 ne
1455 1318 1586 1355 divisio

273 1374 324 1410 ad
338 1385 421 1409 euos
439 1384 547 1420 agros
560 1374 762 1420 perveniat,
779 1374 887 1420 idque
903 1374 1091 1420 quaerenti,
1113 1371 1237 1407 Cicero
1254 1370 1456 1419 respondet.

411 1449 646 1492 CICERO
680 1450 729 1491 L.
764 1449 1024 1491 PAPIRIO
1058 1448 1237 1490 PAETO
1270 1448 1315 1490 S.

145 1512 188 1545 73
206 1507 351 1560 NON
379 1527 424 1559 tu
446 1519 579 1559 homo
596 1517 881 1571 ridiculuses,
903 1517 1104 1574 qui‚cum
1128 1517 1290 1558 Balbus
1308 1523 1453 1556 noster
1476 1515 1593 1572 apud

148 1586 191 1617 te
213 1575 357 1628 fuerit,
378 1590 433 1617 ex
456 1589 524 1616 me
545 1589 727 1631 quaeras,
749 1575 854 1630 quid
885 1577 926 1608 74
939 1574 991 1615 de
1015 1574 1106 1615 istis
1139 1573 1388 1629 municipiis
1410 1583 1454 1613 et
1477 1573 1593 1636 agris

148 1633 339 1675 futurum
365 1635 541 1690 putem?
571 1632 691 1687 quasi
720 1642 794 1672 aut
825 1645 908 1688 ego
931 1631 1168 1687 quidquam
1196 1632 1345 1681 sciam,
1367 1629 1484 1686 quod
1512 1639 1593 1672 iste

146 1691 334 1733 nesciat:
375 1699 464 1741 aut,
497 1690 533 1730 si
565 1689 668 1744 quid
701 1688 931 1744 aliquando
967 1689 1072 1740 scio,
1105 1703 1192 1729 non
1223 1702 1278 1729 ex
1309 1688 1392 1728 isto
1433 1686 1594 1728 soleam

149 1748 270 1789 scire.
333 1746 474 1788 Immo
507 1760 622 1797 vero,
646 1746 677 1786 si
711 1760 778 1787 me
811 1760 941 1797 amas,
966 1756 1011 1786 tu
1045 1746 1129 1797 fac,
1155 1755 1202 1786 ut
1233 1745 1382 1795 sciam,
1405 1743 1509 1800 quid
1540 1744 1594 1785 de

147 1805 273 1846 nobis
295 1803 488 1846 futurum
513 1804 582 1844 sit.
644 1802 850 1844 Habuisti
871 1803 986 1843 enim
1012 1803 1052 1843 in
1077 1812 1152 1843 tua
1175 1811 1404 1858 potestate,
1427 1804 1482 1842 ex
1506 1816 1593 1858 quo

1607 1250 1652 1290 17

188 1957 229 1992 69
250 1960 289 1988 ut
318 1964 448 1996 magnae
469 1955 614 1995 reliquioe
626 1953 678 1994 f]
726 1954 846 1984 Sensus

147 2001 253 2030 bonus
272 2000 411 2030 istorum
423 1998 607 2028 'verborum
626 2001 698 2026 est:
722 1995 778 2026 sed
796 2002 847 2026 ta-

149 2051 224 2073 men
239 2042 324 2072 forte
339 2039 455 2071 melius
469 2042 512 2070 sit
524 2039 631 2079 legere
647 2039 714 2075 ubi,
727 2049 767 2068 ex
783 2048 848 2077 quo

149 2085 213 2121 uti,
229 2084 304 2115 dein
320 2087 358 2113 ut
373 2083 498 2112 factum
511 2082 565 2112 sit.

153 2122 172 2133 ⁹
189 2128 232 2160 70
254 2124 426 2164 Phameae]
445 2134 499 2164 np.
514 2123 656 2155 hominis
674 2122 846 2162 locupletis

145 2177 275 2199 coenam
287 2167 413 2197 lautam
429 2172 464 2197 et
478 2167 656 2205 copiosam.

192 2213 230 2243 71
254 2209 378 2250 ,Quodsi
399 2205 796 2248 perseveras-revocare]
824 2207 846 2236 i.

147 2263 176 2284 e.
200 2251 411 2287 denunciare,
433 2254 467 2280 te
490 2250 570 2280 mihi
593 2248 694 2279 talem
721 2258 848 2279 coenam

147 2295 316 2330 daturum,
349 2291 454 2332 qualis
481 2296 588 2322 mater
616 2291 712 2321 solet.
756 2290 847 2320 Grae·

148 2338 219 2367 vius
245 2346 264 2366 e
290 2334 354 2366 Ms.
391 2334 498 2365 Amst.
531 2334 584 2363 cui
610 2339 722 2363 noster
750 2333 846 2373 plane

147 2377 327 2415 consentit,
341 2377 386 2407 sic
405 2376 470 2415 legi
490 2375 579 2406 vult:
604 2377 629 2405 si
645 2384 846 2415 perseveras,

146 2429 365 2452 me—aerevoca.
410 2418 530 2450 Feram
544 2418 581 2448 iel
593 2427 723 2458 quoque.
746 2417 799 2448 Sic
813 2422 847 2448 et

141 2463 209 2494 Gu.
229 2465 256 2492 l.
310 2484 312 2486 v

189 2508 230 2539 72
253 2503 320 2535 Sol.
337 2513 362 2534 e.
377 2512 410 2533 α.
424 2503 588 2533 debilitari
611 2503 685 2533 oleis
704 2505 736 2532 et
755 2503 846 2532 luca-

148 2547 231 2578 nicis
254 2545 295 2585 L]
334 2546 430 2576 Patet
459 2546 493 2575 in
520 2543 719 2585 promulside
746 2544 848 2574 etiam

149 2589 237 2620 cibos
257 2587 394 2618 leviores
423 2592 560 2617 sumtos.
606 2586 686 2617 Mss.
718 2587 769 2616 hic
791 2595 847 2616 va-

149 2631 249 2662 riant.
272 2630 381 2670 plures
407 2629 532 2661 habent
553 2629 721 2666 delectari,
749 2632 788 2658 ut
813 2633 849 2658 et

152 2673 217 2703 mei
238 2681 363 2702 omnes.
385 2672 431 2702 sic
453 2677 488 2702 et
514 2671 587 2702 edd.
610 2681 661 2711 pr.
684 2671 850 2701 debilitari

149 2718 201 2745 est
222 2724 240 2744 e
262 2712 350 2744 Med.
373 2714 427 2745 ubi
448 2717 499 2744 est
521 2714 699 2751 delibitari,
715 2713 802 2753 quod
815 2718 850 2743 et

151 2756 206 2788 alii
221 2765 283 2786 scr.
299 2761 334 2786 et
345 2755 418 2787 edd.
434 2755 569 2787 habent.
605 2756 753 2786 Graevius
767 2764 849 2794 prae-

147 2797 229 2828 tulit
251 2797 429 2829 delectari.-
452 2803 614 2837 negatque
636 2797 778 2828 alterum
793 2796 852 2827 ha-

149 2840 225 2872 bere
253 2848 345 2879 aeque
372 2840 582 2870 commodum
616 2847 850 2871 sensum-nec

209 2894 318 2924 VOL.
344 2895 421 2923 111.
447 2895 488 2923 P.
514 2895 546 2922 1.

889 1963 950 1993 ego
966 1953 1151 1984 decernam.
1181 1952 1245 1984 Sed
1260 1961 1375 1984 tamen
1391 1951 1470 1984 mihi
1486 1955 1596 1985 nescio

889 1995 1052 2035 quomodo
1073 1996 1238 2026 debilitari
1260 1995 1333 2035 plus
1350 1995 1493 2026 indicare
1509 1996 1596 2027 vide-

890 2043 969 2068 tur:
996 2047 1126 2078 nempe,
1143 2038 1213 2068 istis
1238 2038 1319 2068 cibis
1338 2039 1373 2068 in
1394 2038 1595 2077 promulside

891 2080 1072 2115 sumendis,
1088 2080 1261 2119 frangebat
1275 2080 1410 2116 famem,
1425 2084 1464 2110 ut
1476 2081 1511 2111 in
1523 2080 1595 2121 ipsa

889 2132 982 2152 coena
1004 2122 1194 2152 stomachus
1222 2121 1408 2161 languidior
1435 2128 1533 2160 esset,
1555 2128 1595 2154 ut

890 2165 976 2194 infra
989 2174 1039 2204 ep.
1051 2166 1102 2195 ⁶20.
1121 2174 1214 2203 quem
1229 2166 1342 2195 solitus
1355 2173 1386 2194 es
1393 2165 1598 2204 promulside

891 2206 1057 2247 conficere.
1097 2207 1254 2237 Ceterum
1271 2207 1305 2237 in
1321 2207 1396 2236 oleis
1411 2215 1480 2236 non
1495 2207 1592 2238 hesi:

891 2249 946 2278 sed
960 2248 1034 2278 Nic.
1053 2248 1208 2278 Heinsius
1222 2248 1450 2288 suspicabatur
1462 2249 1528 2280 illis
1543 2249 1594 2280 vel

890 2291 990 2326 hillis,
1014 2290 1099 2329 quod
1120 2295 1172 2321 est
1194 2299 1296 2331 genus
1326 2290 1526 2322 farciminis:
1558 2293 1597 2326 in

888 2343 964 2373 epp.
989 2332 1030 2363 ad
1055 2332 1323 2372 Magliabechum
1344 2332 1387 2363 T.
1411 2332 1438 2364 1.
1463 2345 1494 2375 p.
1520 2335 1591 2364 166.

889 2376 945 2405 ubi
971 2381 1066 2414 rogat
1079 2376 1180 2413 hunc,
1197 2381 1236 2406 ut
1250 2385 1348 2415 super
1361 2385 1399 2405 eo
1416 2377 1496 2408 Mss.
1513 2387 1592 2406 con-

889 2417 1023 2448 suleret.
1060 2417 1123 2448 Sed
1137 2428 1189 2458 ap.
1206 2418 1341 2448 Petron.
1356 2428 1385 2448 c.
1402 2421 1456 2450 31.
1470 2419 1591 2449 diserte

886 2460 924 2490 in
941 2459 1137 2499 promulside
1154 2465 1382 2491 memorantur
1396 2462 1498 2492 olivoe.
1533 2461 1590 2492 ln·

888 2502 988 2532 terim
1001 2501 1087 2532 edidi
1097 2502 1275 2534 debilitavi.

932 2547 972 2578 73
993 2542 1076 2575 Non
1091 2545 1142 2584 tu]
1167 2544 1187 2574 J
1194 2567 1201 2575 .
1218 2544 1269 2575 Fr.
1286 2544 1468 2575 Gronovius
1490 2545 1591 2576 corri-

891 2586 939 2626 git
957 2585 1021 2617 Noe
1036 2591 1072 2617 tu
1089 2588 1121 2617 Ιι.
1139 2585 1226 2626 quod
1239 2586 1350 2626 placet
1365 2587 1504 2616 Graevio.

933 2631 974 2663 74
997 2629 1036 2659 de
1055 2630 1126 2660 istis
1147 2629 1337 2668 municipiis
1354 2633 1387 2659 et
1407 2626 1515 2668 agris]
1544 2638 1591 2660 sc.

891 2671 927 2700 in
941 2680 980 2701 ea
994 2671 1140 2710 regione,
1154 2671 1190 2701 in
1205 2680 1268 2710 qua
1283 2669 1393 2700 Paetus
1417 2680 1512 2710 agros
1533 2671 1593 2702 ha-

891 2712 1003 2750 bebat,
1019 2723 1119 2754 prope
1139 2712 1335 2749 Tusculum,
1349 2712 1406 2743 ubi
1429 2718 1463 2743 et
1478 2713 1594 2744 Cieem

892 2754 1046 2796 habebat.
1061 2756 1125 2786 int.
1147 2764 1189 2785 an
1212 2753 1354 2785 dividere
1372 2753 1534 2787 militibus
1557 2756 1594 2794 ,in

893 2798 1006 2829 animo
1020 2797 1140 2829 habeat
1157 2798 1276 2828 Cesar.
1406 2803 1410 2808 ·

888 2892 917 2931 Ω
