1865 3223
316 113 392 153 372
564 107 742 146 EPIST.
768 107 954 147 LIBER
978 102 1505 147 TERTIUSDECIMUS

317 211 488 254 habet
480 226 522 252 in
554 225 659 267 agro
693 210 958 267 Fregellano,
988 227 1014 252 a
1038 211 1159 252 vobis
1190 219 1363 260 emtam,
1384 223 1475 250 eam
1499 207 1674 249 liberam
1697 214 1740 249 et

319 270 552 310 immunem
584 268 737 310 habere
769 269 917 324 possit.
981 268 1031 310 Id
1061 268 1095 308 si
1119 283 1144 309 a
1162 267 1283 308 vobis
1306 266 1550 321 impetraro,
1572 278 1740 305 summo

321 341 389 366 me
410 325 618 366 beneficio
641 335 780 366 vestro
803 325 1005 366 affectum
1027 325 1281 366 arbitrabor.

258 399 309 440 77
829 397 1230 435 ARGUMENTUM.

324 450 449 499 Officio
467 463 530 487 suo
558 452 593 486 in
611 451 875 498 supplicatione
893 451 1113 484 decernenda
1131 454 1293 489 narrato,
1314 449 1537 485 commendat
1557 447 1610 484 M.
1633 447 1742 484 Bola-

463 515 560 544 num,
580 507 614 537 et
632 500 986 549 servumsugitiuum
1003 502 1146 536 restitui
1164 506 1272 541 curet,
1293 505 1456 536 amanter
1475 505 1592 547 rogat.

560 562 625 601 M.
648 561 698 601 Τ.
724 561 775 601 C.
810 561 858 601 P.
884 560 1188 612 SULPICIO,
1220 561 1352 602 IMP.
1384 562 1427 603 S.
1453 561 1509 603 D.

324 618 466 671 CUM
491 629 556 670 his
580 629 843 684 temporibus
863 643 947 669 non
971 643 1070 669 sane
1093 629 1134 669 in
1159 637 1350 670 senatum
1377 630 1654 679 ventitare1n3
1684 636 1745 668 ta-

319 701 432 736 men,
456 699 503 726 ut
538 695 631 726 tuas
665 686 825 726 litteras
858 686 958 741 legi,
987 700 1073 726 non
1107 685 1366 736 existimavi,
1395 700 1476 736 mc,
1509 687 1624 727 salvo
1648 684 1747 740 Jure

321 752 478 784 nostrae
511 743 662 783 veteris
686 742 903 793 amicitiae‚
928 741 1243 797 multorumque
1264 743 1373 782 inter
1394 756 1470 782 nos
1493 744 1748 791 officiorum,

322 799 462 841 facere
486 813 622 855 posse,
645 807 693 838 ut
725 799 876 839 honori
910 807 983 839 tuo
1009 799 1213 840 deessem.
1275 798 1426 853 Itaque
1448 798 1566 849 affui,
1588 799 1750 854 suppli-

321 857 620 910 cationemqne
655 855 732 895 tibi
778 855 958 896 libenter
997 855 1189 897 decrevi:
1237 870 1315 897 nec
1358 855 1520 909 reliquo
1560 865 1751 910 tempore

324 913 422 962 ullo,
458 921 532 953 aut
569 926 643 963 rei,
673 921 746 952 aut
779 912 1105 976 existimationi,
1145 922 1218 953 aut
1251 912 1454 969 dignitati
1488 922 1572 953 tuae
1607 912 1749 952 deero.

322 969 482 1024 Atque,
505 968 587 1010 hoc
607 978 655 1009 ut
676 968 738 1009 tui
762 970 985 1010 necessarii
1010 969 1161 1020 sciant,
1193 970 1274 1011 hoc
1307 984 1376 1009 me
1408 969 1552 1010 animo
1586 982 1688 1023 erga
1711 977 1753 1008 te

321 1039 427 1076 esse,
450 1025 576 1067 velim
600 1024 732 1066 facias
753 1040 825 1067 eos
849 1040 922 1081 per
955 1026 1117 1067 litteras
1149 1027 1365 1077 certiores,
1398 1034 1460 1077 ut,
1483 1027 1516 1067 si
1549 1026 1652 1080 quid
1673 1024 1753 1065 tibi

321 1097 429 1138 opus
452 1082 521 1133 sit,
545 1097 596 1123 ne
616 1082 819 1123 dubitent
852 1082 957 1123 mihi
984 1083 1083 1138 jure
1107 1098 1182 1124 suo
1205 1083 1471 1123 denuntiare.
1532 1082 1599 1123 Μ.
1622 1081 1751 1122 Bola-

322 1153 441 1190 num,
469 1139 607 1180 virum
643 1140 802 1180 bonum
839 1150 882 1180 et
916 1140 1086 1190 fortem,
1109 1149 1151 1181 et
1173 1140 1374 1181 omnibus
1393 1140 1517 1181 rebus
1539 1147 1754 1189 ornatum,

323 1210 553 1251 meumque
595 1205 782 1237 veterem
820 1196 1021 1260 amicum,
1065 1197 1143 1238 tibi
1185 1211 1445 1253 magnopere
1483 1195 1755 1237 commendo.

281 1259 313 1292 b.
328 1252 582 1309 Pergratum
615 1251 720 1294 mihi
747 1252 910 1304 feceris,
941 1253 975 1294 si
1011 1254 1184 1304 eruaris,
1223 1263 1270 1295 ut
1307 1254 1342 1294 is
1381 1253 1607 1307 intelligat,
1645 1253 1756 1293 hanc

324 1309 744 1352 commendationem
769 1310 849 1350 sibi
872 1325 1030 1374 magno
1052 1311 1302 1366 adjumento
1325 1310 1470 1351 fuisse.
1523 1310 1756 1373 Ipsumque

325 1368 462 1408 virum
482 1367 697 1430 optimum
719 1367 1095 1430 gratissimumque
1117 1382 1366 1423 cognosces
1429 1367 1644 1408 Promitto
1662 1366 1757 1416 tihi,

325 1432 368 1464 te
403 1438 457 1464 ex
492 1438 586 1479 eJus
614 1422 808 1464 amicitia
842 1437 1043 1479 magnam
1082 1400 1348 1479 voluoptatem
1389 1438 1479 1464 esse
1515 1432 1756 1486 capturum.

325 1480 541 1522 Ptaeterea
562 1495 587 1521 a
608 1488 650 1520 te
673 1488 775 1536 peto
808 1479 852 1520 in
882 1480 1091 1536 majorem
1123 1480 1315 1531 modum,
1345 1494 1420 1543 pro
1443 1490 1588 1521 nostia
1609 1495 1758 1520 amiei-

325 1537 398 1588 tia‚
420 1546 463 1577 et
486 1551 562 1593 pro
590 1544 665 1578 tuo
701 1545 908 1592 perpetuo
940 1537 983 1577 in
1015 1551 1083 1578 me
1117 1537 1274 1600 studio,
1303 1546 1350 1577 ut
1384 1551 1426 1576 in
1460 1537 1539 1577 hac
1563 1551 1607 1576 re
1627 1536 1758 1576 etiarn

323 1594 529 1635 elabores.
592 1592 846 1649 Dionysius,
868 1607 1012 1635 servus
1035 1608 1170 1645 meus,
1193 1594 1265 1649 qui
1300 1607 1438 1634 meam
1467 1591 1758 1633 bibliothecen

322 1650 555 1692 multorum
578 1664 809 1692 numorum
842 1650 1058 1702 tractavit,
1080 1665 1179 1691 cuin
1202 1650 1357 1691 multos
1381 1650 1510 1691 libros
1533 1649 1760 1706 surripuis-

324 1716 402 1758 set,
423 1722 502 1749 nec
525 1721 570 1749 se
593 1707 769 1762 impune
791 1707 978 1749 laturum
1001 1716 1185 1763 putaret,
1208 1707 1393 1763 aufugit.
1456 1707 1497 1747 Is
1511 1716 1575 1747 est
1597 1722 1639 1748 in
1661 1721 1759 1762 pro-

323 1764 467 1806 vincia
489 1773 577 1806 tua.
639 1763 751 1805 Eum
772 1772 816 1805 et
838 1764 907 1805 Μ.
930 1764 1134 1815 Bolanus,
1167 1763 1387 1805 familiaris
1414 1778 1548 1814 meus,
1569 1772 1612 1804 et
1634 1763 1755 1804 multi

324 1821 395 1862 alii
419 1821 608 1862 Naronae
632 1821 856 1863 viderunt:
890 1821 961 1861 sed
997 1836 1096 1862 cum
1121 1835 1165 1862 se
1193 1836 1218 1862 a
1244 1835 1312 1862 me
1342 1821 1650 1861 manumissum
1671 1834 1762 1860 esse

325 1878 500 1930 diceret,
522 1876 810 1919 crediderunt.
872 1877 1004 1919 Hunc
1038 1886 1083 1918 tu
1118 1878 1152 1919 si
1177 1878 1283 1919 mihi
1307 1877 1616 1918 restituendum
1638 1891 1760 1917 cura-

324 1934 398 1986 ris,
419 1948 505 1975 non
529 1948 703 1990 possum
726 1934 884 1985 dicere,
906 1948 1034 1989 quam
1057 1934 1162 1975 mihi
1185 1943 1355 1990 gratum
1370 1933 1560 1974 futurum
1576 1933 1645 1973 sit.
1672 1932 1759 1973 Res

326 1991 420 2047 ipsa
453 2005 597 2047 parva,
631 1991 703 2032 sed
736 1991 867 2033 animi
904 1991 985 2032 mei
1021 1991 1143 2032 dolor
1174 2005 1357 2047 magnus
1380 1999 1458 2031 est.
1520 1990 1605 2032 Ubi
1628 1990 1697 2040 sit,
1719 2000 1763 2030 et

327 2048 430 2103 quid
454 2048 544 2089 fieri
568 2048 718 2104 possit,
741 2047 929 2089 Bolanus
953 2057 994 2089 te
1016 2047 1204 2089 docebit.
1268 2047 1362 2103 Ego
1390 2048 1423 2087 si
1447 2047 1662 2089 hominem
1688 2061 1763 2102 per

330 2115 372 2146 te
393 2106 648 2162 reciperato,
670 2119 838 2146 summo
860 2118 929 2145 me
951 2120 975 2145 a
997 2113 1038 2145 te
1060 2104 1270 2146 beneficio
1289 2104 1491 2146 affectum
1509 2104 1764 2146 arbitrabor.

265 2183 287 2222 7
294 2182 318 2220 8
846 2177 956 2214 ARG
962 2177 1249 2214 UMENTUM.

581 2229 694 2268 Petit,
714 2234 754 2265 ut
774 2230 1027 2266 Democritum
1046 2232 1084 2266 in
1100 2231 1325 2279 suamfidem
1343 2231 1508 2277 recipiat.

560 2295 628 2337 M.
650 2295 701 2337 Τ.
726 2296 777 2338 C.
809 2296 1099 2348 ALLIENO,
1125 2296 1383 2338 PROCOS.
1415 2296 1458 2336 S
1484 2296 1541 2337 D.

335 2350 761 2407 DEMOCRITUS
795 2365 1039 2420 Sicyonius,
1071 2378 1157 2406 non
1190 2364 1326 2405 solum
1359 2363 1514 2419 hospes
1548 2377 1666 2403 meus
1689 2372 1767 2414 est,

333 2419 403 2460 sed
434 2419 580 2469 etiarn,
610 2421 724 2474 quod
756 2436 841 2462 non
874 2421 1020 2462 multis
1053 2421 1284 2477 contingit,
1308 2421 1474 2462 Graecis
1511 2420 1763 2475 praesertim,

333 2475 454 2517 valde
486 2476 721 2517 familiaris.
785 2477 860 2519 Est
882 2479 996 2519 enim
1031 2478 1074 2518 in
1096 2492 1146 2519 eo
1169 2493 1336 2519 summa
1364 2477 1569 2533 probitas,
1601 2491 1767 2517 summa

333 2533 480 2584 virtus,
504 2547 670 2574 summa
689 2534 730 2574 in
754 2533 945 2590 hospites
968 2535 1199 2576 liberalitas
1217 2544 1258 2575 ct
1281 2534 1578 2575 observantia:
1612 2548 1766 2588 meque

332 2599 488 2646 praeter
508 2599 672 2631 ceteros
695 2599 738 2631 et
759 2590 877 2642 colit,
901 2601 943 2632 et
965 2593 1179 2642 observat,
1202 2601 1244 2632 et
1266 2591 1423 2647 diligit.
1473 2589 1583 2631 Eum
1607 2600 1651 2630 tu
1677 2605 1764 2631 non

332 2647 461 2688 modo
500 2661 672 2688 suorum
711 2647 886 2699 civium,
910 2662 1056 2689 verum
1099 2651 1267 2704 lsspaene
1306 2647 1483 2689 Achaiae
1523 2647 1764 2703 principem

378 2761 413 2789 18
443 2769 535 2799 paene
563 2760 696 2790 Achaioe
725 2759 924 2800 principem]
964 2760 1028 2800 Qui
1072 2771 1137 2800 seq
1167 2765 1269 2801 patet.
1305 2760 1370 2790 alia
1399 2760 1549 2800 exempla
1578 2759 1767 2801 hujusmodi

332 2799 418 2830 idem
442 2802 474 2831 in
498 2802 608 2832 Sicilia
623 2803 754 2841 negotia
777 2803 927 2833 haberet:
953 2812 1029 2833 nam
1073 2804 1244 2835 hominum
1261 2804 1295 2834 in
1309 2803 1454 2834 verrinis
1470 2807 1559 2834 sunt.

332 2842 480 2876 Allienus
496 2848 566 2874 tum
585 2844 618 2874 in
641 2843 752 2875 Sicilia
766 2849 850 2882 erat,
866 2852 903 2875 ut
923 2855 963 2876 ex
978 2854 1030 2885 ep.
