1860 3228
265 79 338 114 162
625 81 808 119 EPIST.
837 80 1024 119 LIBER
1050 83 1343 122 SEPTIMUS

261 199 359 240 que,
379 186 411 226 si
440 185 527 226 cito
549 193 589 226 te
611 186 827 236 retuleris;
860 201 997 226 sermo
1021 185 1163 227 nullus*
1180 188 1283 228 erit:
1315 190 1356 222 39
1369 187 1403 228 si
1422 187 1583 228 diutius
1605 186 1694 228 fru-

263 251 351 282 stra
372 242 586 293 abfueris3
618 257 703 283 non
725 243 852 283 modo
878 243 1121 294 Laberium,
1145 245 1216 285 sed
1245 245 1375 285 etiam
1407 244 1594 285 sodalem
1618 257 1694 283 no-

262 307 395 340 strum
416 299 631 339 Valerium
657 300 925 354 pertimesco,
961 299 1077 340 Mira
1097 302 1209 342 enim
1232 315 1411 356 persona
1429 301 1572 342 induci
1599 309 1695 355 pot-

261 365 327 396 est
342 356 579 397 Britannici
602 356 902 411 jureconsulti.
938 356 1048 397 Haec
1070 371 1151 412 ego
1171 373 1256 398 non
1269 359 1400 408 rideo,
1429 358 1624 412 quamvis
1649 365 1694 396 tu

262 412 425 454 rideas:
460 413 530 453 sed
553 413 605 453 de
629 427 670 453 re
694 413 960 453 severissima
993 425 1150 464 tecum,
1184 426 1229 454 ut
1259 414 1547 469 soleo,jocor.
1610 413 1695 453 Re-

262 480 383 510 moto
400 470 522 525 joco,
545 470 623 509 tibi
648 468 730 509 hoc
753 469 1012 509 amicissimo
1047 471 1190 510 animo
1220 472 1440 526 praecipio,
1462 481 1521 521 ut,
1545 470 1578 510 si
1599 468 1698 510 istic

263 540 360 567 mea
387 525 762 567 commendatione
797 534 911 565 tuam
945 526 1201 580 dignitatem
1241 528 1473 578 obtinebis,
1511 526 1696 584 perferas

263 584 399 624 nostri
422 582 696 631 desiderium,
718 584 759 611 40
774 581 1039 623 honestatem
1073 592 1117 622 et
1142 582 1365 624 facultates
1400 596 1493 625 tuas
1523 597 1696 639 auge-218.

267 640 332 680 sin
354 650 495 680 autem
517 639 599 679 ista
619 638 854 693 frigebunt,
878 640 1056 694 recipias
1075 650 1115 680 te
1137 640 1188 679 ad
1208 654 1300 680 nos.
1361 641 1521 682 Omnia
1538 651 1697 689 tamen,

265 711 362 751 quae
387 697 464 746 vis,
487 706 528 736 et
552 705 626 736 tua
650 697 806 735 virtute
830 695 1040 751 profecto,
1069 707 1112 737 et
1143 706 1288 737 nostro
1323 712 1490 739 summo
1525 712 1627 754 erga
1658 707 1699 736 te

266 752 408 794 studio
431 766 706 807 consequere.

203 853 254 889 12
781 839 889 876 ARG
897 841 1183 878 UMENTUM.

265 904 337 939 Per
358 902 485 950 j0cum
503 904 667 950 exagitat
687 902 897 950 Epicureos,
917 908 951 939 et
970 906 1083 953 ipsum
1109 905 1327 946 Trebatium,
1350 917 1453 953 quem
1481 905 1702 953 Epicureum

657 954 807 1004 factum
825 967 898 991 esse
916 956 1040 992 Pansa
1059 962 1284 993 narraverat.

567 1065 571 1067 ,
683 1020 920 1063 CICERO
950 1023 1279 1065 TREBATIO.

263 1076 595 1140 MIRABAR,
618 1089 722 1144 quid
754 1098 880 1140 esset,
910 1091 1025 1145 quod
1054 1101 1099 1132 tu
1129 1092 1236 1132 mihi
1262 1091 1423 1133 litteras
1445 1092 1614 1132 mittere
1638 1092 1701 1132 in-

264 1147 537 1190 termisisses.
600 1146 820 1187 Indicavit
858 1148 963 1188 mihi
1003 1147 1144 1189 Pansa
1187 1163 1321 1200 meuS,
1359 1148 1618 1204 Epicureum
1661 1157 1702 1188 te

261 1220 352 1247 esse
375 1203 554 1245 factum.
618 1203 658 1245 Ο
693 1205 833 1245 castra
867 1205 1093 1260 praeclara!
1128 1205 1245 1252 Quid
1269 1216 1312 1246 tu
1337 1206 1524 1256 fecisses,
1544 1208 1581 1236 41
1603 1205 1636 1246 si
1662 1214 1702 1246 te

259 1262 510 1308 Tarentum,
533 1270 577 1301 et
600 1276 685 1302 non
707 1261 1051 1302 Samarobrivam
1077 1263 1315 1304 misissem?
1352 1263 1452 1305 Jam
1475 1273 1564 1303 tum
1596 1262 1701 1303 mihi

260 1334 350 1362 non
374 1318 589 1375 placebaS,
612 1333 711 1358 cum
734 1318 848 1358 idem
872 1319 1109 1370 intuebare,
1129 1320 1242 1374 quod
1267 1329 1310 1360 et
1330 1322 1371 1350 42
1383 1318 1523 1360 Titius
1548 1319 1702 1360 famili-

262 1377 345 1419 aris
368 1390 502 1416 meus.
563 1375 647 1415 Sed
669 1389 856 1429 quonam
894 1376 1021 1416 modo
1048 1376 1122 1430 jus
1155 1376 1281 1417 civile
1311 1375 1528 1427 defendes,
1549 1379 1590 1407 43
1603 1390 1703 1417 cum

264 1433 412 1475 omnia
433 1442 506 1472 tua
523 1446 652 1472 causa
675 1432 822 1482 facias,
844 1447 928 1473 non
952 1433 1141 1475 civium?
1173 1433 1258 1474 Ubi
1281 1448 1407 1489 porro
1430 1433 1501 1474 illa
1521 1433 1601 1473 erit
1617 1432 1704 1473 for-

265 1489 383 1531 mula
420 1488 605 1539 fiduciae,
644 1496 690 1529 ut
729 1488 838 1529 inter
880 1488 1000 1529 bonos
1039 1490 1135 1530 bene
1168 1489 1284 1545 agier
1320 1489 1510 1544 oportet?
1537 1492 1579 1520 44
1594 1489 1706 1536 Quis

266 1547 382 1589 enim
404 1556 482 1596 est,
504 1545 578 1600 qui
602 1545 708 1586 facit
728 1545 850 1595 nihil,
882 1546 963 1586 nisi
994 1561 1070 1586 sua
1092 1548 1244 1588 causa?
1277 1547 1407 1592 Quod
1437 1547 1511 1602 jus
1544 1554 1704 1587 statues

224 1616 516 1648 b.coMMUN1
555 1615 860 1653 mvmumm,
899 1618 995 1644 cum
1033 1617 1262 1644 commune
1298 1603 1404 1644 nihil
1447 1603 1584 1660 possit
1614 1617 1706 1644 esse

268 1661 383 1717 apud
414 1675 503 1710 eos,
535 1660 609 1715 qui
645 1659 791 1700 omnia
822 1659 1043 1717 voluptate
1071 1675 1147 1701 sua
1176 1661 1440 1702 metiuntur?
1472 1659 1706 1707 Quomodo

267 1728 411 1760 autem
435 1717 514 1758 tibi
539 1717 740 1773 placebit,
765 1730 930 1758 JOVEM
963 1730 1191 1759 LAPIDEM
1219 1717 1380 1772 jurare,
1399 1719 1439 1748 45
1452 1731 1551 1758 cum
1581 1716 1705 1767 scias,

272 1776 428 1819 Jovem
449 1774 605 1815 iratum
636 1788 727 1814 esse
750 1775 909 1814 nemini
942 1777 1094 1830 posse?
1126 1774 1242 1820 Quid
1275 1789 1400 1830 porro
1434 1773 1508 1815 fiet
1542 1773 1704 1830 populo

266 1832 507 1882 Ulubrano,
538 1831 572 1871 si
604 1831 817 1881 statueris,
852 1834 1084 1872 πολιτεύεσθαι
1116 1845 1202 1871 non
1236 1833 1461 1887 oportere?
1490 1831 1635 1877 Quare
1671 1830 1705 1871 si

270 1890 398 1946 plane
427 1904 452 1929 a
489 1888 615 1929 nobis
654 1887 817 1939 deficis,
855 1887 1034 1928 moleste
1057 1887 1173 1928 fero:
1219 1888 1282 1928 sin
1316 1888 1467 1929 Pansae
1501 1887 1706 1928 assentari

266 1945 543 1989 commodum
580 1954 658 1996 est,
692 1945 890 2000 ignosco.
921 1945 1050 1985 modo
1079 1945 1218 1986 scribe
1255 1945 1485 2000 aliquando
1521 1945 1574 1985 ad
1612 1959 1708 1994 nos,

266 2003 371 2060 quid
393 2017 520 2059 agas3
551 2012 594 2043 et
616 2017 640 2043 a
662 2002 788 2043 nobis
810 2002 913 2058 quid
934 2001 1040 2053 fieri,
1059 2012 1132 2043 aut
1155 2003 1292 2043 curari
1317 2002 1434 2042 velis.

310 2146 351 2177 39
372 2144 401 2173 si
429 2143 565 2182 diutius]
597 2143 667 2173 Ser.
696 2143 758 2173 sin.
799 2141 968 2173 Valerium

269 2185 422 2221 intelligo
435 2185 573 2221 actum,
599 2184 640 2215 ad
655 2195 751 2224 quem
765 2189 815 2215 est
830 2185 970 2224 epistola

269 2228 332 2258 ult.
349 2227 381 2256 h.
398 2227 419 2256 l.
441 2237 557 2267 nempe
580 2231 613 2256 et
636 2228 741 2267 ipsum
758 2227 902 2257 facetum
917 2227 969 2257 fu-

267 2270 343 2305 isse,
361 2268 489 2299 videtur
502 2279 542 2299 ex
563 2269 620 2298 ilia
642 2269 782 2309 epistola
802 2278 970 2309 apparere,

268 2317 329 2342 aut
356 2309 440 2341 ludit
469 2311 503 2340 in
533 2321 621 2346 eum,
649 2318 687 2342 ut
715 2321 783 2341 non
813 2321 969 2350 magnum

266 2354 406 2386 JCtum.
451 2353 570 2383 Sensus
585 2353 686 2391 igitur
702 2353 842 2384 videtur:
867 2354 969 2383 etiarn

267 2395 431 2431 Valerius,
448 2395 508 2425 etsi
527 2395 696 2425 mediocris
710 2397 776 2436 ipse
792 2395 904 2431 honio,
921 2401 970 2426 ta-

268 2447 344 2469 men
360 2438 394 2467 in
408 2441 442 2467 te
450 2436 618 2475 jocabitur
634 2442 667 2467 et
684 2443 716 2467 te
732 2438 860 2467 ridebit.

310 2483 351 2510 40
374 2478 585 2517 honestatem]
634 2479 698 2510 int.
729 2479 859 2509 laudem
890 2479 969 2510 ,JCti

266 2521 346 2552 boni
363 2525 398 2551 et
413 2521 547 2559 egregii.

309 2566 347 2594 41
372 2564 401 2594 si
423 2568 453 2593 ee
478 2562 558 2593 Ταν.
582 2566 612 2593 et
632 2572 694 2593 non
710 2562 820 2602 Sam.]
846 2566 877 2593 et
899 2562 930 2593 h.
947 2562 968 2592 1.

265 2604 379 2645 friget,
393 2605 583 2644 videturque
597 2604 783 2635 delendum.

1011 2141 1097 2181 quod
1110 2145 1225 2173 tamen
1242 2152 1307 2173 non
1323 2144 1452 2174 sufficit.
1472 2153 1547 2174 nam
1563 2153 1639 2173 eum
1656 2143 1711 2174 Ci-

1011 2185 1137 2214 cei-onis
1152 2185 1345 2216 familiarem
1362 2186 1472 2222 fuisse,
1489 2186 1541 2216 vix
1554 2185 1695 2216 credam.

1053 2229 1093 2257 43
1117 2237 1190 2257 cum
1215 2229 1325 2258 omnia
1354 2232 1378 2259 t.
1404 2238 1431 2258 c.
1453 2225 1612 2266 sadud]
1647 2227 1713 2257 Alii
1773 2229 1776 2231 ’

1014 2268 1143 2305 melius,
1171 2274 1208 2299 ut
1236 2270 1365 2310 opinor,
1380 2269 1505 2309 facies,
1527 2274 1567 2300 ut
1589 2274 1711 2300 noster.

1014 2310 1084 2350 Ego
1100 2315 1211 2342 tamen
1230 2312 1341 2342 malim
1352 2313 1459 2352 sacis,
1473 2319 1511 2342 ut
1527 2317 1711 2342 correxerat

1013 2352 1129 2391 aliquis
1145 2355 1179 2383 in
1193 2354 1242 2384 ed.
1263 2357 1318 2388 147
1329 2357 1352 2384 Ι.
1367 2363 1458 2384 erasa
1473 2353 1570 2384 litera
1582 2363 1614 2382 a.

1054 2398 1095 2425 44
1129 2396 1215 2436 Quis
1248 2398 1334 2426 em'm
1362 2401 1420 2429 est.
1459 2396 1528 2435 qui]
1565 2395 1619 2425 Sic
1644 2395 1710 2425 sere

1014 2436 1093 2467 Mss.
1122 2444 1155 2468 et
1184 2437 1255 2468 edd.
1284 2448 1333 2478 pr.
1390 2437 1465 2468 Una
1493 2438 1589 2468 Rom.
1619 2437 1710 2467 addit-

1014 2479 1123 2516 honus,
1140 2480 1227 2518 quod
1251 2480 1284 2509 in
1299 2479 1432 2518 vulgato
1458 2479 1708 2518 intelligendum

1013 2527 1076 2551 cst.
1104 2521 1136 2551 id
1150 2521 1272 2552 addidit
1298 2521 1373 2552 dein
1399 2522 1518 2552 iterum
1537 2522 1571 2552 P.
1587 2521 1708 2552 Manu-

1014 2564 1079 2592 tius
1095 2574 1124 2594 a.
1144 2565 1232 2594 1540.
1247 2563 1332 2594 unde
1348 2563 1381 2592 in
1394 2564 1474 2596 alias
1489 2572 1602 2594 omnes
1615 2563 1709 2594 fluxit

1010 2609 1140 2644 postea:
1166 2615 1275 2636 rursus
1292 2605 1390 2645 ejecit
1412 2605 1612 2636 Gebhardus.
1627 2604 1711 2636 mihi

308 2649 351 2678 42
390 2644 510 2686 Titius]
549 2647 664 2677 Lectio
687 2647 784 2686 hujus
823 2646 965 2676 nominis
1008 2652 1120 2677 tamen
1150 2647 1260 2686 paullo
1292 2647 1404 2678 durior
1431 2648 1500 2678 haec
1527 2647 1651 2688 ellipsis
1676 2647 1712 2677 in

267 2688 396 2719 incerta
409 2694 469 2719 est.
492 2689 638 2719 Graevius
653 2688 743 2719 dedit
757 2687 865 2730 Sey'us,
879 2689 966 2727 quod

268 2729 303 2760 in
333 2730 482 2770 pluribus
510 2730 602 2761 libris
629 2736 690 2762 est.
749 2732 789 2761 ln
819 2740 893 2760 meo
922 2735 970 2761 est

1010 2688 1071 2719 hac
1087 2689 1193 2719 forma
1206 2689 1359 2729 loquendi
1372 2689 1511 2720 videtur.

1057 2733 1098 2761 45
1120 2740 1195 2761 cum
1223 2731 1321 2770 scias]
1357 2731 1530 2772 Quomodo
1563 2731 1710 2761 sciebat?

274 2772 393 2807 Canus,
409 2773 443 2803 in
467 2772 533 2803 alio
561 2771 672 2814 Cajus,
699 2773 785 2804 unde
810 2772 973 2804 Corradus
1016 2778 1075 2803 aut
1100 2773 1264 2812 quomodo
1286 2773 1349 2803 hoc
1373 2775 1486 2805 Cicero
1510 2778 1640 2814 poterat
1661 2772 1708 2803 di-

269 2815 467 2854 conjiciebat
486 2814 610 2854 Catius,
621 2817 676 2855 qui
700 2816 880 2856 Epicureus
895 2815 971 2846 suit:

1018 2824 1089 2846 cere
1101 2816 1112 2844 ?
1138 2817 1190 2846 An
1204 2817 1318 2847 sciscat
1331 2817 1346 2844 ,Ρ
1368 2817 1480 2847 malim
1495 2820 1634 2847 statuas.
