1817 3196
215 2574 233 2609 1

233 857 317 884 .1·0.

251 62 306 102 74
613 56 793 98 EPIST.
822 59 1007 99 LIBER
1041 59 1320 103 QUARTUS

252 161 386 204 officii
427 162 627 218 cuiquam
670 164 878 219 reliquum
921 165 1098 206 fecisse?
1172 163 1283 206 Haec
1326 162 1431 205 mihi
1475 164 1682 220 ampliora

252 219 390 262 multo
426 230 538 271 sunt,
561 236 688 275 quam
724 222 793 262 illa
826 223 930 277 ipsa,
956 232 1127 277 propter
1162 237 1259 277 quac
1295 220 1387 262 haec
1421 221 1680 264 laborantur.

254 275 450 332 Insignia
488 278 601 317 enim
638 279 810 318 virtutis
850 279 969 318 inulti
1008 279 1136 318 etiam
1176 280 1265 318 sine
1306 278 1460 319 virtute
1498 278 1680 319 assecuti

253 344 378 374 sunt:
405 333 551 375 talium
574 334 757 375 virorum
782 344 899 374 tanta
919 335 1058 374 studia
1077 335 1242 388 assequi
1263 334 1349 375 sola
1370 335 1500 375 virtus
1525 344 1679 389 potest.

255 389 409 444 Itaque
433 391 537 431 mihi
563 405 756 445 propono
780 391 965 431 fructum
988 391 1189 431 amicitia:
1215 400 1385 441 nostrae,
1416 392 1550 447 ipsam
1575 391 1681 431 ami-

253 447 426 488 citiam:
479 462 562 501 qua
603 447 709 487 nihil
746 456 810 487 est
849 448 1033 497 uberius,
1074 448 1309 502 praesertim
1351 448 1392 487 in
1427 449 1477 488 iis
1516 448 1682 498 studiis,

251 504 410 558 quibus
462 513 639 557 uterque
684 504 877 544 nostrum
919 504 1141 544 devinctus
1193 514 1269 544 est.
1331 504 1442 545 Nam
1493 505 1569 545 tibi
1615 518 1682 544 me

253 559 474 623 profiteor,
495 569 539 600 ct
560 561 603 599 in
628 561 844 616 republica
866 561 1044 610 socium,
1066 561 1117 601 (le
1139 575 1223 615 qua
1245 561 1356 601 idem
1388 563 1607 611 sentimus,
1638 569 1684 601 et

252 631 299 657 m
321 617 572 670 quotidiana
592 617 678 657 vita
700 618 978 670 conjunctum
1003 618 1107 658 (ffijjg
1129 618 1290 657 artibus
1315 619 1563 673 studiisque,
1587 631 1683 673 quae

253 672 450 714 colimus.
509 674 546 707 67
565 673 725 714 Vellem
767 675 826 714 ita
861 674 1032 714 fortuna
1070 674 1248 724 tulisset,
1280 676 1426 729 quanti
1470 690 1552 730 ego
1591 688 1683 714 om-

252 744 327 770 nes
362 738 458 770 tuos
491 730 618 780 facio,
649 731 711 770 uti
755 739 798 771 tu
834 746 949 771 meos
987 731 1124 772 facere
1167 746 1335 787 posses:
1389 732 1503 787 quod
1541 741 1684 771 tamen

253 786 409 842 ipsum,
434 787 576 827 nescio
599 802 683 840 qua
711 798 928 842 permotus
958 789 1088 828 animi
1120 789 1398 840 divinatione,
1429 802 1513 828 non
1536 788 1686 843 despe-

377 844 460 883 Sed
487 843 568 884 hoc
601 843 707 883 nihil
736 845 785 884 ad
812 854 879 886 te:
922 855 1115 885 nostrum
1138 857 1200 886 est
1234 861 1356 886 onus.
1419 845 1527 885 Illud
1559 844 1686 885 velim

255 899 316 940 sic
350 899 522 950 habeas,
546 900 661 954 quod
697 901 1071 956 intelligeS,<›'ssliac
1105 918 1146 943 re
1179 915 1348 953 novata,
1383 903 1574 943 additum
1606 915 1685 956 po-

204 986 206 989 ·
254 956 339 998 tius
368 955 528 1011 aliquid
550 957 603 998 ad
636 972 777 998 meum
800 973 902 1014 erga
924 969 962 999 te
983 960 1186 1009 studium,
1209 960 1275 1000 cui
1317 959 1421 1000 nihil
1460 959 1685 999 videbatur

249 1013 352 1059 ,addi
394 1028 531 1068 posse,
566 1028 694 1068 quam
730 1015 965 1070 quidquam
1000 1030 1089 1056 esse
1125 1017 1380 1057 detractum.
1440 1016 1548 1057 Cum
1589 1015 1686 1055 haec

252 1070 510 1121 scribebam,
532 1085 749 1111 censorem
774 1081 814 1111 tc
830 1072 922 1126 jam
956 1086 1046 1112 esse
1069 1073 1306 1127 sperabam.
1337 1087 1387 1113 eo
1420 1073 1589 1113 brevior
1618 1078 1684 1112 est

252 1125 350 1170 haee
368 1126 563 1183 epistola,
584 1137 641 1179 et,
662 1137 708 1168 ut
726 1128 925 1170 adversus
947 1129 1201 1186 magistrum
1233 1143 1414 1180 morum,
1436 1128 1686 1170 modestior.

254 1182 374 1226 Vale.

292 1313 334 1344 66
365 1323 441 1344 cum
463 1315 503 1343 iis
528 1313 667 1354 artibus]
699 1314 780 1345 Cum
803 1315 849 1345 ita
870 1315 947 1346 alie-

251 1364 331 1386 num
348 1360 410 1392 est,
426 1360 461 1385 ut
478 1356 583 1387 delere
597 1357 697 1386 etiam
720 1363 835 1387 contra
850 1357 947 1387 libros

251 1406 378 1433 omneS‚
395 1407 461 1427 non
476 1397 703 1429 dubitaverim.
727 1400 767 1428 iis
782 1400 906 1429 artibus
919 1404 948 1429 et

251 1444 291 1470 st.
316 1444 377 1474 est,
395 1449 452 1479 per
475 1449 528 1469 cas
543 1445 628 1470 artes
654 1445 688 1470 et
712 1440 836 1471 studia:
872 1441 949 1480 quid

249 1481 303 1511 hic
318 1480 379 1509 sibi
396 1481 472 1511 velit
491 1491 565 1511 cum
579 1482 594 1510 ,7
639 1482 738 1511 Error
762 1483 883 1512 librarii
899 1493 949 1513 or-

248 1526 305 1552 tus
320 1527 368 1552 est
383 1532 402 1552 a
417 1523 513 1553 verbo
532 1522 775 1563 conjunctionis,
788 1524 872 1562 quod
887 1524 945 1555 ha-

249 1564 305 1595 bet
321 1574 408 1601 cum,
423 1565 479 1595 sed
505 1565 569 1595 alio
588 1565 683 1595 modo
698 1578 704 1595 z
740 1565 792 1595 hic
808 1567 948 1596 refertur

249 1606 290 1636 ad
304 1606 362 1637 tibi
373 1618 382 1635 .·
414 1608 480 1637 sive
495 1608 534 1637 ab
550 1607 668 1638 ultima
688 1607 811 1648 syllaba
826 1608 859 1638 in
875 1619 946 1639 con-

239 1646 412 1689 junctum.

292 1691 330 1723 67
359 1691 457 1720 Velim
482 1689 680 1729 itafortuna
704 1691 843 1730 tulisset]
870 1693 946 1722 Sine

249 1731 349 1763 dubio
365 1733 477 1762 vellem
496 1732 682 1771 legendum,
697 1734 784 1772 quod
807 1740 841 1764 et
858 1734 947 1764 Ursi-

249 1783 311 1805 nus
334 1774 537 1815 conjiciebat.
580 1775 632 1804 Sic
654 1784 752 1815 supra
781 1786 832 1816 ep.
860 1778 888 1807 1.
913 1777 946 1806 in

989 1316 1053 1347 fine
1068 1328 1074 1346 t
1092 1318 1204 1346 vellem
1212 1316 1364 1355 potuisset
1377 1315 1511 1355 obsequi,
1521 1319 1553 1346 et
1564 1314 1693 1345 centien

989 1359 1076 1389 alibi.
1120 1358 1181 1388 Sed
1197 1368 1280 1396 saepe
1301 1359 1399 1388 velim
1415 1365 1446 1387 et
1471 1359 1580 1387 vellem
1599 1357 1632 1386 in
1648 1356 1688 1386 li·

990 1401 1054 1431 bris
1072 1405 1313 1440 permutantur.
1363 1400 1492 1429 Habent
1508 1401 1607 1429 etiam
1624 1400 1688 1428 vel-

991 1444 1054 1472 lem
1077 1443 1140 1473 Ms.
1157 1442 1219 1471 Gu.
1242 1442 1313 1472 edd.
1338 1441 1472 1472 Mediol.
1496 1441 1567 1471 Asc.
1594 1441 1687 1473 Crat.

993 1485 1051 1514 &c.

1028 1527 1068 1557 63
1093 1528 1153 1556 Ιιασ
1167 1536 1202 1556 re
1225 1524 1357 1564 novata]
1383 1525 1531 1555 Pertinet
1545 1522 1586 1554 ad
1602 1532 1680 1553 con-

981 1569 1112 1608 jugium
1130 1568 1205 1598 filiae
1218 1578 1227 1597 z
1252 1576 1323 1605 quae
1335 1572 1405 1596 erat
1419 1576 1468 1596 res
1482 1575 1583 1596 meva:
1607 1574 1686 1604 ergo

989 1616 1050 1647 est,
1075 1615 1243 1650 postquam
1267 1618 1315 1638 res
1349 1608 1419 1638 haec
1443 1618 1523 1637 nova
1547 1607 1687 1638 incidit:

990 1653 1041 1682 vix
1057 1652 1131 1682 alibi
1146 1653 1191 1681 sic
1206 1651 1330 1681 dictum
1344 1651 1493 1689 reperias.
1530 1650 1608 1680 Mox
1625 1658 1684 1688 pro

979 1693 1057 1734 jam
1075 1699 1105 1723 te
1118 1704 1182 1723 esse
1195 1702 1276 1733 sper.
1294 1699 1365 1732 post
1387 1693 1551 1722 Graevium
1566 1690 1637 1722 dedi
1653 1694 1685 1732 ἐς

979 1735 1059 1776 jam
1074 1746 1138 1766 esse
1153 1746 1202 1775 sp.
1226 1734 1313 1774 quod
1334 1739 1384 1764 est
1408 1734 1549 1765 mollius.
1582 1738 1617 1763 et
1636 1733 1685 1762 sic

989 1778 1059 1808 edd.
1076 1787 1125 1819 pr.

508 1955 592 2009 M.
631 1956 919 2010 TULLII
977 1957 1411 2011 CICERONIS

374 2078 1549 2150 EPISTOLARUM

802 2210 1019 2253 LIBER
1051 2211 1130 2254 lv.

940 2313 994 2337 AD

446 2381 580 2430 SER.
624 2381 1006 2431 SULPICIUM
1047 2383 1132 2431 ET
1167 2381 1484 2431 CETEROS.

763 2561 831 2598 AR
839 2560 1166 2599 GUMENTUM.

249 2624 426 2672 Sulpicia,
438 2636 669 2673 congressum
695 2627 843 2672 pelenti,
863 2626 1064 2672 respondet,
1082 2636 1254 2671 suamque
1277 2635 1356 2660 cum
1376 2623 1478 2660 illius
1492 2623 1680 2662 voluntate

301 2678 487 2713 convenire
520 2679 752 2719 demonstrat,
783 2684 815 2712 ec
842 2678 1067 2724 desperatum
1096 2677 1298 2722 reipublicoe
1331 2681 1466 2712 statum
1498 2677 1675 2724 deplorat.

300 2728 449 2776 Scripta
467 2734 518 2765 est
531 2730 696 2776 epistola,
715 2741 794 2766 cum
823 2729 941 2766 Caesar
954 2731 991 2766 ὶιι
1004 2729 1223 2778 Hispaniam
1239 2740 1417 2777 regressus
1440 2729 1607 2777 Pompeii
1625 2730 1681 2766 lea

300 2784 406 2827 gatos
429 2786 665 2830 oppugnaret.
