1817 3196
224 88 295 122 1224
598 87 782 126 EPIST.
810 89 998 127 LIBER
1024 89 1250 128 SEXTUS

219 188 348 229 etiam
371 197 534 244 optare.
576 190 657 242 Tu,
683 193 714 233 si
736 207 802 234 me
815 192 973 248 diligis,
998 192 1136 234 fruere
1152 193 1234 233 isto
1249 192 1353 242 otio,
1372 192 1536 247 tibique
1559 207 1652 248 per-

218 245 360 296 suade,
376 257 529 301 praeter
541 248 708 303 culpam
731 265 779 290 ac
795 260 1032 305 peccatum,
1049 264 1133 304 qua
1146 263 1312 304 semper
1334 249 1507 290 caruisti
1521 258 1564 290 et
1581 263 1650 290 ca-

216 302 342 352 rebis,
358 303 520 344 homini
537 306 729 346 accidere
745 307 846 346 nihil
867 307 1132 360 posse‚quod
1156 307 1210 346 sit
1231 306 1446 356 horribile,
1462 317 1537 347 aut
1557 320 1649 362 per-

218 359 546 401 timescendum.
572 361 679 417 Ego,
695 364 726 401 si
741 363 954 403 videbitur
969 373 1081 403 recte
1098 363 1186 403 fieri
1202 377 1339 418 posse,
1354 362 1403 403 ad
1421 373 1462 402 te
1479 363 1645 404 veniam

215 415 359 457 brevi:
393 417 424 456 si
448 418 550 471 quid
574 419 792 467 acciderit,
813 428 860 458 ut
882 419 1133 459 mutandum
1156 419 1379 460 consilium
1405 419 1473 469 sit,
1499 427 1538 460 te
1559 433 1648 460 cer„

215 471 367 513 tiorem
387 470 546 515 'faciam
570 475 730 514 statim.
790 474 852 514 Tu
890 475 950 514 ita
983 474 1051 515 fac
1075 476 1255 530 cupidus
1280 477 1360 517 mei
1388 475 1557 517 videndi
1577 475 1649 526 sis,

214 538 263 568 ut
285 529 410 570 istinc
434 539 474 570 te
497 544 548 569 ue
574 544 743 571 moveas
768 539 852 571 tam
888 530 1058 571 infirma
1091 531 1339 582 valitudine,
1373 533 1452 573 nisi
1488 547 1541 573 ex
1581 546 1649 572 me

213 586 329 640 prius
352 587 569 640 quaesieris
591 601 664 643 per
686 587 864 638 litteras,
888 588 988 642 quid
1011 598 1052 627 te
1077 587 1202 627 velim
1226 587 1377 629 facere.
1403 589 1480 629 Me
1504 589 1647 638 velim,

211 651 260 681 ut
293 642 412 693 facis,
436 643 604 698 diligas,
636 644 944 699 valitudinique
979 654 1064 685 tuae
1098 653 1141 684 et
1180 644 1477 700 tranquillitati
1514 645 1644 686 animi

214 712 384 740 servlaS.

96 930 195 969 12-78·
452 914 532 967 M.
573 914 877 968 TULLII
932 913 1401 968 CICERONIS

286 1030 907 1096 EPISTO
983 1030 1412 1096 LARU
1484 1031 1554 1097 M

769 1157 973 1198 LIBER
1018 1157 1096 1197 VI.

900 1249 953 1272 AD

415 1333 470 1378 A.
512 1327 956 1383 TORQUATUM
994 1328 1078 1375 ET
1114 1328 1426 1376 CETEROS.

776 1426 1052 1448 ..4-

173 1500 191 1536 1
725 1493 1129 1532 ARGUMENTUM.

208 1564 343 1601 Aulum
368 1563 603 1609 Torquatum,
634 1561 696 1606 qul
725 1559 899 1606 Pompeio
927 1559 1033 1597 victo,
1067 1556 1166 1603 cujus
1181 1563 1305 1606 partes
1333 1564 1472 1596 secutus
1491 1560 1634 1611 fuerat,

258 1615 411 1651 Athenis
427 1613 626 1653 exsulabat,
645 1612 864 1652 consolatur,
883 1614 924 1645 ut
941 1611 1139 1645 absentiam
1156 1611 1200 1645 ab
1217 1611 1302 1647 urbe
1328 1624 1427 1659 oequo
1445 1615 1565 1650 animo
1572 1615 1636 1664 fe-

257 1671 330 1708 rat,
351 1668 437 1713 quia
456 1665 602 1700 turbata
627 1665 700 1699 sint
719 1664 852 1703 omnia,
872 1667 906 1697 et
935 1663 997 1708 qui
1022 1667 1212 1710 proesentes
1240 1664 1315 1698 sint
1343 1664 1460 1701 multa
1477 1673 1635 1707 cernant.

257 1730 336 1767 quoe
354 1719 470 1753 nolint
488 1717 617 1751 videre.
669 1716 785 1750 Addit
803 1726 900 1761 spem
923 1715 1060 1749 reditus
1078 1715 1300 1757 nonnullam,
1320 1715 1566 1765 hortaturque,
1596 1725 1638 1755 ut

255 1773 391 1806 virtute
417 1781 453 1804 se
479 1771 651 1803 sustentet
679 1771 715 1802 et
741 1769 830 1802 recti
856 1767 1094 1802 conscientia:
1125 1767 1235 1802 etiam
1261 1779 1303 1802 ex
1329 1769 1486 1809 εὶυὶιαίε,
1507 1771 1545 1805 in
1563 1783 1635 1818 qua

255 1822 403 1863 exsulet,
423 1826 457 1856 et
478 1819 634 1867 Sulpicii
651 1819 903 1854 consuetudine
922 1818 1079 1853 levamen
1098 1822 1213 1866 petat.
1268 1818 1416 1867 Scripta
1435 1821 1525 1857 bello
1546 1823 1632 1859 His-

251 1885 429 1922 pantensz.

448 1939 515 1981 M.
540 1937 774 1980 CICERO
806 1937 849 1978 S.
876 1936 930 1979 D.
963 1936 1018 1978 A.
1040 1936 1396 1984 TORQUATO.

207 1998 352 2050 ETSI
376 2023 426 2049 ea
447 2006 712 2064 perturbatio
735 2015 800 2046 est
820 2005 1009 2046 omnium
1041 2019 1194 2055 rerum,
1226 2014 1274 2045 ut
1301 2020 1388 2046 suae
1419 2021 1632 2063 quemque

202 2066 387 2107 fortunae
403 2064 591 2106 maxime
605 2063 837 2119 poeniteat:
858 2076 1069 2116 nemoque
1087 2062 1155 2112 sit,
1169 2062 1269 2116 quin
1288 2063 1442 2114 ubivis,
1470 2067 1481 2094 ¹
1501 2080 1629 2120 quam

200 2123 276 2163 ubi
298 2131 377 2173 est,
395 2136 485 2163 esse
506 2120 652 2162 malit:
686 2130 827 2160 tamen
862 2119 967 2159 mihi
990 2119 1168 2159 dubium
1204 2133 1288 2159 non
1322 2129 1399 2171 est,
1421 2121 1524 2175 quin
1548 2121 1631 2164 hoc

201 2189 409 2234 tempore,
427 2180 542 2220 bono
563 2177 653 2218 viro
675 2176 828 2217 Romae
851 2190 941 2216 esse
963 2176 1244 2216 miserrimum
1270 2177 1339 2216 sit.
1399 2176 1528 2229 Nam,
1551 2179 1630 2220 etsi

199 2238 220 2268 2
243 2249 514 2291 quocumque
536 2235 579 2275 in
598 2234 693 2275 loco
718 2233 910 2288 quisquis
932 2243 1011 2283 est,
1035 2233 1145 2273 idem
1168 2240 1232 2273 est
1249 2233 1287 2273 ei
1308 2245 1468 2284 sensus,
1498 2245 1541 2276 et
1562 2249 1630 2276 ea-

198 2292 295 2334 dem
319 2293 530 2333 acerbitas
562 2305 616 2331 ex
640 2290 812 2331 interitu
838 2304 977 2331 rerum
999 2298 1041 2329 et
1066 2288 1331 2345 publicarum
1360 2299 1403 2331 et
1433 2304 1628 2334 suarum:

199 2357 342 2390 tamen
366 2348 477 2390 oculi
509 2356 669 2403 augent
697 2347 912 2398 dolorem3
944 2346 1104 2402 quiea,
1138 2361 1234 2401 quae
1268 2347 1397 2388 ceteri
1433 2347 1627 2400 audiunt,

194 2406 353 2447 'intueri
378 2415 607 2462 coguntur,
628 2418 708 2445 nee
730 2407 951 2445 Savertere
982 2418 1007 2444 a
1039 2403 1219 2444 miseriis
1241 2403 1549 2459 cogitationem
1573 2405 1628 2446 si..

198 2473 322 2504 nunt.
363 2463 507 2510 Quare
529 2462 607 2503 etsi
631 2460 860 2502 multarum
880 2474 1019 2502 rerum
1040 2459 1250 2501 desiderio
1273 2470 1314 2501 tc
1332 2460 1432 2515 angi
1457 2475 1627 2503 necesse

199 2529 288 2562 est:
321 2529 463 2560 tamen
497 2518 568 2560 illo
591 2517 751 2569 dolore,
773 2532 858 2573 quo
881 2517 1069 2559 maxime
1098 2525 1139 2557 te
1161 2517 1314 2558 confici
1348 2516 1489 2568 audio,
1511 2520 1626 2574 quod

244 2636 256 2662 1
282 2642 381 2672 quam
395 2633 450 2670 ibi,
466 2633 520 2663 ubi
535 2631 593 2670 est]
620 2630 670 2662 Ibi
685 2632 795 2662 aberat
812 2631 890 2662 Mas.
977 2632 996 2660 2
1017 2640 1047 2669 q.
1076 2631 1110 2659 in
1133 2631 1196 2659 loco
1217 2629 1358 2668 quisquis
1380 2629 1438 2668 est]
1466 2631 1528 2661 Pro
1542 2634 1626 2672 quis-

197 2674 323 2705 duobus
346 2675 429 2706 Pau.
454 2676 547 2712 bene,
573 2678 612 2704 ut
636 2679 670 2704 et
698 2673 887 2704 Gebhardus
930 2682 1001 2712 que,
1017 2671 1102 2711 quod
1117 2671 1262 2707 mallem,
1284 2671 1309 2701 si
1327 2671 1399 2702 libri
1412 2673 1579 2711 juvarent.
1596 2686 1626 2706 v.

196 2717 375 2757 judicabat.
391 2725 589 2757 quamquam
611 2721 646 2746 et
667 2716 742 2747 alibi
757 2716 813 2750 z'bz‘,
828 2725 889 2744 nn-
933 2714 1024 2745 Clav.

198 2759 237 2788 de
252 2761 440 2798 conjuncta,
453 2765 486 2789 et
502 2757 621 2789 similia
635 2758 824 2799 reperimuS‚
837 2756 891 2787 sed
975 2758 994 2786 3
1029 2755 1187 2795 avertere]
1227 2756 1290 2785 Ms.
1320 2765 1409 2786 meus
1432 2757 1625 2790 adtrahere.-

198 2801 264 2832 fere
281 2801 314 2831 in
329 2801 478 2832 formulis
493 2801 647 2839 antiquis‘
935 2798 1038 2828 voluit
1053 2797 1202 2829 librarius
1214 2799 1410 2829 abstrahere.
1469 2835 1474 2839 .
