1860 3228
220 84 292 120 199.
589 79 766 117 EPIST.
795 77 980 117 LIBER
1006 76 1274 140 OCTAVUS

220 184 358 226 Recte
394 183 477 225 hoc
517 198 592 239 par
627 183 772 224 habet.
834 182 962 229 Quod
1002 182 1053 223 ad
1096 180 1404 237 rempublicam.
1446 180 1668 235 pertinet,

218 242 395 283 omnino
427 240 571 281 multis
603 240 841 290 diebus‚.90
854 239 1176 304 exspegffatione
1210 237 1461 287 Galliarum,
1499 238 1645 277 actum

218 298 326 340 nihil
347 306 425 339 est.
479 297 723 352 Aliquando
749 307 890 337 tamen
913 310 1026 352 saepe
1048 310 1091 336 re
1112 295 1243 336 dilata
1262 303 1304 335 et
1326 294 1512 350 graviter
1533 301 1644 343 acta,

215 365 261 396 et
283 355 406 411 plane
429 363 650 411 perspecta
670 353 751 393 Cn.
770 352 965 408 Pompeii
981 352 1200 393 voluntate
1223 353 1264 392 in
1288 365 1379 391 eam
1401 359 1578 406 partem,
1598 358 1646 389 ut

216 426 314 453 eum
336 412 539 453 decedere
562 418 658 466 post
679 409 891 450 Kalendas
917 408 1098 449 Martias
1122 408 1326 463 placeret:
1351 416 1522 448 senatus
1543 421 1646 447 con-

217 468 388 519 sultum,
412 468 525 524 quod
551 467 627 507 tibi
653 466 764 516 misi,
787 466 947 506 factum
973 475 1051 514 est,
1074 465 1434 520 auctoritatesque
1466 463 1645 518 perscri-

217 535 319 581 ptae.
375 525 419 566 S.
447 523 496 565 C.
516 523 751 564 auctoritas.
799 521 946 561 Pridie
969 520 1071 561 Kal.
1105 519 1250 561 Octob.
1273 522 1316 561 in
1336 521 1416 562 cede
1438 518 1647 576 Apollinis

197 583 334 630 ‚scrib
365 581 583 637 affuerunt,
618 578 670 620 L.
695 578 918 627 Domitius,
953 576 1030 618 Cn.
1063 576 1112 618 F.
1136 576 1445 628 Ahenobarbus,
1480 580 1530 632 Q.
1557 574 1646 618 Cte-

216 639 345 690 cilius,
381 637 434 682 Q.
458 636 506 678 F.
531 635 722 677 ,Metellus
756 635 860 675 Pius
891 634 1042 689 Scipio,
1075 632 1130 674 L.
1154 631 1314 684 Villius,
1351 634 1401 675 L.
1432 633 1475 674 F.
1500 633 1641 674 Pomt.

217 695 409 744 Annalis,
430 693 478 736 C.
501 693 734 748 Septimius,
752 691 799 733 T.
817 691 865 732 F.
884 690 1077 740 Quirina,
1101 689 1148 731 C.
1169 689 1378 740 Lucceius,
1399 690 1448 732 C.
1465 689 1514 731 F.
1531 690 1643 744 Pup.

217 753 385 802 Hirrus,
421 750 469 793 C.
496 749 743 798 Scribonius,
769 747 817 789 C.
844 746 892 788 F.
918 747 1025 802 Pop.
1052 746 1193 797 Curio,
1228 745 1281 787 L.
1305 747 1482 796 Atteius‚
1516 747 1568 788 L.
1594 746 1643 788 F.

215 810 302 851 An.
328 808 491 863 Capito,
524 805 590 847 M.
618 804 787 860 Oppius,
817 803 884 845 M.
909 803 959 845 F.
986 803 1218 845 Terentina.
1282 803 1402 858 Quod
1432 803 1498 844 M.
1523 803 1646 844 Blar-

214 866 333 908 cellus
354 864 491 906 consul
515 861 564 903 V.
586 861 635 903 F.
657 864 705 902 de
722 861 943 916 provinciis
971 860 1248 902 consularibus
1279 860 1337 900 D.
1365 859 1419 900 E.
1444 859 1501 901 R.
1527 860 1566 901 I.
1592 859 1642 902 C.

213 924 276 965 uti
300 922 352 963 L.
376 918 566 970 Paullus,
593 918 641 961 C.
668 917 892 959 M'arcellus
912 917 1099 968 consules,
1121 932 1210 958 cum
1240 916 1524 974 magistratum
1546 916 1644 958 inis-

210 986 310 1030 sent,
341 994 380 1019 a.
412 977 452 1018 d.
482 977 538 1018 X.
562 975 664 1018 Kal.
690 975 826 1017 ,Mara
847 990 933 1031 quie
964 975 1007 1016 in
1035 990 1104 1015 suo
1135 973 1379 1030 magistratu
1393 971 1557 1029 ficturoe
1587 988 1645 1014 es-

211 1044 311 1088 sent,
329 1035 377 1076 de
397 1033 674 1076 consularibus
690 1032 911 1088 provinciis
929 1031 984 1072 ad
1001 1038 1182 1073 senatum
1205 1029 1414 1086 referrent,
1434 1045 1530 1072 neve
1546 1029 1649 1086 quid

206 1093 324 1149 prius
344 1107 390 1133 ex
414 1090 612 1132 Kalendis
635 1090 770 1131 AlIart.
795 1103 889 1130 neve
909 1088 1010 1145 quid
1037 1088 1282 1144 conjunctim
1311 1087 1358 1128 de
1378 1102 1424 1128 ea
1445 1102 1488 1128 re
1517 1085 1644 1143 refer-

213 1158 325 1191 retur
345 1165 369 1190 a
392 1147 631 1197 consulibus,
654 1148 792 1203 utique
822 1148 904 1202 ejus
924 1146 983 1186 rei
1006 1161 1125 1187 causa
1150 1159 1226 1200 per
1246 1144 1328 1186 dies
1348 1142 1567 1185 comitiales
1586 1158 1646 1184 se-

212 1214 355 1248 natum
376 1205 582 1256 haberent,
604 1204 648 1245 S.
676 1203 729 1248 Q.
755 1203 805 1244 C.
811 1201 1030 1258 jacerent.-
1061 1210 1113 1253 et,
1135 1217 1223 1243 cum
1245 1201 1292 1241 de
1313 1216 1358 1242 ea
1382 1215 1423 1242 re
1447 1199 1502 1242 ad
1528 1215 1644 1242 sena-

214 1271 300 1305 tum
325 1260 543 1319 referretur
563 1277 588 1302 a
614 1260 778 1302 COSS.
801 1274 935 1300 eorum
958 1260 1028 1315 qui
1057 1259 1101 1300 in
1135 1256 1252 1300 CCC
1266 1257 1482 1314 judicibus
1510 1263 1647 1309 essent,

213 1324 331 1362 9¹se.r
359 1318 556 1360 adducere
585 1317 734 1359 liceret.
799 1316 846 1357 Si
876 1316 978 1372 quill
1006 1331 1051 1356 ea
1086 1331 1128 1357 re
1158 1315 1214 1356 ud
1233 1314 1446 1369 populum,
1477 1314 1532 1355 ad
1557 1314 1643 1369 ple-

215 1378 349 1419 bemve
370 1376 454 1417 lato
476 1390 573 1430 opus
592 1382 699 1425 esset,
716 1374 778 1415 uti
802 1373 890 1414 Ser.
907 1372 1125 1428 Sulpicius,
1149 1371 1216 1412 M.
1234 1371 1458 1413 Marcellus
1478 1369 1644 1412 COSS.

205 1441 413 1490 praetoreS,
436 1432 669 1494 tribunique
692 1430 838 1486 plebis,
860 1430 1004 1485 quibus
1032 1444 1165 1470 eorum
1195 1428 1412 1479 videretur,
1434 1427 1490 1470 ad
1510 1441 1643 1483 popu·

213 1491 296 1532 lum
311 1489 518 1545 plebemve
546 1489 768 1545 cherrent:
800 1486 907 1543 quod
929 1486 960 1526 ii
984 1501 1064 1527 non
1093 1485 1288 1535 tulissent,
1310 1485 1385 1534 uti,
1407 1485 1646 1540 quicumque

212 1547 394 1602 deinceps
414 1552 550 1595 essent,
572 1545 628 1585 acl
650 1543 845 1602 populum
858 1541 1250 1599 plebenwejerrent.
1309 1545 1350 1575 92
1362 1541 1416 1582 L.
1443 1540 1492 1582 V.
1518 1540 1644 1581 Prid.

216 1603 395 1646 Kalend.
430 1602 575 1644 Octob.
602 1602 646 1643 in
678 1602 758 1642 cede
779 1600 1000 1656 Apollinis,
1020 1600 1140 1640 scrib.
1175 1598 1394 1654 affuerunt,
1417 1597 1471 1640 L.
1496 1597 1648 1639 Domi-

215 1663 307 1712 tius,
337 1659 414 1703 Cn.
440 1659 489 1701 F.
514 1658 824 1707 Ahenobarbus,
850 1658 902 1713 Q.
928 1656 1127 1706 Ccccilius,
1164 1656 1215 1712 Q.
1241 1654 1290 1696 F.
1314 1654 1507 1696 Metellus
1540 1653 1647 1696 Pius

216 1718 366 1774 Scipio,
390 1716 443 1758 L.
472 1716 632 1767 Villius,
659 1715 711 1757 L.
736 1714 785 1756 F.
812 1714 951 1755 Pomt.
979 1713 1167 1763 Annalis,
1193 1712 1242 1754 C.
1268 1711 1500 1767 Septimius,
1526 1711 1574 1753 T.
1594 1710 1645 1752 F.

217 1775 409 1830 Quirina,
428 1773 476 1815 C.
502 1772 750 1823 Scribonius,
776 1770 824 1813 C.
850 1770 900 1812 F.
924 1771 1033 1825 Pop.
1061 1769 1202 1821 Curio,
1227 1768 1280 1810 L.
1305 1768 1483 1818 Atteius‚
1515 1768 1568 1810 L.
1592 1766 1643 1809 F.

213 1832 301 1874 Au.
326 1831 490 1886 Capito,
515 1829 581 1870 M.
605 1828 774 1884 Oppius,
811 1827 878 1868 JiI.
904 1827 951 1868 F.
980 1827 1212 1869 Terentina.
1276 1825 1398 1871 Quod
1428 1824 1496 1866 M.
1520 1824 1644 1866 ΙῑΙαν-

212 1889 333 1930 cellus
364 1887 492 1930 COS.
529 1886 578 1927 V.
611 1887 660 1928 F.
689 1886 737 1927 de
770 1885 1008 1941 provinciis,
1039 1883 1100 1925 D.
1129 1883 1184 1925 E.
1214 1883 1273 1924 R.
1307 1883 1347 1924 I.
1385 1881 1434 1924 C.
1461 1890 1645 1924 sen-atum

211 1946 453 1996 existimare,
475 1945 670 1986 neminem
691 1958 839 1993 eorum,
861 1944 901 1976 93
915 1942 986 1998 qui
1000 1948 1240 1997 potestatem
1268 1940 1446 1981 habeant
1474 1940 1645 1981 interce-

211 2002 346 2054 dendi,
371 2001 629 2058 impediendi,
655 2015 809 2041 moram
840 1997 986 2053 (fferre
1019 2005 1213 2053 oportere,
1235 2012 1313 2053 quo
1344 1997 1475 2038 minus
1501 1996 1550 2037 de
1582 2010 1644 2037 re-

78 2087 110 2118 p.
130 2080 200 2109 118.
204 2061 308 2116 pub.
336 2059 393 2100 ad
419 2066 601 2100 senatum
635 2056 792 2114 referri,
811 2056 1018 2111 senatique
1051 2054 1273 2096 consultum
1285 2053 1390 2109 fieri
1410 2054 1550 2108 possit.
1572 2053 1644 2108 qui

168 2130 197 2150 a.
211 2117 452 2172 impedierit,
482 2115 755 2170 prohibuerit,
779 2128 866 2155 eum
895 2119 1078 2154 senatum
1103 2112 1331 2153 existimare
1363 2117 1506 2152 contra
1538 2125 1641 2152 rem·

201 2174 414 2230 publicam
432 2172 593 2229 fecisse.
657 2171 705 2213 Si
739 2171 827 2227 quis
855 2170 947 2211 liuic
978 2176 1136 2210 senatus
1164 2168 1342 2210 consulto
1364 2167 1642 2217 intercesserit,

206 2231 366 2273 senatui
385 2231 561 2285 placere,
583 2229 868 2271 auctoritatem
887 2227 1100 2282 perscribi,
1123 2233 1161 2267 et
1189 2225 1237 2266 de
1257 2240 1303 2266 ea
1326 2239 1367 2266 re
1387 2224 1444 2266 ad
1460 2231 1644 2266 senatum

200 2287 476 2344 populumque
508 2285 666 2342 referri.
727 2285 847 2326 Huic
877 2293 1048 2326 senatus
1078 2283 1276 2325 consulto
1304 2282 1553 2339 *intercessit
1589 2280 1641 2323 C.

251 2437 292 2467 90
314 2435 547 2473 exspectatione
581 2430 786 2470 Galliarum]
815 2431 903 2462 Dum

211 2482 415 2517 expectatur,
432 2473 562 2514 quidde
584 2473 698 2504 Galliis
721 2479 755 2503 et
779 2474 906 2503 Caesare

213 2519 318 2549 fieret.
345 2527 418 2547 mox
442 2526 505 2556 pro
531 2520 569 2546 ut
598 2526 672 2546 eum
700 2515 907 2546 scribendum

213 2566 294 2600 puto
309 2564 346 2590 ut
366 2559 536 2595 Coesarem,
552 2558 593 2588 ad
609 2567 705 2597 quem
727 2556 788 2587 hoc
805 2557 905 2597 perti-

214 2608 282 2633 net.

254 2647 289 2678 91
316 2653 372 2673 sex
398 2643 558 2673 adducere
586 2640 654 2681 lia]
684 2642 769 2671 Puto
793 2650 906 2671 verum

211 2695 294 2722 esse,
309 2684 395 2724 quod
410 2685 581 2715 Manutius
596 2684 714 2720 voluit,
729 2693 790 2713 eosu
806 2682 904 2713 ordo:

210 2729 266 2767 qui
283 2737 393 2757 eorum
415 2729 451 2757 in
471 2725 604 2767 CCC.j.
618 2736 645 2756 e.
690 2726 743 2756 Sic
765 2730 799 2754 et
821 2724 906 2755 infra

211 2771 245 2800 in
261 2768 325 2803 alia
340 2769 399 2799 tali
417 2771 479 2801 SC.
496 2768 640 2800 formula
656 2772 719 2798 est.
737 2776 814 2797 nam
829 2766 907 2806 quid

211 2811 259 2843 ini
273 2821 329 2843 sez-
341 2811 401 2842 sibi
417 2811 598 2843 voluissent
611 2814 671 2842 aut
684 2809 889 2841 effecissent?

989 2432 1030 2464 92
1053 2430 1096 2460 L.
1116 2428 1170 2468 V.]
1191 2428 1254 2459 Alii
1270 2427 1296 2459 Ι.
1314 2427 1356 2458 V.
1393 2426 1456 2457 Sed
1471 2429 1641 2464 neutrum,

948 2472 1024 2511 quid
1039 2472 1095 2510 sit,
1111 2471 1236 2502 dicant.
1251 2471 1286 2500 in
1301 2469 1366 2500 Ms.
1381 2468 1473 2499 Gorl.
1488 2474 1559 2499 erat
1576 2468 1640 2499 111.

950 2515 982 2544 in
1013 2513 1078 2544 alio
1110 2514 1139 2544 1.
1170 2513 1215 2543 11.
1259 2513 1311 2542 An
1339 2511 1403 2541 fuit
1430 2511 1457 2540 is
1487 2519 1643 2542 numerus

950 2556 1052 2586 SCti?
1099 2555 1139 2586 In
1167 2553 1302 2586 Mediol.
1330 2552 1412 2582 nihil
1436 2553 1555 2583 horum
1579 2559 1639 2583 est.

950 2597 1013 2628 Sed
1036 2601 1116 2637 puto
1139 2597 1192 2627 hic
1207 2596 1328 2635 aliquid
1350 2594 1516 2631 excidisse,
1533 2594 1572 2625 de
1591 2595 1640 2625 in-

949 2640 1158 2674 tercessione,
1172 2645 1209 2669 ut
1225 2639 1258 2668 in
1274 2636 1495 2677 sequentibus.

990 2684 1030 2715 93
1053 2682 1108 2721 qui
1124 2684 1318 2720 potestatem
1331 2678 1485 2718 habeant]
1511 2678 1564 2708 Sic
1592 2687 1641 2708 re-

949 2723 1061 2762 scripsi
1076 2732 1134 2763 pro
1148 2723 1282 2762 vulgato
1298 2722 1425 2751 habent.
1441 2729 1517 2750 nam
1533 2721 1579 2750 sic
1590 2724 1641 2750 est

950 2766 984 2795 in
1005 2765 1068 2795 SC.
1083 2770 1250 2806 sequente,
1266 2768 1301 2795 et
1323 2764 1368 2794 sic
1394 2762 1543 2795 latinitas
1565 2771 1640 2793 vera

950 2806 1109 2849 postulat.
