1860 3228
288 90 362 123 154
644 85 822 124 EPIST.
850 87 1035 125 LIBER
1060 88 1348 128 SEPTIMUS

654 189 721 231 M.
744 187 794 231 T.
819 190 870 232 C.
904 190 971 232 M.
997 190 1205 233 MARIO
1228 192 1271 232 S.
1295 192 1350 233 D.

287 243 667 297 MANDATUM
694 266 812 298 tuum
835 259 995 299 curabo
1016 259 1256 315 diligenter.
1301 259 1384 299 Sed
1405 258 1533 299 homo
1556 268 1705 300 acutus

286 312 324 352 ei
349 312 558 353 mandasti
584 314 869 368 potissimum,
899 315 966 356 cui
999 316 1234 370 expediret,
1267 315 1369 356 illud
1393 315 1549 356 vaenire
1579 330 1707 370 quam

287 368 486 424 plurimo.
548 370 630 410 b'ed
665 384 716 410 eo
740 371 881 411 vidisti
916 371 1111 421 multum,
1142 372 1255 426 quod
1280 371 1518 428 praefinisti,
1549 386 1634 426 quo
1656 386 1708 413 ne

289 424 420 480 pluris
442 440 640 467 emerem.
702 427 831 472 Quod
855 427 887 466 si
912 428 1014 468 mihi
1041 429 1322 483 permisisses;
1353 429 1424 484 qui
1451 443 1566 469 meus
1591 443 1709 469 amor

289 481 333 522 in
357 492 398 523 te
420 493 508 533 cst;
530 482 810 523 confecissem
833 497 931 523 cum
952 484 1258 526 coheredibus:
1284 500 1412 536 nunc,
1433 499 1563 540 quum
1587 494 1706 526 tuum

290 539 474 594 pretinm
491 540 606 588 novi,
630 542 664 569 ¹3
678 538 931 580 licitatorem
953 541 1094 594 potius
1114 554 1285 595 ponam,
1304 556 1431 596 quam
1451 541 1552 583 illud
1572 542 1709 582 mino·

289 596 346 636 ris
370 604 549 636 vaeneat.
601 596 683 636 Sed
705 596 757 637 de
772 596 876 651 joco
899 597 1000 636 satis
1022 606 1099 637 est.
1160 595 1299 637 Tuum
1324 599 1544 654 negotium
1567 613 1708 655 agam,

289 653 414 692 sicuti
438 652 589 702 debeo,
609 652 849 707 diligenter.
885 656 921 684 ¹⁴
937 653 1002 694 De
1024 654 1171 703 Bursa,
1193 663 1233 694 te
1254 656 1437 708 gaudere
1458 667 1575 696 certo
1598 656 1708 696 scio:

290 709 361 749 sed
385 709 509 749 nimis
534 709 769 750 verecunde
792 710 895 750 mibi
928 710 1167 764 gratularis.
1230 710 1360 751 Putas
1381 713 1510 761 enim,
1539 723 1586 753 ut
1609 712 1710 753 scri-

290 766 370 816 bis,
395 775 567 822 propter
596 765 781 806 hominis
804 766 961 816 sordes,
983 768 1122 808 miuus
1146 781 1212 807 me
1235 781 1433 822 magnam
1457 769 1569 809 illam
1600 770 1708 810 laeti-

292 823 394 863 tiam
428 833 591 878 putare.
653 821 812 863 Credas
853 822 956 863 mihi
981 824 1121 874 velim,
1153 824 1289 879 magis
1322 839 1389 865 me
1411 825 1580 879 judicio
1612 826 1710 876 lioc,

291 894 418 934 quam
437 888 574 919 morte
598 878 758 920 inimici
784 879 990 921 laetatum.
1053 881 1243 921 Primum
1263 881 1376 921 enim
1393 880 1561 935 judicio
1585 882 1710 933 malo,

290 950 418 990 quam
441 935 605 991 gladi03
638 936 791 976 deinde
817 939 852 967 ¹5
867 937 1002 992 gloria
1034 937 1176 993 potius
1207 937 1349 988 amici,
1381 952 1508 992 quam
1540 938 1712 979 calami-

291 1003 392 1033 tate.
454 992 503 1032 ln
539 993 770 1048 primisque
803 1007 870 1033 me
900 993 1143 1044 delectavit,
1177 1004 1341 1034 tantum
1365 995 1551 1035 studium
1579 995 1712 1036 bono-

290 1064 381 1090 rum
406 1049 449 1090 in
473 1064 539 1089 me
561 1050 776 1091 exstitisse
799 1063 948 1090 contra
970 1051 1263 1091 incredibilem
1284 1052 1605 1092 contentionem
1627 1051 1713 1093 cla-

290 1107 445 1146 rissimi
487 1116 530 1147 et
577 1107 862 1162 potentissimi
903 1107 998 1148 viri.
1062 1107 1310 1158 Postrem03
1349 1110 1443 1159 (vix
1483 1109 1709 1150 verisimile

289 1163 469 1204 fortasse
492 1163 730 1215 videatur3)
761 1164 932 1204 oderam
965 1164 1099 1205 multo
1124 1164 1244 1219 pejus
1276 1164 1404 1215 hunc,
1435 1179 1563 1220 quam
1595 1165 1712 1207 illum

288 1220 428 1276 ipsum
453 1220 669 1262 Clodium.
731 1220 854 1261 Illum
882 1221 995 1261 enim
1027 1236 1347 1277 oppugnatam:
1380 1222 1494 1264 hunc
1514 1220 1714 1263 defende-

288 1291 393 1318 ram.
439 1277 494 1318 Et
517 1277 599 1328 ille,
622 1292 719 1318 cnm
743 1279 882 1318 omnis
906 1279 1146 1334 respublica
1169 1279 1211 1318 in
1235 1293 1331 1319 mco
1353 1280 1495 1337 capite
1517 1279 1716 1321 16discri-

289 1348 386 1375 men
418 1345 528 1375 esset
560 1335 772 1385 habitura,
802 1349 1005 1390 magnum
1038 1335 1244 1390 quiddam
1277 1336 1510 1391 spectavit3
1541 1350 1618 1377 nec
1641 1351 1717 1377 sua

292 1401 459 1446 sponte,
480 1391 551 1432 scd
570 1406 716 1432 eorum
735 1392 913 1442 auxilio,
928 1393 1000 1446 qui
1021 1406 1087 1432 me
1109 1401 1247 1433 stante
1266 1402 1376 1433 stare
1390 1407 1474 1433 non
1495 1401 1714 1448 poterant:

293 1448 364 1489 hie
387 1449 592 1498 simiolus,
614 1448 744 1489 animi
766 1463 907 1498 causa,
930 1463 1012 1499 me,
1035 1450 1076 1488 in
1099 1462 1226 1503 quem
1244 1449 1527 1500 inveheretur,
1549 1449 1719 1507 delege-

293 1514 379 1556 rat3
411 1515 760 1561 persuaseratque
782 1505 995 1545 nonnullis
1018 1505 1174 1545 invidis
1198 1505 1317 1556 meis,
1340 1519 1382 1546 se
1399 1506 1441 1546 in
1462 1520 1529 1546 me
1544 1506 1719 1547 emissa-

293 1563 402 1603 rium
437 1577 602 1618 semper
634 1561 739 1602 fore.
801 1562 1093 1608 Quamobrem
1127 1561 1248 1603 valde
1278 1561 1414 1617 jubeo
1445 1562 1631 1618 gaudere
1662 1573 1720 1605 te.

269 1633 450 1676 ,magna
474 1633 537 1660 res
560 1630 679 1675 gesta
705 1629 783 1660 est.
814 1633 1047 1674 numquam
1073 1619 1145 1659 ulli
1169 1618 1366 1659 fortiores
1390 1619 1504 1660 cives
1526 1618 1716 1671 fuerunt,

292 1691 422 1730 quam
444 1677 515 1732 qni
539 1676 628 1717 ausi
653 1686 752 1717 sunt
773 1691 869 1717 eum
893 1686 1044 1716 contra
1066 1685 1205 1716 tantas
1227 1690 1330 1731 opes
1352 1676 1459 1732 ejuS,
1482 1691 1507 1717 a
1527 1691 1613 1731 quo
1636 1677 1717 1734 ipsi

292 1733 390 1774 lecti
407 1734 578 1788 judices
600 1743 735 1784 erant,
757 1734 1055 1774 condemnare.
1091 1732 1220 1779 Quod
1246 1734 1447 1774 fecissent
1470 1747 1718 1789 numquam,

290 1791 371 1831 nisi
396 1791 446 1832 iis
468 1790 604 1832 dolori
630 1804 747 1830 meus
771 1789 921 1831 fnisset
942 1789 1077 1830 dolor.
1124 1790 1215 1831 Nos
1237 1789 1308 1830 hic
1332 1790 1657 1831 ¹⁷multitudine
1675 1801 1720 1832 et

289 1847 537 1888 celebritate
563 1847 844 1902 judiciorum,
876 1857 920 1888 et
948 1847 1070 1887 novis
1101 1846 1268 1902 legibus
1291 1847 1351 1886 ita
1371 1847 1639 1898 distinemur,
1672 1857 1719 1889 ut

288 1905 482 1958 quotidie
507 1915 605 1945 vota
629 1904 852 1955 faciamus,
874 1918 927 1945 ne
950 1903 1238 1956 intercaletur,
1263 1912 1451 1959 utquam
1468 1905 1658 1961 primum
1677 1915 1717 1946 te

288 1961 432 2003 videre
455 1962 682 2018 possimus.

331 2078 367 2106 13
383 2077 417 2105 in
433 2076 622 2105 licitatorem
635 2086 671 2115 p.
684 2075 820 2115 ponam]
840 2076 891 2106 Sic
905 2085 980 2106 cum

283 2117 429 2148 victorio
444 2117 545 2148 edidit
564 2118 734 2148 Gruterus
779 2118 841 2148 Sed
855 2119 889 2148 in
905 2117 979 2148 lati—

285 2160 370 2189 nitas
387 2169 452 2189 non
476 2160 548 2195 fert,
572 2167 605 2190 et
620 2161 710 2190 abest
726 2160 787 2189 Ms.
805 2169 889 2196 meo,
913 2159 978 2190 Gu.

1024 2085 1081 2105 nas
1097 2075 1173 2105 dare
1189 2075 1426 2115 perjudicium,
1449 2085 1546 2114 quam
1562 2086 1619 2116 per
1633 2085 1720 2106 mor-

1023 2123 1089 2147 tem
1104 2128 1111 2147 :
1129 2118 1238 2158 itaque
1253 2128 1286 2148 se
1300 2119 1400 2157 magis
1413 2117 1518 2148 laetari
1531 2119 1646 2149 Bursae
1657 2119 1723 2149 exi-

1025 2160 1080 2195 lio,
1096 2169 1192 2198 quam
1209 2160 1314 2191 Clodii
1331 2166 1457 2190 morte:
1482 2159 1544 2190 hoc
1558 2160 1599 2190 ad
1624 2160 1723 2191 Milo-

283 2207 317 2230 et
340 2201 410 2231 edd.
435 2212 483 2241 pr.
508 2203 689 2238 nonnullis,
714 2211 789 2231 nam
813 2202 862 2232 cd.
893 2205 979 2235 1431.

283 2242 393 2277 habet,
419 2244 497 2273 item
520 2244 604 2279 aliae,
628 2244 682 2275 sed
705 2245 737 2273 in
759 2244 980 2274 licitationem.

284 2284 400 2323 ltaque
427 2295 501 2315 cum
530 2286 658 2315 Graevio
685 2285 873 2316 delevimus.
920 2287 981 2316 Pro

278 2336 401 2365 ponam
416 2327 562 2358 Graevius
576 2327 666 2358 dedit
677 2337 851 2367 apponam,
866 2333 899 2358 et
915 2337 982 2358 esse

282 2368 329 2398 ait
345 2369 378 2398 in
393 2368 464 2399 edd.
487 2375 567 2400 vett.
591 2369 628 2399 In
653 2370 732 2400 meis
755 2379 820 2399 non
835 2375 898 2400 est.
921 2371 982 2400 etsi

282 2419 442 2449 apponere
456 2411 489 2442 in
505 2411 566 2442 bac
579 2421 612 2441 re
625 2412 777 2442 usitatius
787 2417 850 2442 est:
867 2417 978 2443 tamen

282 2458 315 2482 et
329 2462 446 2491 ponere
461 2463 480 2483 a
495 2453 651 2486 Cicerone
673 2454 718 2483 sic
740 2453 870 2484 dicitur.
916 2454 980 2484 Ex-

282 2495 391 2534 empla
402 2505 430 2524 v.
445 2495 478 2524 in
492 2495 603 2525 Clave.
627 2495 732 2526 Citius
745 2502 853 2525 autem
862 2505 982 2535 ponere

283 2541 432 2566 mutetur
447 2537 480 2566 in
496 2546 666 2578 apponere,
682 2547 780 2577 quam
803 2536 865 2567 hoc
888 2538 921 2568 in
944 2539 981 2567 il-

285 2578 352 2608 lud.

331 2623 366 2651 14
388 2620 443 2651 De
462 2620 590 2660 Bursa]
616 2620 679 2660 Qui
703 2624 872 2651 accusatus
887 2621 925 2651 de
940 2622 982 2657 vi,

283 2661 457 2693 damnatus
472 2669 532 2698 est,
549 2673 746 2702 quamquam
762 2663 891 2694 favente
906 2664 934 2693 ei
949 2671 983 2694 et

282 2710 399 2735 contra
413 2705 540 2736 nitente
555 2705 721 2744 Pompeio.

328 2749 363 2776 15
374 2748 482 2785 gloria
490 2748 599 2787 potius
610 2748 722 2784 amici,
734 2756 832 2787 qnam
846 2748 982 2777 calami-

282 2788 364 2827 tate]
390 2789 484 2828 Quod
501 2789 668 2829 praecedit,
684 2790 827 2829 pertinet
842 2788 883 2818 ad
905 2789 981 2820 Clo-

281 2828 370 2860 dium
383 2842 389 2859 :
411 2831 509 2862 malle
525 2841 558 2863 se
571 2831 651 2862 dicit
664 2831 813 2862 inimicos
827 2839 902 2862 suos
915 2841 980 2871 poe-

1025 2211 1112 2238 nem,
1134 2203 1189 2241 qui
1204 2207 1411 2233 accusaverat
1432 2202 1584 2233 Bursam.
1630 2202 1723 2233 nlius

1026 2244 1128 2283 igitur
1141 2253 1186 2281 se,
1203 2245 1261 2281 ait,
1277 2244 1381 2284 gloria
1392 2254 1430 2274 ex
1446 2243 1503 2273 illo
1514 2243 1638 2282 judicio
1655 2254 1722 2275 ma-

1026 2286 1073 2325 gis
1088 2284 1206 2323 laetari,
1228 2296 1326 2324 quam
1345 2287 1456 2317 ssursae
1477 2285 1677 2323 calamitate,
1702 2286 1724 2317 i.

1025 2339 1054 2358 e.
1079 2327 1187 2358 exilio.
1235 2328 1298 2358 Hic
1320 2333 1369 2358 est
1391 2337 1504 2358 sensus
1526 2328 1603 2364 loci,
1625 2338 1722 2367 quent

1026 2371 1220 2410 interpretes
1233 2380 1299 2400 non
1314 2378 1392 2400 sunt
1408 2370 1557 2400 assecuti.

1069 2412 1106 2443 16
1120 2412 1292 2443 discrimen
1307 2416 1384 2442 esset
1399 2411 1566 2450 habitura]
1593 2410 1724 2442 Lambi-

1024 2464 1085 2484 nus
1100 2454 1239 2485 correxit
1254 2454 1390 2484 aditura
1404 2464 1420 2483 e
1439 2453 1500 2483 Ms.
1517 2458 1582 2484 vet.
1605 2458 1643 2483 ut
1663 2454 1723 2491 ait,

1024 2496 1120 2532 beno,
1132 2501 1220 2527 certe
1229 2495 1408 2536 eleganter,
1418 2500 1475 2526 ete
1488 2494 1724 2527 consuetudine

1027 2537 1142 2568 latina.

1073 2582 1107 2613 17
1129 2581 1164 2610 in
1186 2589 1231 2610 m.
1253 2583 1283 2610 et
1304 2579 1488 2609 celebritate
1499 2577 1720 2619 judiciorum]

1026 2621 1141 2652 Delevi
1155 2623 1203 2660 in,
1218 2620 1303 2660 quod
1318 2621 1481 2650 Victorius
1494 2620 1616 2651 addidit
1629 2632 1646 2651 e
1660 2621 1722 2651 Ms.

1025 2663 1101 2694 Vnt.
1121 2663 1180 2693 Est
1191 2668 1224 2693 et
1239 2664 1272 2693 in
1287 2663 1350 2693 Gn.
1370 2666 1396 2692 l.
1412 2662 1467 2692 sed
1482 2662 1586 2692 altero
1601 2668 1635 2693 et
1651 2673 1724 2693 meo

1024 2705 1126 2736 abest.
1148 2705 1295 2735 distineri
1312 2714 1471 2743 nusquam
1488 2714 1564 2735 cum
1586 2705 1621 2734 in
1644 2705 1722 2735 dici-

1024 2753 1091 2777 tur.
1104 2751 1214 2777 ortum
1224 2747 1316 2777 estin
1328 2746 1521 2786 quibusdam
1532 2745 1621 2776 libris
1631 2757 1648 2777 e
1661 2748 1727 2787 prl-

1025 2799 1079 2821 ma
1093 2789 1189 2821 litera
1204 2789 1291 2820 verbi
1305 2789 1484 2829 sequentis,
1499 2792 1538 2819 ut
1553 2788 1642 2819 alibi.
