1903 3218
259 107 336 141 ‘304
647 102 827 141 EPIST.
856 101 1041 142 LIBER
1066 101 1336 140 OCTAVUS

261 204 467 246 sollicitus
491 205 584 256 sim,
608 212 698 246 tum
729 205 842 247 hanc
867 220 1000 247 meam
1037 205 1232 262 gloriam,
1265 218 1362 260 quae
1396 203 1448 245 ad
1478 217 1547 245 me
1582 202 1692 247 nihil

261 262 462 319 pertinet,
483 262 689 304 derideas,
712 277 808 317 quae
839 263 918 304 tibi
941 276 1171 318 exponere,
1194 262 1274 303 nisi
1298 275 1457 311 coram,
1481 275 1568 301 non
1592 275 1691 316 pos-

263 333 382 360 sum:
416 320 543 374 idque
565 319 756 361 celeriter
777 319 866 360 fore
888 334 1025 375 spero.
1087 320 1128 350 ⁶⁶
1142 319 1254 360 Nam
1276 332 1359 369 me,
1381 332 1480 358 cum
1499 318 1691 374 expulis-

264 387 327 416 set
346 390 399 416 ex
427 375 550 417 Italia
590 376 855 430 Pompeium,
888 375 1115 417 constituit
1137 376 1188 416 ad
1213 376 1360 417 urbem
1384 388 1561 415 vocare:
1593 375 1632 408 ⁶7
1649 374 1693 415 id

263 432 377 486 quod
412 432 505 487 jain
546 433 747 473 existimo
785 431 1046 482 confectum,
1069 432 1149 472 nisi
1191 433 1224 473 si
1266 431 1420 473 maluit
1454 430 1693 486 Pompeius

266 488 486 530 Brundisii
527 488 844 530 circumsederi.
903 489 943 522 69
960 487 1152 538 Peream,
1190 489 1222 528 si
1266 489 1444 529 minima
1481 502 1609 529 causa
1629 496 1694 528 est

264 546 518 601 properandi
552 546 631 585 isto
657 545 776 594 mihi,
796 544 908 599 quod
934 553 974 585 te
999 545 1140 585 videre
1169 554 1212 584 et
1241 547 1386 586 omnia
1419 545 1572 585 intima
1592 558 1696 585 con-

265 602 373 643 ferre
409 603 618 657 discupio,
684 601 837 641 Habeo
867 612 1024 651 autem,
1058 615 1186 656 quam
1217 601 1376 642 multa?
1410 601 1499 643 Hui
1533 615 1695 650 vereor,

265 659 398 713 (quod
423 658 525 699 solet
551 658 676 708 fieri‚)
700 673 766 708 nc,
790 673 886 698 cnm
912 668 951 697 te
977 658 1135 707 videro,
1158 658 1303 697 omnia
1324 657 1565 698 obliviscar.
1613 657 1697 699 Sed

267 727 410 756 tamen
433 715 648 769 quodnam
683 716 738 754 ob
767 715 900 755 scelus
935 715 1015 754 iter
1047 713 1154 754 mihi
1178 715 1458 754 necessarium
1499 727 1610 755 retro
1640 714 1694 754 ad

266 772 389 827 Alpis
413 787 554 812 versus
576 771 753 812 incidit?
786 770 922 820 Adeo,
956 771 1070 825 quod
1107 770 1311 811 Intimelii
1346 771 1386 810 in
1421 771 1548 811 armis
1582 781 1696 821 sunt,

266 843 404 883 neque
426 829 478 869 de
501 843 656 883 magna
678 842 819 868 causa.
879 828 919 861 69
934 827 1164 876 Bellienus,
1198 841 1327 867 verna
1362 825 1588 876 Demetrii,
1620 829 1694 882 qui

266 886 326 926 ibi
356 900 453 925 cum
484 885 681 940 praesidio
705 894 809 934 erat,
836 883 1077 924 Domitium
1093 884 1322 939 quendam,
1343 886 1384 916 70
1399 883 1585 924 nobilem
1611 884 1696 925 illic

268 941 451 982 Caesaris
474 941 705 998 hospitem,
729 956 752 981 a
773 942 987 982 contraria
999 941 1186 982 factione
1206 941 1346 981 numis
1360 940 1563 995 acceptis,
1578 954 1696 981 com-

269 998 494 1054 prehendit
515 1008 558 1039 et
577 998 872 1054 strangulavit.
917 998 1083 1038 Civitas
1105 998 1156 1038 ad
1178 1012 1294 1038 arina
1317 997 1378 1038 iit.
1399 1010 1450 1037 eo
1472 1012 1568 1037 cum
1593 1011 1697 1051 qua-

220 1066 254 1095 b.
270 1066 366 1096 tuor
386 1054 636 1096 cohortibus
660 1055 762 1095 mihi
785 1069 858 1110 per
881 1055 998 1095 nives
1021 1055 1207 1095 eundum
1227 1063 1306 1094 est.
1368 1053 1700 1109 Usquequaque,

269 1113 450 1168 inquies,
473 1115 509 1145 71
529 1111 710 1152 Domitii
735 1111 833 1151 mali
853 1111 971 1152 dant.
1034 1111 1193 1152 Vellem
1218 1110 1390 1165 quidem
1417 1111 1579 1151 Venere
1601 1125 1699 1165 pro-

267 1179 422 1225 gnatus
445 1177 611 1209 tantum
643 1169 773 1209 animi
805 1167 1023 1208 habuisset
1046 1169 1139 1209 72in
1164 1177 1303 1209 vestro
1330 1166 1541 1217 Domitio,
1563 1181 1697 1222 quan-

263 1237 354 1267 tum
380 1226 567 1275 Psecade
590 1235 713 1266 natus
737 1226 779 1265 in
803 1224 885 1265 hoc
909 1225 1074 1265 habuit.
1135 1224 1336 1266 Ciceroni
1367 1223 1415 1265 F.
1440 1224 1484 1264 S.
1511 1223 1567 1265 D.

776 1318 1181 1356 ARGUMENTUM.

267 1374 379 1410 Pulso
398 1385 439 1408 esc
459 1373 570 1408 Italia
592 1373 765 1420 Pompeio
786 1373 913 1407 suadet
941 1372 1102 1407 Ciceroni
1129 1373 1268 1415 Coelc'us,
1298 1384 1341 1406 ne
1364 1371 1546 1421 adflictam
1563 1370 1693 1419 sortu-

319 1437 400 1483 nam
417 1429 611 1483 sequatum
641 1424 876 1470 consulitque,
896 1427 935 1458 ut
953 1435 990 1458 se
1010 1425 1046 1458 in
1064 1425 1225 1471 aliquam
1251 1424 1373 1459 urbem
1397 1436 1420 1458 α
1438 1423 1529 1459 bello
1545 1434 1696 1459 vacuam

317 1481 482 1524 rempmt·
510 1526 577 1566 M.
610 1525 852 1567 COELIUS
887 1525 953 1566 Μ.
979 1525 1285 1568 CICERONI
1320 1525 1364 1566 S.
1391 1525 1446 1566 D.

268 1583 697 1637 EXANIMATUS
742 1608 834 1633 sum
872 1593 955 1634 tuis
1002 1593 1180 1645 litteris,
1224 1593 1380 1648 quibus
1413 1602 1454 1633 te
1496 1591 1603 1633 nihil
1632 1593 1697 1634 ni-

264 1653 298 1694 si
323 1653 443 1693 triste
471 1651 663 1707 cogitare
691 1650 942 1691 ostendisti:
976 1664 1113 1706 neque
1147 1651 1189 1691 id
1224 1650 1326 1705 quid
1358 1658 1484 1699 esset,
1516 1650 1695 1705 perscri-

261 1710 413 1767 psisti:
456 1710 495 1741 73
512 1721 648 1762 neque
686 1721 772 1748 non
807 1717 965 1757 tamen,
997 1708 1120 1763 quale
1151 1715 1278 1758 esset,
1313 1707 1428 1761 quod
1466 1706 1695 1762 cogitares,

199 1314 250 1354 16

301 1823 342 1853 66
368 1822 462 1853 Ναηι
486 1821 743 1851 nte—constituit
771 1820 817 1849 ad
842 1821 955 1850 urbem

258 1864 386 1903 vocare]
413 1864 480 1893 Cur
495 1862 633 1893 Coenum
658 1863 698 1892 ad
716 1862 828 1891 urbem
847 1863 956 1892 venire

254 1907 402 1946 jusserit,
425 1906 509 1935 infra
525 1910 586 1934 ost.
631 1905 800 1934 Assentior
816 1904 884 1933 viro
901 1903 956 1933 (lo-

258 1955 325 1985 cto,
342 1948 397 1988 qui
414 1947 550 1978 Caesaris
564 1956 684 1977 nomen
696 1946 850 1976 excidisse
862 1950 956 1985 puta-

258 1992 326 2022 bat.

298 2034 338 2066 67
361 2033 398 2061 id
410 2030 577 2073 quodjam
598 2031 757 2070 existimo]
784 2030 848 2060 Ms.
864 2029 955 2060 Gorl.

255 2081 289 2106 et
305 2075 356 2105 ed.
373 2074 468 2105 Rom.
485 2074 566 2103 Ven.
590 2074 696 2113 idque,
718 2078 756 2102 ut
778 2077 826 2102 est
846 2081 956 2111 supra,

257 2127 456 2156 quamquam
478 2122 512 2145 et
535 2116 578 2145 ibi
602 2115 781 2146 Lambinus
801 2114 956 2151 malebat,

256 2161 293 2190 id
305 2159 397 2200 quod.

298 2201 338 2232 63
363 2200 518 2236 Peream,
548 2201 575 2229 si
602 2199 741 2229 minima
770 2197 845 2238 &c.]
878 2198 956 2228 For-

257 2253 312 2274 ma
326 2244 395 2283 ipsa
409 2242 566 2273 orationis
581 2241 702 2276 arguit,
717 2245 793 2269 ante
808 2241 892 2280 quod
902 2251 954 2270 ex-

255 2286 370 2316 cidisse
393 2285 466 2314 nisi.
510 2284 596 2314 Nam
612 2283 637 2312 si
654 2283 808 2312 voluisset
833 2283 950 2319 dicere,

256 2328 452 2367 praecipuam
470 2335 613 2361 causam,
629 2334 728 2363 quare
744 2324 883 2355 Romam
899 2334 954 2353 cu-

256 2376 347 2409 peret
362 2370 421 2405 ire,
436 2377 504 2398 esse
520 2367 617 2402 hanc,
634 2371 672 2396 ut
687 2367 794 2406 ipsum
817 2366 953 2402 videret,

256 2421 323 2442 non
346 2410 489 2441 formula
505 2408 639 2448 jurandi
656 2417 732 2438 usus
748 2413 842 2438 esset.
888 2407 955 2438 Im-

256 2464 310 2483 mo
327 2463 367 2484 ne
380 2452 577 2483 levissimam
594 2450 723 2488 quidem
740 2459 870 2480 causam
886 2459 954 2481 esse

255 2495 395 2526 Romam
437 2493 630 2534 properandi
655 2493 766 2527 aliam,
792 2501 890 2531 quam
916 2497 956 2522 ut

255 2539 360 2578 ipsum
377 2536 511 2567 videret.

296 2580 337 2612 69
360 2578 541 2614 Bellienus,
554 2586 656 2607 verna
678 2575 855 2614 Demetrii]
883 2576 952 2607 Ho-

256 2631 310 2650 mo
326 2621 511 2657 libertinus,
532 2619 600 2658 qui,
626 2624 664 2648 ut
687 2625 758 2648 tum
787 2617 952 2649 interdum

254 2664 391 2699 factum,
429 2672 527 2702 supra
557 2660 700 2691 libertini
729 2660 951 2690 conditionem

254 2705 359 2735 elatus
374 2709 434 2735 est.

295 2750 336 2781 70
358 2748 493 2777 nobilem
519 2746 587 2776 illic
618 2745 649 2775 C.
680 2744 725 2783 h.]
751 2743 819 2773 z'llz'c
848 2745 952 2784 recepi

253 2799 312 2829 pro
335 2790 398 2825 illi,
420 2788 506 2828 quod
527 2792 578 2818 est
593 2786 778 2824 antiquarii.
793 2785 843 2816 ed.
861 2785 948 2817 Med.

253 2833 295 2861 ibi
323 2831 419 2862 Rom.
435 2831 513 2861 illic.
543 2829 606 2860 Ms.
623 2829 687 2859 Gu.
703 2829 755 2857 ibi.

1041 1824 1076 1854 71
1114 1821 1256 1852 Domitii
1284 1819 1365 1849 mali
1390 1818 1485 1858 dant]
1523 1820 1693 1859 Corrigam

1001 1865 1147 1893 malum:
1171 1863 1191 1892 i.
1223 1872 1251 1892 e.
1279 1861 1423 1891 infelices
1449 1865 1540 1896 sunt,
1570 1862 1697 1901 magnis

1001 1905 1094 1934 malis
1117 1904 1314 1934 afficiuntur.
1344 1913 1461 1943 nempe
1487 1902 1597 1942 paullo
1618 1908 1697 1934 ante

1000 1947 1166 1977 Domitius
1183 1945 1319 1976 Corfinii
1335 1950 1406 1975 erat
1420 1950 1553 1985 captus:
1577 1945 1616 1976 de
1632 1955 1697 1985 quo

999 1998 1085 2018 mox.
1130 1988 1295 2018 Graevius:
1321 1987 1367 2018 D.
1384 1988 1470 2017 male
1484 1996 1517 2016 se
1531 1987 1611 2018 dane
1623 2000 1632 2017 .·
1648 1988 1696 2018 fa-

1001 2035 1053 2061 vet
1078 2029 1143 2060 Ms.
1172 2030 1234 2060 Gu.
1257 2029 1309 2060 ed.
1335 2029 1425 2060 Med.
1453 2029 1570 2068 ubique
1589 2039 1622 2060 se
1644 2029 1694 2061 D.

1001 2073 1081 2103 muli
1094 2073 1175 2101 dant
1186 2084 1195 2101 .·
1217 2076 1256 2101 ut
1270 2077 1320 2102 est
1331 2077 1365 2101 et
1381 2072 1414 2101 in
1429 2070 1480 2100 ed.
1497 2070 1593 2102 Rom.
1610 2071 1695 2102 Ven-

1004 2117 1093 2147 1471.
1118 2123 1191 2153 quae
1204 2118 1317 2144 tamen
1331 2113 1431 2144 habet
1443 2113 1508 2142 sed.
1551 2112 1614 2143 Sed
1635 2113 1697 2144 hoc

1000 2166 1095 2187 sensu
1124 2160 1174 2186 est
1202 2155 1356 2186 alienum.
1388 2164 1454 2185 non
1488 2154 1527 2185 de
1556 2156 1698 2195 peccatis

1000 2198 1224 2229 Domitiorum
1250 2197 1302 2227 hic
1331 2206 1437 2227 sermo
1469 2201 1530 2227 est.
1569 2198 1697 2229 ”calum

1000 2241 1080 2270 dare
1093 2249 1178 2280 saepe
1194 2239 1280 2279 apud
1296 2239 1458 2270 Comicos.

1038 2286 1078 2316 72
1100 2283 1135 2312 in
1162 2286 1266 2312 vestro
1295 2281 1453 2321 Domitio]
1485 2280 1614 2321 Nempe
1641 2282 1696 2320 qui

997 2325 1134 2355 Corfinii
1149 2328 1263 2363 captus
1277 2330 1347 2353 erat
1361 2335 1367 2352 :
1391 2327 1497 2353 vestro
1510 2322 1601 2360 dicit,
1620 2323 1696 2362 quia

997 2367 1214 2406 Pompeianus
1229 2371 1311 2395 erat.

1038 2411 1078 2442 73
1094 2417 1193 2447 neque
1205 2417 1268 2437 non
1283 2405 1407 2445 tamen]
1433 2406 1486 2436 Sic
1502 2406 1564 2437 Με-
1581 2406 1643 2437 Gu.
1659 2413 1694 2436 et

996 2450 1068 2481 edd.
1085 2456 1155 2481 ant.
1172 2449 1246 2479 inde
1259 2459 1278 2479 a
1291 2449 1326 2479 P.
1344 2448 1497 2478 Manutio
1511 2451 1603 2479 1540.
1617 2456 1692 2487 pro-

997 2492 1077 2522 lusit
1101 2493 1193 2523 Crat.
1221 2499 1285 2521 non
1310 2494 1433 2527 tamen,
1461 2490 1516 2521 ubi
1541 2489 1694 2521 excidisse

996 2534 1125 2566 videtur
1157 2533 1231 2569 nisi,
1267 2536 1326 2563 aut
1358 2541 1421 2562 non
1456 2537 1530 2572 post
1567 2536 1691 2564 tamen.

996 2577 1049 2606 Sic
1085 2579 1119 2606 et
1155 2575 1190 2605 in
1217 2584 1291 2614 epp.
1323 2573 1363 2604 ad
1391 2575 1464 2605 Att.
1489 2574 1533 2607 Χ,
1559 2578 1589 2608 9.
1624 2573 1691 2604 edi-

995 2622 1061 2647 tur.
1107 2616 1187 2647 Edd.
1213 2626 1259 2656 pr.
1280 2615 1365 2654 quod
1379 2621 1411 2646 ct
1427 2615 1476 2646 ed.
1495 2616 1627 2648 Gruteri
1645 2625 1693 2646 se-

996 2665 1073 2690 cuta
1087 2663 1149 2695 est,
1169 2658 1267 2694 male,
1287 2667 1350 2688 non
1364 2659 1463 2694 enim,
1483 2659 1578 2697 quale
1592 2662 1670 2690 esset
1684 2671 1693 2688 :

997 2710 1072 2733 nam
1090 2701 1136 2731 ita
1150 2699 1267 2739 frigida
1282 2699 1466 2738 tautologia
1487 2700 1525 2730 fit
1547 2703 1581 2731 et
1605 2699 1692 2731 idem

997 2743 1044 2773 his
1057 2742 1186 2773 dicitur.
1216 2741 1446 2772 Subindicarat
1462 2743 1587 2778 Cicer0‚
1603 2751 1635 2772 se
1651 2752 1692 2772 ex

993 2784 1090 2815 ltalia
1103 2784 1270 2814 abiturum
1287 2784 1326 2814 ad
1345 2784 1568 2823 Pompeianos.
1597 2783 1689 2814 Infra

991 2826 1086 2861 dicit:
1105 2827 1190 2866 quod
1202 2835 1264 2856 non
1281 2826 1410 2856 dicendo
1427 2826 1506 2856 mihi
1521 2825 1687 2866 significa-
