1817 3196
360 133 447 170 'AD
479 128 862 170 TORQUATUM
896 127 969 164 ET
1008 127 1289 166 CETEROS.
1465 135 1536 170 133

112 246 167 287 te,
191 235 370 293 populus
385 235 587 290 jusserat,
604 232 849 274 haberetur.
890 229 1033 273 Causa
1053 241 1148 273 orta
1169 230 1268 272 belli
1290 239 1369 272 est.
1422 232 1540 279 Quid

112 307 195 350 ego
227 292 477 349 praetermisi
506 300 581 331 aut
612 289 891 340 monitorum,
923 297 998 330 aut
1028 287 1310 344 querelarum,
1343 302 1442 329 cum
1477 290 1542 330 vel

112 349 421 404 iniquissimam
443 361 591 403 pacem
613 346 856 402 justissimo
880 345 990 387 bello
1017 344 1301 386 anteferrem?
1328 345 1457 386 Victa
1478 356 1542 386 est

112 407 343 449 auctoritas
365 419 474 455 mea,
505 419 592 445 non
626 413 714 444 tam
745 418 770 443 a
803 402 1014 459 Pompeio
1049 408 1168 456 (nam
1205 403 1240 442 is
1270 403 1542 452 movebatur)

112 477 240 518 quam
261 464 316 505 ab
338 462 404 511 iis,
423 461 496 516 qui
519 461 628 502 duce
654 459 862 515 Pompeio
885 460 999 510 freti,
1021 468 1387 516 peropportunam
1415 468 1458 499 et
1480 465 1543 499 te-

115 521 194 561 bus
229 518 473 561 domesticis
507 527 550 558 et
579 517 891 573 cupiditatibus
923 517 1010 557 suis
1043 517 1154 557 illius
1188 516 1281 557 belli
1320 516 1543 557 victoriam

114 575 206 618 fore
232 576 455 631 putabant.
515 576 774 629 Susceptum
798 573 953 614 bellurn
977 583 1056 623 est,
1078 573 1326 628 quiescente
1350 586 1439 614 me:
1472 573 1544 614 de-

116 633 282 688 pulsum
320 646 374 674 ex
406 631 546 682 Italia,
578 640 778 672 manente
818 644 900 680 me,
928 630 1069 685 quoad
1104 631 1250 685 potui:
1296 630 1368 671 sed
1412 629 1546 671 valuit

113 689 225 744 apud
249 703 316 729 me
340 688 432 744 plus
457 689 594 744 pudor
614 702 750 738 meus,
771 701 899 742 quam
921 688 1065 728 timor.
1098 687 1272 728 Veritus
1294 702 1385 727 sum
1402 687 1547 729 deesse

119 745 316 801 Pompeii
339 745 480 796 saluti,
499 760 596 787 cum
620 744 690 785 ille
711 744 942 799 aliquando
965 758 1050 785 non
1073 743 1282 785 defuisset
1303 758 1424 785 meae.
1463 743 1550 786 Ita·

115 816 199 857 que
222 802 287 842 vel
309 802 470 853 officio,
494 802 559 844 vel
590 801 706 842 fama
735 802 962 852 bonorum,
986 801 1051 842 vel
1073 801 1236 857 pudore
1260 801 1413 852 victus,
1436 810 1484 841 ut
1506 802 1550 842 in

116 857 273 901 fabulis
295 858 598 916 Amphiaraus,
620 859 681 900 sic
713 873 809 914 ego,
835 858 1018 914 prudens
1051 867 1094 898 et
1127 859 1278 909 sciens,
1300 858 1352 899 ad
1387 867 1552 914 pestem

116 925 216 958 ante
236 916 384 958 oculos
407 917 592 972 positam
611 930 704 957 sum
727 915 959 971 profectus.
1021 914 1122 961 Quo
1150 917 1192 956 in
1218 915 1327 956 bello
1349 915 1456 956 nihil
1478 915 1553 956 ad-

119 973 227 1014 versi
250 973 423 1024 accidit,
445 988 530 1014 non
552 973 812 1028 praedicente
833 987 915 1014 me.
977 973 1136 1022 Quare,
1171 987 1318 1028 quum,
1343 982 1391 1013 ut
1417 987 1554 1028 augu-

119 1044 182 1071 res
205 1038 248 1071 et
269 1029 473 1086 astrologi
497 1030 649 1081 solent,
669 1045 751 1085 ego
773 1044 945 1085 quoque
976 1043 1115 1085 augur
1146 1030 1343 1084 publicus
1370 1044 1424 1070 ex
1446 1030 1553 1071 meis

119 1087 410 1143 superioribus
433 1088 650 1142 praedictis
670 1087 876 1128 constitui
899 1087 1012 1142 apud
1036 1097 1077 1127 te
1094 1088 1396 1128 auctoritatem
1419 1101 1554 1143 augu-

121 1144 172 1184 rii
194 1153 237 1185 et
258 1144 537 1185 divinationis
560 1159 688 1186 meae:
721 1145 897 1185 debebit
928 1144 1085 1184 habere
1119 1144 1246 1185 fidem
1278 1155 1423 1185 nostra
1445 1159 1555 1200 prae·

121 1201 271 1242 dictio.
334 1201 436 1242 Non
464 1201 597 1256 igitur
618 1215 673 1241 ex
705 1200 873 1240 ‘24alitis
898 1200 1105 1250 involatu,
1135 1215 1214 1241 nec
1245 1215 1268 1241 e
1300 1211 1428 1241 cantu
1453 1202 1556 1241 sini-

123 1266 212 1299 stro
233 1257 408 1308 oscinis,
428 1259 526 1298 25ut
557 1258 601 1298 in
626 1266 774 1298 nostra
793 1257 1022 1312 disciplina
1052 1266 1131 1308 est,
1161 1271 1241 1298 nec
1269 1271 1324 1298 ex
1357 1257 1556 1313 tripudiis

124 1313 358 1365 solistimis,
379 1323 453 1355 aut
475 1315 650 1354 soniviis
683 1313 764 1354 tibi
793 1328 1006 1370 auguror:
1039 1314 1112 1354 sed
1146 1314 1285 1355 habeo
1306 1314 1388 1356 alia
1418 1315 1556 1370 signa,

120 1385 219 1426 quae
240 1371 489 1422 observem,
520 1385 616 1425 quae
639 1370 719 1411 etsi
742 1385 828 1411 non
865 1381 965 1412 sunt
994 1371 1178 1412 certiora
1211 1371 1308 1423 illis,
1331 1371 1473 1412 minus
1494 1381 1560 1412 ta-

123 1442 222 1470 men
243 1427 406 1470 habent
438 1427 506 1468 vel
531 1428 822 1479 obscuritatis,
855 1428 921 1468 vel
941 1429 1111 1469 erroris.
1175 1429 1394 1469 Notantur
1415 1438 1557 1470 autem

125 1484 231 1526 mihi
252 1485 306 1526 ad
327 1485 606 1526 divinandum
630 1486 753 1539 signa
774 1485 935 1541 duplici
965 1485 1148 1540 quadarn
1175 1486 1264 1527 via:
1297 1500 1478 1541 quarum
1500 1485 1560 1526 al-

127 1552 263 1584 teram
290 1541 403 1584 duco
433 1557 459 1582 a
488 1541 660 1583 Caesare
692 1542 814 1597 ipso;
845 1542 1020 1583 alteram
1053 1557 1075 1583 e
1105 1553 1346 1598 temporum
1368 1542 1558 1583 civilium
1573 1555 1605 1584 P·
1625 1545 1676 1574 84-

127 1608 281 1640 natura
301 1607 430 1654 atque
451 1599 632 1639 ratione.
693 1598 743 1639 In
760 1598 931 1640 Caesare
952 1599 1048 1640 haec
1071 1610 1193 1640 sunt:
1225 1600 1342 1640 mitis
1355 1600 1561 1641 clemens·
1571 1597 1601 1618 ³·

126 1669 212 1710 que
231 1664 397 1707 natura,
415 1655 551 1710 qualis
569 1655 826 1711 exprimitur
849 1656 1054 1711 praeclaro
1076 1655 1147 1697 illo
1171 1655 1280 1699 libro
1298 1655 1564 1712 Querelarum

131 1722 315 1753 tuarum.
393 1711 592 1762 Accedit,
640 1713 756 1768 quod
797 1713 978 1754 mirifice
1013 1713 1198 1769 ingeniis
1239 1714 1565 1764 excellentibus,

127 1769 255 1824 quale
276 1777 342 1810 est
363 1777 500 1819 tuum,
521 1769 772 1810 delectatur.
795 1781 1003 1825 praeterea
1032 1771 1147 1811 cedit
1181 1770 1413 1812 multorum
1434 1771 1566 1826 justis

129 1836 176 1867 et
196 1826 344 1869 officio
365 1826 568 1878 incensis,
586 1841 672 1867 non
705 1827 906 1868 inanibus
942 1837 1016 1868 aut
1047 1828 1304 1879 ambitiosis,
1333 1829 1566 1869 voluntati-

130 1883 228 1925 bus.
289 1883 341 1924 In
363 1899 450 1940 quo
472 1883 747 1924 vehementer
778 1899 876 1925 eum
909 1885 1182 1925 consentiens
1216 1883 1389 1926 Etruria
1419 1899 1568 1926 move-

131 1940 213 1982 bit.
274 1939 363 1983 Cur
383 1942 476 1982 haec
499 1941 632 1996 igitur
662 1941 803 1982 adhuc
832 1956 982 1997 parum
1008 1941 1308 1997 profecerunt?
1342 1943 1459 1989 Quia
1480 1956 1567 1983 non

131 2005 258 2054 putat
279 2012 322 2040 se
344 1998 552 2039 sustinere
569 2012 718 2039 causas
741 2013 866 2054 posse
888 1999 1136 2050 multorum,
1157 2001 1190 2040 si
1209 2000 1303 2049 tibi,
1321 2001 1390 2040 cui
1407 1999 1568 2054 justius

134 2054 306 2097 videtur
326 2055 451 2096 irasci
474 2069 614 2111 posse,
636 2055 912 2097 concesserit.
975 2056 1086 2103 Quae
1111 2066 1175 2096 est
1205 2055 1355 2112 igitur,
1387 2057 1570 2111 inquies,

137 2125 232 2166 spes
254 2113 309 2153 ab
328 2112 466 2153 irato?
499 2111 661 2153 Eodem
682 2112 801 2153 fonte
831 2127 875 2154 se
911 2113 1161 2154 hausturum
1195 2113 1398 2169 intelligit
1427 2114 1572 2154 laudes

136 2183 246 2219 suas,
267 2183 291 2209 e
311 2183 397 2224 quo
419 2169 475 2209 sit
495 2169 645 2209 leviter
665 2170 904 2226 adspersus.
966 2170 1190 2211 Postremo
1211 2170 1340 2213 homo
1360 2171 1484 2213 valde
1506 2179 1572 2211 est

137 2233 303 2275 acutus,
339 2235 384 2266 et
416 2225 598 2266 multum
633 2226 878 2282 providens.
918 2227 1136 2283 intelligit,
1171 2238 1226 2278 te,
1267 2227 1486 2268 hominem
1527 2228 1573 2268 in

139 2290 261 2337 parte
283 2281 421 2324 Italiae
445 2284 621 2323 minime
652 2284 968 2325 contemnenda
997 2283 1122 2325 facile
1144 2285 1337 2325 omnium
1359 2284 1574 2326 nobilissi-

139 2352 274 2390 mum,
296 2348 340 2379 et
362 2339 405 2379 in
427 2340 646 2380 communi
669 2340 889 2396 republica
910 2341 1046 2382 cuivis
1075 2356 1339 2382 summorum
1364 2352 1449 2383 tuae
1473 2352 1575 2382 aeta-

141 2395 213 2446 tis,
236 2395 302 2437 vel
323 2396 514 2451 ingenio,
537 2396 601 2437 vel
625 2398 779 2454 gratia,
800 2397 866 2440 vel
898 2397 1013 2440 fama
1032 2398 1182 2455 populi
1206 2398 1392 2440 Romani
1416 2412 1575 2454 parem,

142 2507 242 2539 modo.
264 2508 409 2549 Apparet
421 2509 652 2550 compendium
667 2511 837 2551 scripturae
880 2520 948 2541 non
962 2521 1021 2551 pro
1036 2511 1148 2541 volatu
1163 2512 1197 2541 in
1213 2521 1331 2550 genere
1346 2511 1407 2542 dici
1424 2514 1544 2551 potest.

141 2551 255 2582 turbas
267 2550 401 2582 dedisse.
428 2552 471 2583 cf.
496 2557 531 2582 et
554 2551 597 2582 ad
614 2562 666 2592 ep.
681 2562 768 2592 sequ.
782 2552 838 2582 sed
922 2555 963 2584 25
984 2558 1024 2584 ut
1041 2555 1077 2583 in
1092 2558 1203 2583 nostra
1227 2555 1397 2593 disciplina
1419 2553 1478 2591 est]
1500 2552 1577 2582 Pos-

143 2601 230 2632 saepe
239 2593 388 2634 exempla
400 2593 465 2628 alia
478 2594 512 2624 in
527 2604 614 2633 seqq.
630 2599 817 2625 occurrent.
881 2604 954 2626 sum
970 2595 1153 2635 intelligere
1169 2596 1208 2625 de
1229 2596 1399 2635 disciplina
1416 2593 1579 2634 augurali,

190 2636 232 2666 94
252 2635 341 2666 alitis
363 2636 525 2676 involatu]
564 2637 644 2667 Mss.
667 2638 773 2667 nostri
786 2646 841 2667 vo-
884 2646 957 2676 quae
971 2637 1012 2668 ad
1027 2638 1218 2669 Ciceronem
1232 2638 1430 2678 pertinebat:
1455 2635 1510 2666 sed
1523 2645 1580 2675 pu-

147 2676 232 2713 buu,
259 2682 298 2707 ut
319 2677 391 2709 edd.
418 2689 467 2718 pr.
492 2685 527 2710 et
547 2679 631 2710 mihi
642 2680 777 2710 verbum
791 2680 842 2708 in·
884 2684 921 2710 to
937 2680 1132 2711 Ciceronem
1145 2681 1308 2720 scripsisse
1317 2683 1439 2716 vestra,
1447 2688 1499 2709 sc.
1513 2678 1584 2710 Tu-

145 2719 273 2748 volatus
295 2726 482 2760 suspectum
500 2725 572 2754 est:
595 2730 674 2752 nam
692 2721 844 2762 nuspiam
886 2731 953 2762 sca,
968 2721 1008 2753 de
1021 2733 1086 2763 qua
1102 2732 1214 2763 supra.

147 2757 225 2790 alibi
239 2763 393 2800 occurrit,
409 2767 443 2793 et
456 2763 483 2793 si
498 2769 548 2794 est
559 2763 694 2795 verbum
705 2763 844 2800 bonum,

198 2813 219 2834 x
799 2810 879 2854 33
