1903 3218
364 84 447 124 AD
471 84 563 124 CN.
590 75 899 124 PLANCUM'
918 82 997 120 ΕΤ
1023 82 1307 120 CETEROS.
1461 88 1538 128 2⁴73

103 197 266 230 nerunt.
326 185 419 231 Nos
448 190 526 230 etsi
559 188 745 246 graviter
768 186 823 227 ab
847 186 912 226 his
935 185 1022 228 laesi
1046 200 1228 236 eramus,
1249 185 1364 241 quod
1387 198 1537 230 contra

103 255 298 288 nostram
335 246 595 288 voluntatem
637 244 689 285 ad
728 243 968 285 Antonium
1010 244 1166 284 ierant:
1203 254 1341 284 tamen
1381 256 1536 286 nostrae

103 299 386 345 humanitatis
408 314 452 344 et
474 301 796 344 necessitudinis
822 315 964 352 causa,
985 314 1132 340 eorum
1157 300 1304 340 salutis
1328 301 1536 342 rationem

101 355 347 402 habuimus.
409 360 502 402 Nec
534 370 672 400 tamen
702 372 848 399 eorum
871 371 1001 412 opera
1028 360 1210 398 utimur:
1245 370 1381 411 neque
1404 358 1444 398 in
1468 372 1536 398 ca-

104 417 202 457 stris
237 417 457 467 habemus,
490 430 628 470 neque
663 415 732 456 ulli
767 417 941 471 negotio
977 415 1262 470 praefecimus.
1323 414 1451 459 Quod
1483 415 1535 456 ad

104 471 261 514 bellum
299 474 381 515 hoc
413 474 581 522 attinet,
604 486 681 513 nec
715 473 895 522 senatui,
918 486 996 512 nec
1029 472 1275 528 reipublicae
1310 471 1534 512 deerimus.

106 528 216 575 Quae
243 542 389 587 postea
410 532 637 584 egerimus,
657 529 809 570 faciam
836 541 876 570 te
897 529 1137 570 certiorem.
1172 527 1261 569 Etsi
1287 529 1404 569 omni
1430 538 1535 569 tem-

100 598 207 640 pore
227 601 391 628 summa
413 587 554 628 studia
577 587 707 627 officii
735 595 883 627 mutuo
907 586 1016 627 inter
1039 601 1114 626 nos
1146 587 1340 627 certatim
1373 586 1535 626 consti-

100 651 257 694 terunt,
281 658 356 699 pro
389 654 535 684 nostra
568 643 677 684 iuter
714 658 789 684 nos
822 643 1125 693 familiaritate,
1153 654 1195 683 et
1229 642 1407 698 proinde
1438 642 1533 683 dili·

98 711 248 755 genter
277 702 332 740 ab
365 709 546 756 utroque
576 710 827 741 conservata
858 712 981 741 sunt:
1015 710 1155 740 tamen
1189 714 1272 741 non
1297 700 1464 749 dubito,
1489 700 1530 740 in

102 766 222 797 tanto
243 767 287 797 et
314 767 398 798 tam
434 758 656 813 repentino
688 756 934 812 reipublicae
968 768 1084 798 motu
1111 758 1212 812 quin
1246 757 1448 797 nonnulla
1479 757 1531 796 de

97 825 167 853 me
187 812 304 854 falsis
327 815 569 855 rumoribus
590 829 616 855 a
637 816 740 855 meis
767 814 1144 864 obtrectatoribus,
1168 828 1234 854 me
1265 814 1455 869 indigna,
1477 813 1530 854 ad

99 878 142 909 te
163 870 304 911 delata
324 871 423 922 sint,
445 886 542 926 quae
567 881 684 912 tuum
718 872 905 911 animum
943 885 1098 926 magno
1131 885 1258 926 opere
1291 879 1530 921 moverunt,

97 939 176 981 pro
201 939 274 968 tuo
295 942 440 969 amore
462 930 503 968 in
527 928 850 984 rempublicam.
912 926 975 968 Ea
1000 939 1039 968 te
1063 929 1278 969 moderate
1301 928 1530 983 accepisse,

95 996 234 1038 neque
266 994 423 1026 temere
453 985 710 1026 credendum
736 985 970 1040 judicasse,
994 1000 1018 1026 a
1046 985 1149 1025 meis
1183 985 1530 1041 procuratoribus

93 1041 254 1082 certior
275 1056 367 1083 sum
401 1041 565 1084 factus:
597 1057 693 1098 quae
725 1042 847 1093 milii,
870 1052 917 1082 ut
947 1043 1120 1091 debent,
1143 1042 1386 1097 gratissima
1417 1051 1531 1081 sunt.

94 1093 283 1139 Memini
304 1099 417 1140 enim
448 1111 493 1140 et
525 1099 593 1140 illa
625 1100 857 1155 superiora,
880 1114 976 1154 quae
997 1101 1074 1140 abs
1098 1110 1171 1140 tua
1194 1099 1411 1140 voluntate
1435 1113 1530 1154 pro-

93 1151 209 1195 fecta
242 1166 356 1206 sunt,
378 1156 430 1196 ad
464 1170 601 1197 meam
636 1157 889 1211 dignitatem
926 1156 1163 1212 augendam
1196 1165 1238 1196 et
1269 1155 1528 1197 ornandam:

92 1224 191 1265 quae
227 1223 436 1268 perpetuo
468 1213 613 1254 animo
647 1227 742 1253 meo
774 1213 913 1252 37f1xa
946 1213 1194 1253 manebunt.
1255 1212 1346 1253 Abs
1380 1222 1436 1263 te,
1470 1213 1529 1252 mi

95 1266 265 1319 Cicero,
289 1283 549 1325 magnopere
581 1280 696 1325 peto,
731 1270 762 1309 si
798 1284 936 1309 meam
970 1270 1099 1309 vitam
1133 1279 1175 1309 et
1213 1269 1399 1309 studium
1434 1269 1530 1309 dili-

91 1325 343 1379 gentissime
377 1326 667 1381 superioribus
707 1326 974 1381 temporibus
1010 1326 1050 1365 in
1090 1325 1310 1381 republica
1347 1325 1530 1365 admini-

91 1381 280 1432 stranda,
299 1396 397 1438 quae
432 1382 596 1437 Lepido
617 1383 752 1438 digna
773 1393 886 1433 sunt,
914 1393 1137 1439 perspecta
1161 1382 1305 1433 habes,
1327 1391 1375 1422 ut
1399 1383 1528 1438 paria,
1565 1409 1573 1417 ·

90 1447 164 1478 aut
187 1451 239 1479 eo
261 1438 471 1495 ampliora
491 1439 654 1495 reliquo
678 1451 871 1495 tempore
893 1449 1141 1496 exspectes:
1173 1449 1217 1480 et
1248 1439 1428 1495 proinde
1458 1449 1529 1480 tua

88 1496 347 1537 auctoritate
377 1510 446 1537 me
476 1497 681 1537 tuendum
714 1497 950 1546 existimes,
971 1511 1056 1552 quo
1091 1496 1168 1537 tibi
1202 1496 1323 1551 plura
1345 1506 1418 1537 tuo
1441 1511 1529 1537 me-

89 1551 173 1592 rito
203 1552 356 1594 debeo.
417 1552 537 1594 Vale.
600 1551 657 1594 D.
682 1566 736 1594 XI
772 1552 986 1595 Kalendas
1015 1552 1184 1604 Junias,
1205 1567 1259 1594 ex
1286 1554 1450 1605 castris,
1472 1567 1526 1594 ex

91 1605 234 1651 Ponte
254 1608 492 1665 Argenteo.

603 1688 1006 1726 ARGUMENTUM.

87 1749 238 1799 Recepti
254 1751 409 1788 Antonii
434 1763 580 1788 causam
607 1753 646 1788 in
670 1764 753 1804 suos
780 1753 915 1788 milites
942 1751 1095 1801 confert,
1114 1752 1367 1788 dissensionem
1394 1753 1526 1789 civium

651 1806 775 1852 inique
780 1804 956 1853 ferentes.

107 1869 373 1913 LEPIDUS
406 1869 540 1913 IMP.
564 1869 933 1976 ΙῖΙὸἘὲΙέΟΕΝΞ.
954 1870 1116 1969 {Ax
1140 1870 1185 1912 S.
1211 1869 1267 1912 D.
1291 1869 1504 1912 SENAT.

86 1984 141 2038 S.
165 1995 220 2039 V.
248 1995 458 2052 liberique
488 1996 617 2037 vestri
649 1996 703 2038 V.
727 1995 781 2038 B.
805 1994 856 2037 E.
881 1995 930 2037 E.
953 1996 1012 2042 Q.
1034 1994 1087 2036 V.
1150 1994 1268 2036 Deos
1305 1994 1523 2037 homines-

82 2067 168 2109 que
208 2062 355 2105 test0r‚
399 2062 539 2109 patres
577 2054 827 2110 conscripti,
864 2068 950 2109 qua
987 2063 1131 2094 mente
1167 2062 1211 2092 et
1248 2067 1333 2107 quo
1376 2053 1521 2094 animo

83 2124 251 2167 semper
286 2111 331 2152 in
370 2110 680 2166 rempublicam
713 2110 882 2161 fuerim,
916 2119 959 2151 et
993 2124 1122 2165 quam
1162 2108 1269 2150 nihil
1302 2109 1521 2165 antiquius

81 2167 304 2210 communi
337 2166 471 2208 salute
504 2182 553 2208 ac
588 2168 785 2209 libertate
813 2168 1074 2222 judicarim:
1107 2166 1223 2222 quod
1248 2167 1368 2207 vobis
1402 2168 1520 2208 brevi

81 2224 347 2281 probassem,
379 2224 461 2265 nisi
501 2224 607 2265 mihi
643 2224 818 2266 fortuna
856 2225 1076 2280 proprium
1114 2222 1342 2265 consilium
1374 2233 1520 2265 extor-

82 2282 222 2323 sisset.
283 2280 399 2322 Nam
432 2281 648 2322 exercitus
678 2291 860 2323 cunctus
890 2280 1243 2322 consuetudinem
1276 2294 1394 2322 suam
1425 2281 1520 2321 sein

80 2339 250 2380 civibus
289 2338 609 2389 conservandis,
646 2339 954 2394 communique
991 2352 1109 2394 pace,
1141 2337 1352 2379 seditione
1389 2336 1518 2388 facta,

80 2395 286 2437 retinuit:
319 2409 472 2450 meque
512 2405 642 2436 tantae
686 2396 973 2437 multitudinis
1015 2396 1176 2436 civium
1221 2395 1519 2435 Romanorum

78 2452 226 2494 salutis
246 2461 377 2506 atque
399 2451 707 2493 incolumitatis
728 2467 901 2494 causam
926 2453 1154 2508 suscipere,
1173 2460 1220 2493 ut
1243 2465 1341 2492 vere
1360 2451 1517 2502 dicam,

78 2509 241 2565 co'e'git.
301 2508 354 2550 In
386 2523 472 2564 qua
501 2523 546 2550 re
580 2523 662 2566 ego
695 2525 784 2560 vos,
819 2520 957 2566 patres
995 2509 1247 2566 conscripti,
1277 2522 1353 2549 oro
1389 2519 1518 2563 atque

79 2566 276 2621 obsecro,
303 2577 365 2618 ut,
400 2566 578 2622 privatis
613 2566 924 2609 offensionibus
958 2567 1141 2618 omissis,
1165 2579 1343 2608 summae
1375 2566 1520 2621 reipu-

123 2700 163 2732 37
175 2697 258 2739 fixa
278 2700 470 2741 manebunt]
504 2701 660 2734 Clausala
680 2701 780 2734 hexa-
823 2707 857 2733 et
871 2700 945 2734 edd.
959 2712 1009 2742 pr.
1022 2712 1081 2742 pro
1096 2711 1160 2741 quo
1176 2699 1293 2731 deinde
1307 2698 1431 2729 editum
1447 2708 1520 2729 con·

83 2742 182 2771 metri
205 2748 273 2770 non
293 2741 376 2773 bene
397 2742 509 2775 habet.
552 2744 614 2775 Sed
637 2745 684 2776 ita
705 2745 780 2776 libri
823 2745 1004 2775 servandis.
1022 2745 1146 2784 primus
1158 2744 1204 2773 sic
1218 2741 1318 2772 Aldus
1337 2742 1428 2771 1502.
1459 2741 1522 2772 Re·

87 2791 214 2813 omnes·
824 2788 938 2817 stituit
951 2793 1045 2817 vetus
1060 2784 1244 2816 victorius:
1262 2784 1318 2814 sed
1334 2792 1401 2815 non
1414 2792 1523 2814 exem-

128 2825 168 2856 33
190 2825 226 2854 in
240 2824 360 2856 civibus
381 2825 600 2868 observandis]
625 2828 679 2859 Sic
700 2827 781 2860 Mss.
826 2829 889 2869 plis
906 2829 1062 2858 firmavit.

149 2879 259 2909 VOL·
279 2879 358 2910 111.
378 2882 422 2910 P.
442 2882 475 2910 1.
790 2883 818 2911 Τ
