1817 3196
225 78 300 113 104
607 76 788 116 EPIST.
816 77 1002 116 LIBER
1027 79 1291 119 QUINTUS

222 178 432 234 epistolae,
455 193 607 234 meque
629 195 692 231 ea,
714 195 809 236 quae
834 182 911 222 tibi
937 183 1143 238 promitto
1166 198 1214 224 ac
1238 182 1411 238 recipio,
1436 182 1649 223 sanctissi-

224 249 292 275 me
313 250 402 276 esse
424 237 762 287 observaturum,
786 241 821 268 ³³¹
840 239 1250 295 diligentissimeque
1275 240 1502 280 facturum.
1537 239 1648 285 Quae

224 307 249 332 a
270 306 337 333 me
368 304 566 349 suscepta
596 294 787 334 defensio
818 305 896 345 est,
921 306 962 336 te
992 297 1182 347 absente,
1213 297 1436 351 dignitatis
1462 306 1572 337 tuae:
1606 296 1649 336 in

223 349 382 403 cajani
405 364 501 406 ego,
521 365 606 391 non
631 351 767 391 solum
790 352 991 393 amicitiae
1013 363 1183 403 nostrae,
1207 354 1277 393 sed
1301 354 1429 394 etiam
1453 361 1653 394 constan-

223 406 297 446 tiae
330 420 436 447 mea:
475 421 616 456 causa,
651 409 924 462 permanebo.
986 410 1277 455 Quamobrem
1312 412 1412 450 satis
1445 423 1535 450 esse
1568 408 1652 449 hoc

223 471 416 518 tempore
450 463 678 503 arbitratus
711 478 819 513 sum,
852 464 933 504 lioc
967 466 1017 505 ad
1052 475 1094 506 te
1128 467 1335 518 scribere;
1369 481 1450 516 me,
1484 466 1516 506 si
1547 465 1652 520 quid

222 519 316 574 ipse
345 519 642 574 intelligerem,
673 530 744 560 aut
779 521 831 561 ad
867 520 1146 572 voluntatem,
1169 532 1243 563 aut
1274 524 1323 564 ad
1359 522 1650 572 commodum,

223 586 297 616 aut
318 576 368 615 ad
392 576 719 631 amplitudinem
741 588 857 618 tuam
881 579 1104 633 pertinere,
1130 593 1222 619 mea
1244 590 1394 634 sponte
1416 580 1457 620 id
1480 593 1570 620 esse
1587 577 1650 619 fa-

222 642 416 673 cturum:
450 633 512 673 sin
533 642 674 674 autem
697 634 919 689 quippiam
942 645 1015 676 aut
1036 651 1061 676 a
1083 646 1123 676 te
1141 650 1275 676 essem
1298 636 1556 686 admonitus,
1575 642 1650 676 aut

221 704 246 729 a
269 689 365 739 tuis,
395 687 662 739 effecturum,
685 700 732 730 ut
763 691 1035 745 intelligeres,
1058 692 1165 733 nihil
1195 706 1332 747 neque
1355 703 1395 734 te
1417 694 1649 747 scripsisse,

220 759 358 800 neque
389 760 645 800 quemquam
671 756 839 787 tuorum
864 747 1018 789 frustra
1040 750 1090 790 ad
1122 763 1189 789 me
1210 749 1423 790 detulisse.
1485 750 1649 795 Quam-

219 802 368 842 obrem
402 802 526 842 velim
549 803 608 842 ita
638 813 680 842 et
703 804 792 858 ipsc
808 805 859 845 ad
879 819 946 845 me
969 807 1127 847 scribas
1150 806 1202 846 de
1223 807 1423 847 omnibus
1445 806 1648 858 minimis,

219 859 436 908 maximis,
460 859 832 915 mediocribusque
865 863 1004 912 rebus,
1028 873 1075 904 ut
1108 863 1160 904 ad
1193 862 1409 903 hominem
1443 863 1652 903 amicissi-

219 929 370 965 1num;
417 924 460 954 et
493 916 576 955 tuis
618 917 856 973 praecipiam,
891 928 938 958 ut
970 934 1113 975 opera,
1149 920 1343 970 consilio,
1379 919 1650 969 auctoritate,

221 972 360 1026 gratia
383 985 476 1011 mea
498 973 558 1012 sic
580 982 756 1014 utantur
788 975 827 1015 in
852 976 1050 1016 omnibus
1075 976 1270 1032 publicis,
1294 977 1484 1032 privatiS,
1508 975 1650 1016 foren-

221 1029 354 1079 sibus,
376 1028 637 1080 domesticis,
661 1031 760 1081 tuis,
783 1032 1033 1083 amicorum,
1053 1033 1286 1088 hospitum,
1310 1033 1530 1074 clientium
1554 1041 1651 1073 tuo·-

218 1099 312 1125 rum
346 1086 556 1140 negotii53
600 1096 661 1137 ut,
693 1088 832 1142 quoad
864 1089 956 1143 ejus
988 1089 1076 1130 fieri
1111 1091 1260 1145 possit,
1292 1090 1531 1146 praesentiae
1563 1097 1649 1130 tuae

219 1141 478 1184 desiderium
502 1158 597 1184 meo
620 1143 764 1187 labore
787 1145 1017 1187 minuatur.
1076 1147 1195 1187 Vale.

178 1240 206 1282 ς)
733 1235 1135 1273 ARGUMENTUM.

217 1296 262 1331 P.
288 1295 465 1338 Vatinius,
485 1309 526 1332 ex
545 1299 732 1334 consulatu
762 1299 902 1346 Illyrici
920 1304 1036 1334 rector
1064 1312 1086 1335 a
1113 1300 1251 1334 Caesare
1271 1301 1448 1336 dictatore
1479 1301 1651 1335 constitu-

268 1352 325 1383 tus
346 1348 508 1384 Ciceroni
538 1351 754 1396 dignitatem
778 1363 878 1386 suam
909 1356 1035 1386 contra
1062 1352 1252 1386 malevolos
1282 1351 1541 1401 daefendendam
1558 1363 1652 1388 com-

267 1401 424 1436 mendat.
480 1401 628 1450 Scripta
649 1402 786 1437 Coesare
806 1415 846 1437 ιν
868 1404 1010 1438 consule
1026 1405 1102 1438 sine
1120 1404 1269 1450 collega.

386 1466 679 1509 VATIMUS
705 1468 836 1509 IMP.
871 1468 1177 1510 CICERONI
1200 1470 1332 1520 SUO,
1357 1469 1400 1510 S.
1426 1469 1483 1510 D.

219 1520 272 1572 S.
299 1532 350 1573 V.
376 1534 426 1574 B.
452 1533 502 1574 E.
528 1534 577 1575 E.
603 1535 653 1575 V.
716 1536 758 1576 Si
786 1546 900 1576 tuam
938 1537 1290 1577 consuetudinem
1326 1537 1367 1577 in
1403 1537 1653 1592 patrociniis

218 1590 389 1630 tuendis
422 1605 576 1642 servas,
602 1592 650 1633 P.
685 1593 881 1633 Vatinius
905 1593 1035 1634 eliens
1066 1594 1254 1644 advenit,
1276 1594 1347 1650 qui
1382 1608 1458 1649 pro
1491 1608 1534 1634 se
1552 1608 1653 1635 cau-

220 1658 307 1686 sam
331 1647 464 1688 dicier
487 1649 590 1688 vult.
642 1650 757 1700 Non,
780 1659 900 1705 pute,
925 1650 1167 1706 repudiabis
1197 1651 1238 1691 in
1263 1651 1438 1700 honore,
1460 1665 1586 1706 quem
1611 1651 1654 1692 in

171 1704 408 1757 hperieulo
433 1706 645 1761 recepisti.
708 1706 802 1762 Ego
834 1717 991 1757 autem,
1014 1721 1140 1761 quem
1173 1708 1315 1763 potius
1337 1707 1555 1762 adoptem,
1578 1718 1653 1748 aut

219 1759 430 1811 invocem,
454 1777 579 1816 quam
605 1763 738 1813 illum,
761 1779 846 1819 quo
879 1764 1149 1814 defendente,
1173 1765 1342 1805 vincere
1364 1765 1523 1805 didici?
1581 1763 1651 1805 An

221 1831 377 1867 verear,
408 1833 474 1868 ne,
505 1821 577 1873 qui
602 1821 998 1875 potentissitiis'num
1033 1821 1255 1861 hominum
1289 1821 1652 1876 conspirationem

216 1874 455 1929 neglexerit
489 1891 566 1930 pro
598 1891 691 1917 mea
722 1877 870 1927 salute,
894 1878 942 1927 is,
974 1893 1050 1933 pro
1082 1878 1244 1918 honore
1267 1892 1376 1927 meo,
1402 1877 1651 1933 pusillorum

218 1945 268 1971 ac
303 1931 595 1973 malivolorum
632 1935 966 1975 obtrectationes
1000 1945 1042 1975 ct
1075 1934 1257 1975 invidias
1296 1950 1380 1975 non
1413 1943 1653 1990 prosternat

219 1996 347 2042 atque
370 1989 566 2031 obterat?
611 1992 769 2041 Quare,
793 1992 825 2031 si
847 2006 928 2042 me,
952 1992 1062 2032 sicut
1094 1992 1216 2041 soles,
1239 2007 1369 2042 amas,
1394 1992 1561 2047 suscipe
1584 2006 1652 2032 me

219 2055 356 2085 totum
379 2063 387 2086 :
421 2056 549 2101 atque
572 2047 668 2099 hoc,
691 2049 896 2103 quidquid
922 2059 986 2088 est
1007 2049 1147 2089 oneris
1167 2063 1215 2089 ac
1239 2048 1438 2098 muneris,
1464 2063 1538 2104 pro
1559 2063 1654 2089 mea

218 2101 431 2157 dignitate
468 2105 544 2144 tibi
578 2105 781 2145 tuendum
805 2120 853 2145 ac
878 2106 1172 2146 sustinendum
1204 2116 1321 2161 puta.
1384 2105 1490 2155 Scis,
1513 2119 1652 2146 meam

218 2157 450 2211 fortunam,
486 2162 630 2202 nescio
670 2162 902 2216 quomodo,
941 2162 1065 2203 facile
1101 2164 1410 2203 obtrectatores
1450 2162 1654 2213 invenire,

218 2229 305 2255 non
330 2231 424 2256 meo
444 2219 631 2270 quidem,
655 2218 930 2270 mehercules,
954 2219 1132 2260 merito:
1165 2220 1236 2260 sed
1265 2219 1413 2273 quanti
1445 2219 1487 2259 id
1511 2218 1653 2269 refert,

221 2271 255 2311 si
280 2283 419 2312 tamen
445 2274 533 2314 fato
566 2276 710 2316 neseio
741 2292 826 2330 quo
858 2277 1043 2317 accidit?
1075 2277 1120 2317 Si
1152 2276 1247 2330 quis
1272 2277 1382 2316 forte
1413 2275 1554 2326 fuerit,
1578 2276 1651 2329 qui

219 2339 379 2369 nostrae
403 2330 603 2385 dignitati
640 2333 788 2373 obesse
812 2333 927 2384 velit,
951 2342 1051 2389 peto
1083 2348 1108 2373 a
1130 2341 1185 2383 te,
1210 2343 1257 2373 ut
1286 2342 1400 2373 tuam
1425 2342 1652 2372 eonsuetu-

221 2386 363 2426 dincm
389 2397 432 2426 et
454 2389 754 2429 liberalitatem
776 2390 817 2430 in
841 2405 907 2430 me.
927 2392 1102 2431 absente
1124 2389 1392 2430 defendendo
1415 2388 1518 2428 mihi
1543 2403 1652 2444 prae-

221 2453 320 2483 stes.
384 2443 565 2485 Litteras
602 2447 653 2486 ad
688 2456 881 2487 senatum
915 2447 967 2488 de
1002 2448 1126 2488 rebus
1151 2446 1304 2487 nostris
1339 2445 1484 2500 gestis,
1506 2447 1546 2477 32
1565 2460 1650 2500 quo

259 2590 296 2617 31
322 2588 625 2629 diligentissimeque
637 2590 810 2630 essesart]
835 2591 917 2621 Esse
958 2594 1106 2631 tempore
1122 2591 1233 2621 literas
1249 2590 1288 2620 ad
1310 2595 1458 2620 senatum
1482 2593 1513 2619 et
1538 2589 1578 2619 ad
1601 2590 1654 2620 Ci-

218 2629 321 2659 delevi
348 2630 416 2659 sine
441 2632 656 2662 dubitatione.
681 2634 790 2663 abesse
813 2634 914 2672 reperi
959 2643 1110 2662 ceronem
1127 2633 1310 2671 scripserat,
1326 2631 1521 2670 illarumque
1543 2641 1650 2661 exem-

218 2676 252 2700 et
266 2671 306 2700 ab
322 2672 372 2701 ed.
389 2673 523 2703 Mediol.
569 2674 708 2713 Quidam
726 2675 798 2704 libri
815 2676 912 2704 onrit-
958 2674 1050 2713 plum
1079 2674 1245 2704 addiderat
1276 2674 1421 2713 epistolae
1451 2673 1491 2703 ad
1521 2674 1651 2703 Cicero-

219 2718 296 2742 mnt
308 2719 384 2743 ante
400 2716 656 2746 observaturum.
702 2717 763 2747 Sed
779 2717 911 2747 auribus
955 2726 1050 2753 11em;
1075 2717 1227 2746 miseram
1245 2716 1354 2745 locum
1373 2725 1438 2745 non
1462 2715 1559 2745 babet
1572 2726 1582 2746 z
1606 2713 1652 2744 le-

219 2755 299 2785 meis
315 2756 346 2785 in
363 2755 481 2786 ultimo
496 2758 604 2788 abesse
621 2759 722 2798 magis
739 2759 856 2798 placet.
954 2758 1160 2797 gendumque
1184 2759 1267 2788 mist.
1312 2757 1374 2787 Sed
1391 2757 1517 2787 videtur
1538 2756 1650 2797 paullo

260 2799 300 2828 32
322 2807 382 2838 quo
397 2802 538 2840 exemplo
554 2801 719 2841 miseram]
745 2802 775 2832 Si
800 2801 911 2833 eodeni
955 2805 1029 2841 post
1047 2800 1104 2832 has
1125 2800 1234 2831 literas
1256 2800 1429 2840 scripsisse.
1447 2809 1522 2831 mox
1539 2798 1653 2839 scripsi
