1903 3218
397 85 475 123 AD
500 84 557 122 M.
584 82 922 122 VARRONEM
947 82 1021 120 ΕΤ
1046 82 1328 121 CETEROS.
1497 89 1571 136 233}

159 184 368 245 Virginem
383 203 445 231 me
464 187 666 245 quondam
686 186 859 227 invitam
874 200 950 240 per
966 186 1048 227 vim
1068 185 1210 227 violat.
1271 186 1439 242 Jupiter
1460 188 1574 239 bone,

154 243 317 286 violat?
355 249 474 302 atqui
507 245 618 286 idem
651 242 889 299 significat:
923 242 994 283 sed
1026 242 1205 283 alterum
1235 257 1363 285 nemo
1394 244 1574 288 tulisset.

154 300 285 344 Vides
307 303 453 359 igitur,
474 316 570 344 curn
593 300 738 342 eadem
763 314 827 340 res
849 299 919 349 sit,
941 299 1042 354 quia
1065 299 1193 340 verba
1225 313 1310 340 non
1341 300 1440 350 sint,
1468 301 1575 342 nihil

155 358 287 400 videri
311 370 448 415 turpe.
495 357 623 414 Ergo
653 358 695 397 in
728 371 770 397 re
793 371 877 398 nou
899 366 987 397 est:
1021 356 1156 396 multo
1184 356 1324 398 minus
1355 356 1398 397 in
1422 357 1576 398 verbis.

154 413 198 455 Si
221 417 335 457 enim
357 415 470 472 quod
495 416 624 456 verbo
648 413 929 469 significatur,
957 413 1000 455 id
1029 422 1152 470 turpe
1173 427 1258 453 non
1281 422 1360 461 est,
1385 414 1577 464 verbum,

152 473 266 527 quod
290 473 519 529 significat,
542 482 665 527 turpe
686 485 776 512 esse
803 485 886 511 non
909 479 1064 526 potest.
1123 470 1267 511 Anum
1291 469 1479 526 appellas
1502 470 1578 510 ali-

151 542 234 570 eno
265 531 459 571 nomine:
492 544 568 570 cur
597 543 682 569 non
715 543 791 569 suo
819 529 990 584 potius?
1021 527 1065 568 Si
1099 536 1222 584 turpe
1248 537 1328 579 est,
1357 541 1410 568 ne
1438 527 1577 568 alieno

153 585 351 640 quidem:
373 586 407 626 si
430 601 514 627 non
535 596 613 637 est,
636 601 712 626 suo
736 587 893 641 potius.
925 584 1119 625 caudam
1141 585 1306 639 antiqui
1330 597 1482 640 penem
1505 599 1579 625 vo-

151 643 332 684 cabant:
363 657 417 684 ex
449 658 535 698 quo
566 652 630 684 est
661 653 835 698 propter
865 641 1187 682 similitudinem
1221 641 1458 697 penicillus.
1517 641 1578 682 At

150 697 278 739 hodie
302 701 419 755 penis
441 710 505 741 est
528 701 570 741 in
593 700 804 741 obscenis.
845 698 904 739 At
929 712 1026 739 vero
1052 697 1153 739 Piso
1175 697 1244 739 ille
1267 698 1398 755 Frugi
1423 699 1464 739 in
1487 698 1577 739 An·

150 755 317 797 nulibus
340 757 425 798 suis
447 757 653 813 queritur,
675 756 964 798 adolescentes
987 755 1084 811 peni
1108 755 1275 807 deditos
1297 770 1402 796 esse.
1446 755 1577 801 Quod

149 820 194 852 tu
219 813 260 853 in
283 814 464 869 epistola
485 814 673 871 appellas
695 828 772 855 suo
794 813 982 864 nomine,
1006 812 1074 853 ille
1099 812 1251 854 tectius
1276 827 1441 868 penem.
1492 812 1575 853 Sed

148 869 250 924 quia
285 871 423 920 multi,
456 871 618 912 factum
651 881 715 912 est
749 882 835 911 tam
867 870 1117 920 obscenum,
1149 884 1275 924 quam
1310 869 1351 910 id
1385 870 1576 919 verbum,

150 941 236 981 quo
268 938 311 968 tu
346 943 444 969 usus
474 942 533 969 es.
594 928 727 978 Quid,
757 927 870 983 quod
896 927 1025 983 vulgo
1052 927 1223 977 dicitur,
1245 929 1286 959 9⁶2
1301 926 1413 968 Cum
1436 941 1513 967 nos
1535 937 1577 967 te

151 983 363 1026 voluimus
385 985 628 1036 convenire,
651 1000 751 1026 num
772 985 1003 1025 obscenum
1026 987 1117 1025 est?
1140 983 1341 1034 Memini,
1364 985 1406 1024 in
1427 995 1574 1025 senatu
1591 999 1622 1029 b,

150 1040 355 1082 disertum
387 1042 651 1084 consularem
684 1043 744 1083 ita
774 1042 944 1098 eloqui:
976 1045 1016 1075 93
1036 1040 1160 1082 Hanc
1177 1039 1349 1096 pulpam
1371 1042 1578 1097 majorem,
1607 1061 1618 1091 χ

149 1112 205 1138 au
231 1098 345 1139 illam
372 1098 536 1141 dicam?
567 1099 710 1155 potuit
740 1099 995 1143 obscenius?
1027 1113 1127 1148 non,
1160 1098 1315 1152 inquis.
1347 1112 1432 1138 non
1462 1100 1577 1139 enim

150 1154 210 1195 ita
231 1157 377 1196 sensit.
439 1157 540 1198 Non
562 1171 665 1212 ergo
689 1157 731 1197 in
756 1157 886 1197 verbo
908 1165 984 1196 est.
1016 1155 1144 1196 docui
1172 1168 1314 1195 autem
1351 1155 1393 1195 in
1426 1169 1469 1195 re
1493 1170 1577 1196 non

148 1225 254 1252 esse.
286 1228 496 1268 nusquam
527 1213 659 1269 igitur
686 1222 765 1253 est.
827 1212 992 1253 Liberis
1015 1212 1116 1252 dare
1135 1226 1325 1266 operam,
1347 1227 1475 1266 quam
1501 1212 1580 1253 ho-

148 1279 268 1310 neste
289 1270 474 1313 dicitur?
504 1271 634 1311 etiam
658 1278 798 1326 patres
819 1278 975 1325 rogant
998 1267 1122 1309 filios.
1145 1268 1236 1323 ejus
1256 1282 1398 1324 operae
1422 1283 1578 1310 nomen

148 1336 247 1366 nom
266 1327 426 1367 audent
455 1327 609 1367 dicere.
672 1326 892 1367 Socratem
922 1325 1079 1367 fidibus
1110 1325 1257 1365 docuit
1288 1325 1579 1366 nobilissimus

138 1381 318 1434 fidicen.
366 1383 409 1423 Is
433 1382 610 1425 Connus
635 1383 846 1438 vocitatus
867 1392 946 1424 est.
978 1397 1080 1423 num
1104 1381 1146 1423 id
1169 1383 1404 1423 obscenum
1429 1394 1553 1439 putas
1565 1385 1587 1427 ἓ

148 1438 262 1480 Cum
283 1440 498 1495 loquimur
520 1441 646 1490 terni,
676 1440 781 1481 nihil
811 1439 966 1496 flagitii
997 1439 1196 1481 dicimus.
1227 1449 1272 1480 at
1300 1442 1452 1481 940um
1475 1441 1579 1490 bini,

147 1497 382 1538 obscenum
404 1507 483 1538 est.
545 1497 712 1539 Graecis
738 1497 928 1552 quidem,
959 1497 1141 1552 inquies,
1173 1496 1280 1537 nihil
1312 1508 1376 1537 est
1403 1512 1507 1553 ergo
1534 1498 1577 1538 in

147 1554 303 1606 verb03
333 1557 373 1588 95
386 1553 558 1610 quando
589 1565 633 1594 et
666 1568 749 1610 ego
780 1554 936 1596 Graece
967 1554 1071 1604 scio,
1103 1562 1147 1594 et
1180 1562 1323 1594 tamen
1356 1554 1434 1595 tibi
1466 1555 1579 1605 dico,

149 1610 266 1652 bini:
298 1611 427 1665 idque
449 1622 493 1652 tu
519 1610 639 1662 facis,
661 1612 781 1666 quasi
803 1626 885 1667 ego
904 1610 1074 1661 Graece,
1098 1625 1182 1651 non
1209 1611 1360 1652 Latine
1378 1611 1578 1653 dixerim.

150 1666 282 1718 Ruta,
311 1680 356 1709 et
385 1678 544 1719 menta,
575 1678 690 1709 recte
721 1678 964 1723 utrumque.
1027 1667 1137 1708 Volo
1160 1679 1348 1709 mentam
1381 1668 1577 1724 pusillam

147 1725 210 1766 ita
229 1724 457 1781 appellare,
486 1735 535 1765 ut
558 1725 763 1767 rutulam:
795 1740 882 1766 non
904 1725 1020 1766 licet.
1081 1724 1202 1765 Bella
1223 1725 1474 1767 tectoriola:
1505 1725 1576 1767 dic

145 1795 250 1836 ergo
271 1781 400 1823 etiam
422 1782 668 1838 pavimenta
689 1783 772 1824 isto
795 1782 939 1823 modo.
970 1795 1055 1822 non
1079 1791 1217 1837 potes.
1268 1782 1422 1822 Viden’
1445 1782 1579 1838 igitur

146 1838 253 1879 nihi]
272 1853 377 1890 esse,
400 1839 480 1880 uisi
501 1839 705 1895 ineptias:
730 1839 1041 1895 turpitudinem
1059 1852 1139 1880 nec
1161 1840 1202 1879 in
1222 1840 1351 1881 verbo
1370 1853 1477 1890 esse,
1499 1854 1579 1881 uec

146 1896 190 1937 in
213 1910 282 1938 re:
315 1897 460 1952 itaque
480 1911 690 1951 nusquam
713 1911 820 1937 esse.
882 1896 1024 1952 Igitur
1053 1896 1096 1936 in
1121 1896 1261 1937 verbis
1288 1896 1478 1937 honestis
1501 1897 1579 1938 ob-.-

148 1967 276 1994 scena
309 1954 523 2009 ponimus.
585 1953 702 1999 Quid
739 1955 883 1995 enirn?
916 1967 1000 1993 non
1040 1952 1267 1994 honestum
1303 1954 1478 1994 verbum
1515 1964 1581 1995 est

144 2010 382 2052 96divisi0?
405 2010 464 2050 At
486 2011 596 2051 inest
617 2012 869 2062 obscenum,
891 2014 929 2045 97
945 2010 1013 2052 cui
1037 2010 1269 2066 respondet
1288 2010 1579 2066 intercapedo.

144 2083 246 2109 num
271 2068 365 2110 haec
386 2082 490 2124 ergo
512 2068 699 2109 obscena
721 2071 846 2110 sunt?
879 2066 972 2108 Nos
995 2076 1138 2108 autem
1163 2067 1355 2109 ridicule.
1406 2067 1452 2109 Si
1473 2068 1582 2109 dici-

145 2139 252 2176 mus,
294 2125 363 2166 ille
405 2136 569 2181 patrem
613 2125 911 2182 strangulavit,
953 2124 1160 2165 honorem
1203 2139 1290 2165 non
1333 2124 1581 2180 praefamur.

185 2241 228 2272 92
257 2237 335 2268 Cum
352 2237 422 2277 nos]
447 2237 517 2267 scil.
539 2238 574 2268 in
593 2238 840 2278 pronunciando

141 2286 216 2311 erat
228 2291 350 2311 cunnos
360 2293 369 2309 .·
384 2281 459 2319 quia
470 2280 517 2310 sic
534 2280 644 2318 fiebat,
659 2290 734 2312 cum
750 2281 841 2311 litte-

142 2332 213 2354 ram
228 2332 261 2353 m
274 2322 472 2362 sequebatur
485 2332 520 2352 n.

185 2367 226 2398 93
241 2364 345 2396 Hanc
359 2365 489 2403 culpam
504 2364 676 2406 majorem,
692 2375 736 2395 an
749 2366 843 2395 illam

141 2407 265 2447 dicam]
284 2407 445 2438 Nesciunt
457 2407 516 2436 viri
528 2407 631 2444 docti,
646 2408 701 2437 ubi
714 2407 769 2437 hic
779 2407 838 2437 ali-

142 2450 220 2489 quid
241 2450 372 2480 obsceni
395 2458 463 2479 esse
486 2451 598 2490 possit.
644 2449 838 2487 politianus,

143 2495 183 2521 ut
198 2495 294 2523 notat
307 2492 481 2527 Gruterus,
504 2492 538 2522 in
559 2491 631 2522 cod.
653 2501 715 2522 scr.
732 2491 840 2531 legere

143 2533 250 2564 voluit
258 2535 399 2574 pulpam
409 2545 423 2571 ,·
446 2534 483 2564 in
496 2544 560 2572 quo
575 2533 698 2573 aliquid
709 2534 840 2564 obsceni

144 2584 212 2606 esse
226 2576 341 2616 possit,
360 2576 438 2615 quia
451 2581 485 2605 et
507 2576 661 2606 Donatus
675 2578 709 2606 in
720 2578 840 2616 pulpa—

145 2621 304 2654 mentum,
325 2628 378 2658 ap.
397 2617 591 2650 Terentium
608 2618 695 2649 Eun.
720 2618 786 2655 111,
811 2621 840 2655 l,

143 2659 196 2689 36.
218 2660 353 2691 notarit.
375 2659 554 2690 Enimvero
569 2662 615 2691 sic
630 2661 727 2700 plane
742 2661 842 2691 habet

144 2699 438 2772 edgtnmdtaque
449 2702 482 2733 id
493 2702 588 2734 edere
602 2712 669 2734 non
680 2703 836 2734 dubitavi.

143 2752 173 2772 v.
230 2753 281 2774 av.

185 2787 227 2818 94
248 2795 322 2816 cum
343 2787 419 2822 bini,
443 2787 611 2818 olm-enum
625 2787 686 2826 est]
711 2786 840 2827 Nempe

146 2826 222 2865 quia
236 2827 349 2858 Graece
364 2831 436 2865 βιηῖ
448 2834 497 2859 est
514 2830 700 2860 obscenum.

925 2240 966 2271 95
989 2247 1091 2277 quum
1113 2244 1144 2267 et
1165 2247 1224 2276 ego
1251 2238 1311 2269 Gr.
1333 2238 1410 2278 scio]
1436 2237 1582 2277 nebel-et

883 2289 952 2310 esse
965 2280 1068 2310 sciam
1081 2291 1090 2308 .·
1111 2279 1166 2310 sed
1181 2280 1246 2310 Ms.
1261 2289 1353 2311 meus
1363 2279 1462 2311 habet
1476 2290 1581 2320 quan-

885 2322 936 2359 do,
952 2327 986 2352 et
1001 2321 1073 2353 edd.
1090 2321 1187 2352 Rom.
1204 2325 1297 2356 1471.
1313 2322 1404 2353 Med.
1420 2322 1453 2353 id
1468 2333 1581 2354 verum

885 2372 947 2396 θεῖ·
1510 2376 1513 2379 '

923 2407 965 2441 96
981 2405 1108 2446 divisio]
1126 2405 1180 2436 Sic
1190 2416 1265 2436 cum
1278 2406 1408 2436 Graevio
1420 2405 1581 2441 edidimus

882 2458 940 2488 pro
957 2448 1090 2488 vulgato
1105 2448 1236 2480 divisor.
1271 2449 1411 2478 Variant
1426 2449 1460 2478 in
1475 2447 1527 2476 his
1542 2446 1581 2477 li-

882 2491 930 2521 bri
945 2500 1007 2521 scr.
1021 2496 1056 2521 et
1069 2490 1140 2522 edd.
1163 2490 1197 2521 in
1211 2490 1277 2521 Ms.
1300 2500 1374 2520 meo
1390 2494 1440 2520 est
1455 2489 1581 2525 divisio,

883 2533 939 2564 sed
960 2543 978 2563 e
1001 2534 1216 2564 correctione.
1239 2539 1273 2563 at
1296 2532 1394 2562 habet
1417 2531 1466 2561 ed.
1490 2530 1580 2561 Med.

883 2586 958 2606 cum
973 2574 1046 2606 aliis
1064 2584 1150 2614 seqq.
1173 2575 1293 2606 divisor
1310 2574 1454 2614 reposuit
1468 2572 1582 2602 Victo-

884 2618 963 2655 rius,
980 2627 1077 2656 quem
1090 2618 1188 2656 vulgo
1202 2616 1306 2647 secuti
1320 2620 1410 2645 sunt.
1433 2615 1581 2649 obsceni·

883 2665 935 2690 tas
948 2664 998 2690 est
1013 2660 1048 2690 in
1061 2660 1151 2690 visio.
1513 2689 1518 2692 ,
1560 2672 1562 2675 v

923 2705 962 2737 97
989 2703 1043 2732 cui
1066 2700 1233 2741 respondet
1255 2697 1474 2738 intercapedo]
1502 2698 1522 2735 i,
1550 2708 1579 2728 e.

882 2745 936 2775 cui
959 2744 1074 2774 similis
1098 2749 1160 2773 est.
1186 2742 1310 2771 seilicet
1336 2741 1484 2774 clausula
1498 2741 1582 2780 pedo

883 2791 934 2817 est
949 2786 995 2817 rei
1011 2786 1160 2815 obscenae
1178 2792 1311 2820 nomen,
1327 2782 1415 2822 quod
1430 2781 1516 2817 idem
1532 2789 1582 2813 est

885 2837 962 2859 eum
975 2828 1065 2858 visio.

823 2877 901 2922 534
