1865 3223
580 117 1027 158 ADTlRo-NEM.
1434 122 1512 162 417

93 221 420 280 Corcyraeorum
450 222 502 264 ad
534 221 767 278 Cassiopen
799 221 934 263 stadia
959 232 1056 261 cxx
1088 220 1383 275 processimus.
1445 220 1514 262 Ibi

91 281 244 321 retenti
269 281 404 321 ventis
426 293 569 321 sumus
593 293 723 334 usquc
744 293 782 319 a.
805 279 847 319 d.
873 292 925 319 lx.
951 276 1178 318 Kalendas.
1237 276 1417 327 Interea,
1439 278 1512 332 qui

93 337 249 391 cupide
284 336 464 392 profecti
497 346 608 387 sunt,
647 334 768 376 multi
806 334 1033 390 naufragia
1063 332 1270 374 feceruut.
1333 334 1424 375 Nos
1462 348 1513 374 eo

88 392 160 433 die
189 394 327 434 cenati
360 392 574 434 solvimus.
636 391 742 432 Inde
771 402 913 432 austro
945 390 1175 440 lenissimo,
1208 390 1313 431 caelo
1350 405 1513 441 sereno,

90 458 218 490 nocte
240 449 309 491 illa
331 458 374 490 et
394 450 461 490 die
484 458 653 504 postero
677 449 719 489 in
752 447 921 489 Italiam
943 447 994 488 ad
1018 446 1290 501 Hydruntem
1316 446 1514 487 ludibun-

87 505 134 547 di
168 507 464 561 pervenimus:
496 505 730 560 eodemque
753 516 880 546 vento
914 504 1118 560 postridie
1149 503 1258 554 l2(id
1288 513 1378 543 erat
1410 518 1448 543 a.
1471 503 1511 543 d.

87 573 159 602 vu
197 562 374 604 Kalend.
402 561 649 610 Decembr.)
683 562 785 602 hora
806 572 957 618 quarta
989 559 1262 601 Brundisium
1295 559 1512 600 venimus:

85 619 325 674 eodemque
363 628 553 674 tempore
591 618 717 659 simul
756 619 979 659 nobiscum
1021 617 1064 658 in
1103 617 1308 672 oppidum
1350 616 1514 656 introiit

86 671 312 716 Terentia:
344 690 439 730 quae
466 685 505 716 te
534 674 637 716 facit
668 674 853 730 plurimi.
875 690 913 715 a.
936 674 978 714 d.
1003 688 1027 713 v
1055 672 1151 714 Kal.
1178 672 1405 714 Decembr.
1429 687 1512 713 scr-

90 745 166 772 vus
201 730 282 773 Cn.
307 731 469 774 Plancii
508 731 722 773 Brundisii
758 732 927 772 taudem
950 729 1178 785 aliquando
1202 730 1304 771 mihi
1329 746 1355 770 a
1378 740 1418 770 te
1438 743 1513 770 ex·

87 789 419 842 spectatissimas
442 789 600 829 litteras
632 788 829 839 reddidit,
851 788 970 829 datas
994 787 1133 828 idibus
1159 786 1392 827 Novembr.
1416 800 1510 840 quae

86 857 156 885 me
194 845 386 886 molestia
422 845 541 886 valde
578 845 797 887 levarunt:
830 845 994 886 utinam
1028 844 1203 884 omnino
1235 843 1511 884 liberassent!

84 901 168 941 Sed
207 912 346 942 tamen
379 901 563 958 Asclapo
603 902 790 942 medicus
831 901 952 957 plane
986 900 1227 950 confirmat,
1265 901 1512 956 propediem

88 967 130 998 te
165 958 371 998 valentem
407 958 510 999 fore.
573 958 700 999 Nunc
729 958 830 1013 quid
865 972 946 1014 ego
982 968 1022 998 te
1055 957 1232 998 horter?
1263 967 1310 997 ut
1342 971 1512 997 omnem

83 1014 351 1069 diligentiam
383 1015 584 1056 adhibeas
617 1015 669 1056 ad
702 1014 1100 1056 convalescendum.
1159 1012 1295 1055 Tuam
1330 1014 1512 1069 pruden-

85 1071 204 1121 tiam,
227 1072 566 1128 temperantiam,
589 1086 774 1112 amorem
810 1085 913 1127 erga
944 1085 1011 1112 me
1038 1070 1155 1111 novi.
1179 1071 1268 1112 scio
1300 1080 1340 1111 te
1368 1071 1512 1111 omnia

83 1126 312 1179 facturum,
337 1137 381 1169 ut
414 1129 637 1169 nobiscum
659 1143 786 1183 quam
821 1129 1006 1184 primum
1041 1128 1110 1168 sis.
1173 1127 1256 1167 Sed
1289 1137 1428 1168 tamen
1453 1128 1512 1167 ita

84 1184 227 1236 velim,
257 1195 304 1225 ut
333 1199 384 1225 ne
416 1186 518 1240 quid
555 1199 768 1241 properes.
828 1184 1140 1240 Symphoniam
1178 1184 1359 1239 Lysonis
1385 1183 1510 1224 velim

83 1241 260 1282 vitasses
279 1258 288 1283 ε
319 1256 373 1282 ne
396 1242 436 1281 in
459 1252 652 1297 quartam
674 1241 944 1282 hebdomada
973 1241 1198 1282 incideres.
1257 1240 1355 1291 Sed,
1376 1254 1508 1295 quum

82 1298 236 1354 pudori
274 1308 346 1338 tuo
383 1299 565 1339 maluisti
599 1298 793 1352 obsequi,
816 1312 943 1353 quarn
967 1297 1206 1348 valitudini,
1243 1297 1403 1352 reliqua
1434 1311 1510 1337 cu-

82 1368 141 1395 ra.
206 1358 240 1386 ¹3
255 1354 386 1396 Curio
419 1356 529 1406 misi,
553 1363 599 1396 ut
631 1355 799 1396 medico
830 1355 964 1396 honos
994 1354 1236 1405 haberetur,
1259 1364 1301 1394 et
1333 1354 1410 1394 tibi
1433 1353 1507 1394 da-

80 1420 160 1462 ret,
181 1412 295 1466 quod
317 1426 424 1465 opus
446 1423 574 1453 esset:
605 1426 689 1462 me,
708 1412 776 1453 cui
793 1411 1004 1466 jussisset,
1027 1420 1288 1452 curaturum.
1335 1409 1506 1465 Equum

75 1476 126 1508 et
147 1467 306 1509 mulum
332 1468 547 1509 Brundisii
570 1469 648 1509 tibi
674 1468 838 1523 reliqui.
882 1468 1050 1519 Romae,
1073 1481 1232 1518 vereor,
1256 1481 1308 1508 ne
1330 1481 1384 1508 ex
1409 1466 1505 1507 Kal.

79 1523 180 1566 Jan.
200 1526 345 1581 magni
370 1525 574 1566 tumultus
598 1525 696 1566 sint.
729 1525 821 1566 Nos
843 1539 1019 1581 agemus
1042 1525 1187 1565 omnia
1209 1524 1391 1565 modice.
1424 1523 1511 1564 Re-

81 1580 246 1636 liquum
278 1590 356 1631 est,
379 1592 427 1622 ut
457 1591 497 1623 te
529 1582 612 1623 hoc
645 1596 793 1637 rogem
822 1590 865 1622 et
886 1597 910 1622 a
933 1592 974 1622 te
1000 1591 1159 1637 petam,
1183 1595 1234 1621 ne
1257 1590 1414 1622 temere
1436 1595 1510 1621 na-

80 1638 213 1694 viges.
274 1639 422 1680 Solent
444 1649 584 1680 nautae
607 1639 806 1680 festinare
827 1648 1017 1694 quaestus
1048 1638 1112 1678 sui
1140 1652 1281 1679 causa.
1343 1637 1506 1678 Cautus

79 1695 151 1744 sis,
173 1695 231 1736 mi
255 1695 371 1737 Tiro.
424 1695 548 1737 Mare
568 1709 772 1751 magnum
795 1707 838 1736 et
860 1695 1035 1737 difficile
1057 1695 1136 1736 tibi
1159 1704 1304 1736 restat.
1361 1695 1406 1735 Si
1431 1709 1504 1750 po-
1518 1722 1548 1752 p.
1565 1713 1636 1746 960.

80 1752 195 1802 teris,
217 1767 315 1794 cum
338 1752 568 1794 Mescinio.
590 1763 714 1793 caute
736 1753 770 1792 is
799 1751 906 1793 solet
934 1752 1150 1807 navigare.
1174 1752 1205 1791 si
1230 1751 1385 1801 minus,
1406 1766 1503 1792 cum
1518 1765 1548 1785 a.

76 1806 260 1850 honesto
293 1809 436 1864 aliquo
470 1809 656 1860 homine,
679 1809 801 1863 cujus
830 1810 1087 1850 auctoritate
1110 1808 1392 1849 navicularius
1414 1823 1505 1848 mo-

76 1875 238 1907 veatur.
299 1865 348 1907 In
388 1866 470 1908 hoc
505 1881 673 1907 omnem
706 1865 975 1922 diligentiam
1015 1865 1047 1906 si
1087 1865 1347 1915 adhibueris,
1381 1875 1507 1920 teque

75 1923 201 1963 nobis
231 1922 488 1964 incolumem
522 1923 785 1979 praestiteris,
809 1923 956 1964 omnia
987 1937 1011 1963 a
1043 1931 1084 1962 te
1118 1923 1301 1963 habebo.
1365 1921 1506 1962 Etiam

75 1987 205 2034 atque
242 1980 386 2031 etiarn,
424 1989 568 2021 noster
604 1979 721 2031 Tiro,
755 1979 861 2021 vale.
922 1978 1115 2029 Medico,
1155 1979 1303 2029 Curio,
1345 1978 1504 2034 Lysoni

76 2037 129 2078 de
151 2046 192 2077 te
213 2037 362 2093 scripsi
387 2037 727 2093 diligentissime.
787 2035 907 2087 Vale,
927 2036 1054 2077 salve.

588 2125 991 2163 ARGUMENTUM.
1327 2093 1331 2095 Δ
1523 2132 1573 2168 10

78 2188 245 2226 Tironem
271 2190 323 2226 ad
347 2201 385 2226 se
410 2190 530 2224 venire
557 2190 668 2236 cupit,
695 2189 757 2224 sed
790 2190 887 2224 viam
915 2190 1030 2230 timet,
1058 2199 1103 2223 ne
1128 2188 1330 2224 valetudini
1364 2190 1504 2224 noceat.

383 2240 473 2287 Ejus
491 2252 637 2288 operam
656 2242 694 2277 in
711 2241 842 2276 studiis
860 2241 988 2276 laudat
1008 2244 1043 2276 et
1061 2241 1185 2287 erigit.

434 2306 500 2348 M.
522 2306 572 2348 T.
598 2307 649 2348 C.
683 2305 905 2348 TIRONI
938 2306 983 2348 S.
1008 2306 1058 2347 P.
1085 2305 1142 2347 D.

75 2363 216 2417 EGO
238 2390 339 2416 vero
360 2376 488 2431 cupio
511 2385 552 2415 te
572 2375 625 2415 ad
648 2388 715 2415 me
738 2374 902 2415 venire:
935 2373 1008 2414 sed
1033 2373 1149 2414 viam
1173 2373 1318 2414 timeo.
1340 2372 1502 2428 gravis-

36 2478 39 2480 ,
71 2432 177 2473 sime
199 2433 444 2488 aegrotasti:
478 2431 632 2483 inedia,
654 2441 696 2471 et
717 2430 1061 2486 purgationibus,
1083 2439 1126 2471 et
1142 2431 1182 2470 vi
1206 2431 1338 2485 ipsius
1363 2428 1500 2469 morbi

69 2499 320 2530 consumtus
353 2503 412 2530 es.
473 2489 636 2530 Graves
668 2488 806 2528 solent
835 2487 1092 2529 offensiones
1112 2501 1204 2528 esse
1222 2499 1276 2527 ex
1297 2486 1499 2541 gravibus

70 2546 248 2598 morbis,
272 2548 309 2577 14
322 2546 356 2586 si
389 2561 475 2601 qua
505 2545 632 2601 culpa
659 2544 889 2586 commissa
908 2553 986 2586 est.
1044 2544 1144 2587 Jam
1166 2543 1219 2585 ad
1242 2542 1283 2584 id
1309 2542 1500 2592 biduum,

112 2688 151 2716 12
171 2685 208 2715 id
226 2689 300 2716 erat
319 2695 351 2716 α.
367 2686 397 2716 d.
412 2694 472 2716 vu.
490 2685 534 2717 K.
552 2683 650 2723 Dea]
666 2684 764 2715 Vide·
804 2685 890 2717 misi.
905 2694 936 2715 v.
953 2683 1046 2715 Clav-

67 2735 124 2765 ιω·
145 2727 260 2758 Cicero
280 2727 461 2768 scripsisse:
484 2729 512 2758 is
527 2738 571 2758 sc.
589 2727 668 2763 dies,
682 2731 765 2757 erat.
852 2730 890 2758 14
910 2728 938 2758 si
960 2736 1026 2767 qua
1047 2736 1075 2757 c.
1091 2736 1119 2756 e.
1143 2722 1202 2764 eet]
1227 2724 1281 2755 Sic
1301 2723 1365 2754 Gu.
1379 2724 1410 2755 2.
1426 2721 1497 2754 ed&

65 2770 114 2802 sic
127 2774 161 2800 et
176 2769 253 2799 alibi
275 2776 335 2800 est.
380 2770 515 2801 Catilin.
532 2770 558 2807 1,
575 2772 606 2800 3.
621 2772 677 2808 qui
696 2769 764 2799 dies
805 2777 854 2809 pr.
870 2779 936 2799 non
950 2778 1030 2808 quoe.
1045 2774 1221 2805 utrumque
1234 2766 1296 2796 dici
1306 2770 1428 2806 potest:
1444 2765 1500 2796 sed

65 2813 197 2845 futurus
211 2816 295 2841 esset
311 2821 339 2841 a.
355 2811 386 2841 d.
408 2813 454 2843 12.
472 2812 547 2843 Kal.
564 2811 648 2841 Nov.
806 2810 935 2841 videtur
955 2819 1022 2840 esse
1042 2809 1077 2840 h.
1101 2809 1125 2839 1.
1147 2807 1329 2839 ablativus:
1355 2812 1395 2838 ut
1413 2816 1504 2838 eom·

112 2856 149 2884 13
183 2852 280 2884 Curio
309 2854 394 2890 misi,
422 2854 474 2893 ut]
516 2854 684 2893 Exquisite
712 2853 765 2884 bic
807 2854 907 2885 missa
916 2852 1082 2886 referatur
1095 2850 1373 2883 adoffemsionem.

127 2909 233 2937 VOL.
257 2909 334 2938 111.
357 2909 398 2939 P.
423 2910 457 2937 Ι.
763 2907 791 2935 Ε
810 2909 834 2934 e
