1860 3228
252 111 323 150 172
611 107 787 146 EPIST.
815 106 998 145 LIBER
1024 108 1317 146 SEPTIMUS

178 219 234 255 24
759 196 1166 250 ARGUMENTUMJ

244 274 407 323 Exponit
425 286 532 322 quam
551 273 682 321 injuste
696 276 765 312 sibi
787 276 961 323 Tigellius
987 277 1176 312 irascatur.
1233 276 1371 312 Coesare
1396 279 1568 323 quartum
1592 287 1676 312 con-

788 328 865 364 sule
881 329 958 363 sine
976 328 1126 374 collega.

482 393 717 436 CICERO
749 394 791 435 S.
816 394 871 435 D.
906 394 973 435 M.
999 393 1187 436 FABIO
1220 393 1442 436 GALLO.

243 450 500 504 AMORIS
536 463 707 517 quidem
746 462 822 511 tui,
851 465 1074 516 8Tquoquo
1110 476 1178 502 me
1213 462 1334 512 verti,
1368 460 1576 517 vestigia:
1610 459 1673 502 vel

244 519 440 574 proxime
477 519 530 560 de
567 518 765 575 Tigellio.
827 518 947 559 Sensi
984 519 1097 558 enim
1136 533 1191 558 ex
1230 518 1382 559 litteris
1422 518 1520 569 tuis,
1557 517 1676 558 valde

245 586 285 615 te
318 574 547 616 laborasse.
604 574 719 615 Amo
751 575 883 630 igitur
907 574 1186 615 voluntatem.
1247 574 1328 615 Sed
1364 590 1499 630 pauca
1531 575 1584 616 de
1618 583 1675 616 te.

243 635 282 663 88
298 632 459 687 Capius
490 632 682 688 (opinor)
709 632 827 681 olim,
849 646 928 672 non
958 631 1141 672 omnibus
1169 629 1350 671 dormio:
1381 632 1442 673 sic
1472 646 1555 687 ego
1587 646 1673 672 non

242 689 458 739 omnibus,
495 690 552 731 mi
598 689 736 738 Galle,
775 689 928 728 servio.
965 688 1045 729 etsi
1083 703 1180 743 quae
1222 697 1287 728 est
1330 687 1423 730 haec
1460 689 1674 731 servitus?

244 745 376 795 Olim,
399 760 496 786 cum
520 760 696 801 regnare
721 744 1090 796 existimabamur‚
1113 759 1198 786 non
1225 754 1310 784 tam
1333 745 1386 784 ab
1415 745 1523 796 ullis,
1545 760 1674 801 quam

239 803 325 843 hoc
358 812 550 857 tempore
580 803 784 843 observor
814 816 838 841 a
870 800 1209 842 familiarissimis
1243 799 1426 842 Caesaris
1457 803 1674 853 omnibus,

243 869 398 915 praeter
432 859 574 899 istum.
637 858 686 899 ld
721 872 803 914 ego
836 859 880 898 in
916 859 1043 900 lucris
1080 873 1194 914 pono
1217 871 1302 898 non
1326 856 1434 898 ferre
1455 857 1674 901 hominem

243 915 579 971 pestilentiorem
613 916 749 970 patria
779 930 882 956 sua:
914 929 1097 970 eumque
1118 918 1158 949 89
1171 914 1390 956 addictum
1413 914 1552 970 90jam
1582 924 1674 958 tum

243 982 346 1027 puto
368 986 458 1012 esse
493 972 613 1013 Calvi
652 972 806 1012 Licinii
843 972 1152 1028 Hipponacteo
1184 971 1418 1027 praeconio.
1478 970 1539 1012 At
1562 971 1673 1023 vide,

239 1029 342 1084 quid
376 1038 638 1069 succenseat.
700 1028 903 1069 Phameae
935 1043 1107 1069 causam
1143 1042 1400 1083 receperam,
1425 1027 1556 1083 ipsius
1578 1028 1675 1084 qui-

238 1088 335 1127 dem
358 1100 500 1127 causa.
523 1097 612 1126 erat
634 1087 748 1126 enim
770 1086 876 1126 mihi
901 1100 1000 1126 sane
1026 1084 1260 1126 familiaris.
1310 1083 1352 1125 Is
1374 1085 1425 1125 ad
1449 1099 1518 1126 me
1541 1085 1672 1136 venit,

239 1143 451 1198 dixitque,
479 1142 674 1198 judicem
711 1142 792 1183 sibi
829 1157 1003 1199 operam
1037 1142 1136 1183 dare
1169 1141 1458 1192 constituisse,
1494 1157 1545 1184 eo
1579 1142 1673 1198 ipso

107 1218 139 1248 p.
159 1201 322 1250 107.die‚
344 1215 432 1255 quo
467 1201 519 1240 de
555 1199 604 1240 P.
628 1199 780 1240 Sextio
814 1200 854 1241 in
890 1199 1115 1240 consilium
1151 1199 1201 1239 iri
1229 1212 1400 1240 necesse
1420 1208 1526 1240 erat.
1587 1198 1674 1240 Re-

197 1257 409 1313 aspondi,
437 1257 553 1297 nullo
590 1256 719 1297 modo
741 1271 809 1297 me
845 1255 984 1297 facere
1019 1270 1156 1312 posse,
1178 1270 1310 1310 quum
1336 1254 1510 1298 vellem:
1542 1255 1674 1298 alium

237 1315 350 1356 diem
375 1314 408 1354 si
433 1314 666 1363 sumsisset,
689 1328 757 1354 me
790 1314 828 1354 ei
863 1328 949 1354 non
982 1313 1245 1354 defuturum.
1307 1312 1383 1353 Ille
1419 1324 1577 1363 autem,
1599 1312 1672 1368 qui

236 1372 379 1422 sciret,
399 1385 449 1418 se
485 1380 684 1426 nepotem
719 1370 931 1411 9¹bellum
967 1370 1189 1411 tibicinem
1219 1369 1390 1419 habere,
1422 1379 1464 1409 et
1498 1379 1563 1410 sat
1598 1370 1673 1410 bo-

235 1443 338 1469 num
374 1438 612 1479 unc-torem,
634 1427 830 1467 discessit
862 1442 887 1467 a
919 1441 1002 1478 me,
1037 1436 1084 1468 ut
1117 1426 1221 1467 mihi
1246 1426 1485 1475 videbatur,
1508 1426 1670 1467 iratior.

237 1485 386 1526 Habes
425 1485 580 1525 Sardos
615 1484 812 1534 venales;
844 1484 972 1524 alium
1010 1484 1093 1524 alio
1131 1483 1394 1538 nequiorem.
1457 1482 1671 1538 Cognosti

235 1557 374 1583 meam
406 1555 594 1591 causam,
617 1550 659 1581 et
698 1540 820 1581 istius
859 1540 1079 1581 Salaconis
1108 1540 1396 1597 iniquitatem.
1457 1539 1671 1580 Catonem

235 1610 356 1640 tuum
379 1598 484 1639 mihi
509 1598 648 1638 mitte.
670 1598 800 1653 cupio
822 1599 936 1638 enim
961 1597 1114 1654 legere.
1139 1612 1206 1638 me
1227 1596 1368 1638 adhuc
1394 1611 1481 1642 non
1503 1595 1672 1652 legisse,

233 1667 358 1713 turpe
381 1656 552 1711 utrique
573 1653 767 1695 nostrfim
791 1663 869 1695 est.

166 1759 219 1794 25
748 1743 896 1780 ARGU
902 1744 943 1780 M
950 1742 1152 1780 ENTUM.

232 1810 440 1858 Epistolam
468 1809 678 1844 conscissam
707 1819 779 1842 non
805 1818 877 1842 esse
904 1808 1073 1842 nuntiat:
1101 1810 1136 1841 et
1164 1808 1333 1846 monitus,
1361 1817 1404 1840 ne
1431 1806 1610 1840 incautius
1628 1805 1672 1841 de

286 1862 424 1897 Caesare
439 1861 623 1908 loquatur,
641 1861 784 1907 gratias
802 1860 905 1906 agit:
926 1863 959 1894 et
975 1862 1013 1894 ut
1029 1861 1162 1906 pergat
1174 1859 1298 1894 stilum
1313 1868 1474 1894 exercere
1488 1857 1669 1894 hortatur.

283 1913 421 1950 Eodem
440 1925 546 1949 anuo.

468 1978 703 2021 CICERO
736 1978 779 2019 S.
805 1977 861 2018 D.
894 1976 962 2018 M.
988 1975 1176 2019 FABIO
1208 1974 1430 2018 GALLO.

236 2036 426 2098 QUOD
459 2052 684 2109 epistolam
720 2052 980 2093 conscissam
1009 2049 1142 2101 doles,
1165 2049 1250 2090 noli
1274 2049 1480 2090 laborare.
1501 2047 1671 2089 92salva

231 2121 310 2160 est,
349 2110 478 2151 domo
521 2119 639 2165 petes
681 2123 780 2151 cum
815 2108 983 2149 libebit.
1044 2107 1173 2154 Quod
1213 2115 1356 2147 autem
1398 2120 1465 2147 me
1505 2119 1668 2156 mones,

233 2167 353 2208 valde
387 2177 558 2224 gratum
593 2177 687 2208 est:
720 2165 849 2221 idque
883 2174 930 2206 ut
956 2179 1123 2220 semper
1145 2163 1292 2215 facias,
1315 2177 1438 2219 rogo.
1497 2162 1669 2204 Videris

273 2333 311 2363 87
335 2339 456 2369 quoquo
483 2339 533 2359 me
562 2328 658 2367 verti]
691 2327 780 2358 Alias
808 2328 841 2356 in
867 2326 927 2357 hac
971 2325 1112 2366 projam
1128 2334 1226 2356 nunc.

232 2372 336 2402 forma
349 2376 399 2402 est
413 2375 519 2401 verto:
545 2378 579 2401 et
594 2371 638 2401 sic
655 2370 818 2410 scripsisse
834 2369 926 2400 Cice·
1011 2371 1047 2402 91
1075 2369 1193 2399 bellum
1215 2366 1392 2406 tibicinem]
1417 2375 1460 2397 sc.
1474 2365 1666 2405 Tigellium.

231 2423 341 2444 ronem
359 2413 465 2444 credo.
512 2413 549 2442 Ei
567 2412 754 2453 respondet:
776 2421 850 2442 amo
864 2411 928 2449 igi·
969 2413 1135 2441 unt-torem
1157 2413 1344 2450 suspectum
1368 2412 1437 2438 est:
1462 2417 1528 2438 non
1552 2416 1669 2438 conve-

229 2461 286 2486 cur
299 2457 513 2486 voluntatem.
971 2453 1021 2482 nit
1041 2451 1185 2492 Tigellio
1208 2452 1358 2487 musico;
1382 2451 1407 2480 si
1432 2450 1573 2480 maxime
1589 2449 1668 2480 velis

272 2501 311 2529 88
340 2497 470 2538 Capias]
497 2497 558 2537 Ap.
581 2496 713 2527 Festum
739 2496 771 2526 in
797 2495 875 2526 Non
897 2505 925 2526 o.
971 2495 1012 2525 ad
1048 2499 1199 2533 tempora
1234 2492 1401 2522 servitutis
1438 2492 1568 2522 referre.
1606 2500 1666 2522 nec

229 2541 352 2570 dormio
367 2544 415 2571 est
444 2539 562 2580 Cipius.
605 2538 732 2578 Optimi
756 2537 858 2568 Codd.
875 2537 928 2568 hic
970 2537 1142 2576 quisquam
1155 2536 1240 2566 alius
1253 2534 1286 2564 id
1300 2533 1446 2564 tradidit.
1491 2534 1668 2573 conjectu-

231 2582 352 2612 habent
386 2582 490 2613 Cicius
514 2580 564 2611 vel
599 2580 713 2611 Citius.
759 2579 854 2610 Unde
880 2579 926 2610 le·
971 2589 1040 2609 ram
1063 2578 1236 2608 doctorum
1258 2576 1402 2606 virorum
1426 2579 1592 2606 cantorem
1616 2585 1668 2605 ve-

230 2624 371 2663 gendum
390 2629 469 2664 puto
489 2623 610 2655 Catius.
970 2631 1039 2651 ram
1056 2625 1156 2660 puto:
1177 2628 1315 2658 quorum
1331 2618 1502 2648 verborum
1518 2617 1668 2648 confusio

272 2669 312 2701 89
335 2667 411 2697 add.
423 2665 597 2707 proecom'o]
623 2674 653 2695 v.
671 2663 761 2695 Clav.
780 2663 812 2692 in
835 2663 929 2693 addi·
971 2663 1005 2692 in
1019 2662 1108 2692 libris
1123 2662 1226 2693 facilis
1240 2660 1315 2691 fuit.

228 2713 308 2738 ctus.
1011 2707 1052 2739 92
1074 2705 1169 2735 salva
1192 2707 1251 2739 est,
1280 2703 1372 2734 domo
1393 2706 1482 2742 petes
1509 2700 1584 2740 &c.]
1613 2701 1668 2732 Sic

270 2754 312 2783 90
325 2750 404 2791 jam
430 2754 501 2780 tum
518 2748 614 2789 puto]
639 2748 717 2779 Non
745 2748 784 2778 ad
809 2753 926 2787 praete-
969 2746 1128 2781 Graevius,
1145 2750 1183 2776 ut
1197 2745 1283 2776 vict.
1299 2755 1316 2775 e
1332 2745 1395 2776 Ms.
1413 2744 1436 2774 F
1439 2744 1498 2774 lor.
1514 2743 1562 2773 ita
1583 2752 1642 2773 suo
1654 2753 1666 2776 ε

228 2793 330 2822 ritum
354 2797 462 2831 potest
479 2792 539 2822 hoc
563 2791 687 2827 referri,
703 2790 758 2821 sed
781 2790 821 2820 ad
844 2799 926 2829 prae-
970 2789 1062 2819 bene.
1107 2788 1159 2818 Sic
1174 2792 1208 2818 et
1224 2787 1288 2818 Gu.
1308 2790 1334 2818 1.
1379 2786 1487 2826 Vulgo
1503 2787 1598 2815 salva
1618 2788 1665 2816 est

229 2844 312 2865 sens.
328 2833 414 2864 unde
437 2834 612 2875 legendum
635 2838 716 2874 puto
729 2831 810 2873 jam
831 2832 924 2869 dum,
968 2831 1067 2867 domi,
1085 2840 1120 2870 p.
