1860 3228
536 41 716 80 COELII
743 41 822 78 AD
848 40 1226 79 CICERONEM.
1521 48 1592 85 191

159 148 246 199 nia,
282 146 462 189 8⁰nobis
495 146 703 202 patronis,
737 156 835 195 900
875 157 937 185 EA
973 157 1196 186 recum».
1238 157 1602 198 PERVEmSSET,

164 205 304 247 8¹reci
339 218 407 245 ere
460 203 607 243 voluit.
657 200 774 257 quod
826 199 977 252 Pilius,
1027 200 1293 245 necessarius
1336 201 1474 243 Attici
1526 219 1604 245 no-

165 263 256 314 stri,
297 219 350 303 <fe
389 257 636 316 repetundis
676 271 775 299 eum
817 248 1075 314 postulavit:
1131 272 1290 313 magna
1331 258 1447 300 illico
1489 259 1606 302 fama

168 319 372 369 surrexit,
409 326 454 358 et
491 317 543 358 de
574 314 851 356 damnatione
885 315 1099 356 ferventer
1132 315 1252 369 loqui
1289 324 1355 355 est
1393 326 1605 372 coeptum.

170 377 272 423 Quo
305 385 435 416 vento
472 371 699 429 projicitur
732 370 902 428 Appius
933 372 1092 423 minor,
1121 374 1160 404 82
1179 382 1226 412 ut
1259 371 1436 423 indicet,
1478 385 1741 428 pecu-p.11:.

171 433 288 474 niam
308 447 362 474 ex
386 432 509 472 bonis
535 429 664 485 patris
684 430 928 486 pervenisse
944 429 996 470 ad
1019 428 1264 479 Servilium,
1288 430 1652 484 p1·aevaricatio-³¹·

174 489 327 545 nisque
347 502 474 530 causa
496 487 657 527 diceret
678 490 718 517 83
731 486 977 543 depositum
1004 487 1098 528 HS.
1133 499 1309 527 Lxxxx.
1369 486 1611 528 Admiraris

173 546 421 588 amentiam.
451 544 585 584 immo
618 545 651 584 si
685 544 875 584 actiones
907 543 1197 594 stultissimas,
1221 545 1260 574 8⁴
1274 543 1406 597 quid?
1439 545 1471 584 si
1497 544 1615 584 nefa-

175 604 258 644 rias
289 602 421 658 patris
452 600 744 641 confessiones
775 601 993 644 audisses?
1028 600 1174 641 Mittit
1204 601 1247 641 in
1270 601 1497 642 consilium
1521 616 1616 642 eos-

174 660 272 701 dem
308 658 416 708 illos,
437 658 512 713 qui
547 657 642 699 lites
681 657 960 710 aestimarant,
987 658 1174 714 judices,
1236 656 1347 698 Cum
1385 673 1511 714 aequo
1537 673 1618 699 nu-

173 729 292 757 mero
327 715 552 756 sentcntiae
591 715 788 766 fuissent,
828 715 1083 765 Laterensis,
1116 714 1232 771 leges
1267 715 1485 771 ignorans,
1518 731 1618 772 pro-

176 773 408 823 nuntiavit,
431 773 594 827 ss⁵quod
630 773 787 828 singuli
822 773 993 814 ordines
1023 771 1320 827 judicassent:
1353 772 1447 813 86et
1468 773 1519 814 ad
1543 787 1621 814 ex-

179 841 378 881 tremum,
411 838 458 870 ut
492 830 645 879 solent,
679 845 763 870 non
797 830 1003 885 redigam.
1069 829 1303 884 Postquam
1339 829 1549 881 discessit,
1578 839 1622 871 et

177 901 257 944 pro
287 887 485 928 absoluto
522 887 726 928 Servilius
758 886 904 928 haberi
939 896 1129 943 coeptus,
1152 890 1189 919 87
1205 886 1398 942 legisque
1426 901 1556 928 unum
1578 897 1624 929 et

179 944 464 986 centesimum
501 954 633 1000 caput
670 944 791 1000 legit,
826 944 869 985 in
905 959 992 999 quo
1030 945 1089 985 ita
1123 953 1237 985 erat:
1273 957 1408 995 ouon
1447 958 1622 987 EORUM

182 1014 408 1044 sumcmu
445 1014 613 1043 MAJOR
650 1015 770 1043 PARS
810 1014 1097 1052 JUDICARIT,
1133 1014 1184 1042 11)
1225 1015 1309 1044 Jus
1346 1014 1623 1054 RATUMQUE

187 1071 339 1100 EsTo:
372 1059 416 1099 in
449 1058 615 1099 tabulas
646 1058 892 1100 absolutum
922 1074 1008 1100 non
1040 1057 1201 1110 retulit,
1232 1059 1431 1099 ordinum
1456 1059 1628 1114 judicia.

185 1116 448 1172 perscripsit.
474 1116 716 1171 postulante
738 1130 881 1157 rursus
902 1115 1065 1172 Appio,
1087 1118 1126 1146 88
1140 1129 1240 1156 cum
1264 1115 1312 1156 L.
1329 1114 1467 1157 Lollio
1490 1125 1628 1157 trans-

184 1173 290 1228 egit,
337 1182 379 1212 et
417 1187 461 1213 se
499 1172 729 1213 relaturum
772 1173 899 1214 dixit.
960 1173 1033 1213 Sic
1064 1186 1180 1213 nunc
1216 1186 1354 1227 neque
1392 1173 1630 1225 absolutus,

185 1243 326 1284 neque
356 1230 583 1270 damnatus
616 1229 835 1280 Servilius,
857 1230 911 1270 de
940 1229 1189 1284 repetundis
1217 1230 1385 1269 saucius
1409 1229 1521 1271 Pilio
1546 1241 1631 1272 tra-

187 1286 328 1327 detur.
389 1285 503 1327 Nam
526 1286 579 1326 de
601 1286 869 1327 divinatione
889 1285 1076 1341 Appius,
1099 1288 1247 1326 89cum
1272 1286 1529 1327 calumniam
1556 1287 1632 1342 ju-

188 1351 337 1393 rasset,
368 1343 628 1384 contendere
657 1357 785 1383 ausus
817 1357 905 1384 non
934 1353 1014 1394 est,
1047 1341 1246 1398 Pilioque
1276 1343 1434 1385 cessit:
1467 1355 1510 1385 et
1540 1345 1634 1400 ipse

186 1399 240 1440 de
275 1399 468 1455 pecuniis
501 1400 749 1456 repetundis
784 1415 810 1441 a
839 1400 1030 1441 Serviliis
1063 1408 1129 1440 est
1161 1399 1416 1455 postulatus,
1449 1411 1494 1442 et
1523 1416 1635 1457 prae-

189 1465 304 1498 terea
325 1457 378 1498 de
401 1457 442 1499 vi
473 1471 570 1498 reus
592 1472 618 1498 a
637 1457 827 1513 quodam
857 1457 1078 1499 emissario
1110 1471 1202 1509 su0,
1224 1455 1358 1509 Titio,
1381 1457 1522 1499 factus
1553 1469 1634 1501 est.

188 1608 258 1639 lare
273 1613 324 1638 est
345 1609 448 1639 etiam
469 1619 531 1649 pro
553 1608 651 1640 Rosc.
665 1610 706 1639 Α.
723 1609 819 1640 Com.
839 1611 889 1643 17.

192 1651 256 1681 Sed
271 1651 341 1690 quis
357 1656 406 1681 est
424 1651 486 1681 iste
501 1652 690 1687 Pausanias,
705 1653 759 1690 qui
777 1657 891 1692 postu-

977 1611 1017 1639 84
1030 1609 1111 1649 quid
1121 1608 1163 1649 si]
1181 1609 1261 1649 quid
1273 1609 1359 1640 forte
1373 1609 1550 1641 delendum
1563 1616 1614 1644 est
1627 1625 1633 1643 ε

933 1650 989 1681 sed
1014 1652 1124 1691 potuit
1147 1652 1271 1682 variare
1297 1652 1438 1683 formam
1464 1655 1635 1686 orationis.

189 1693 240 1723 lat
255 1693 342 1732 apud
364 1698 540 1732 praetorem
564 1694 599 1724 in
620 1693 682 1724 tali
704 1704 815 1732 causa,
831 1694 891 1724 ho·
927 1695 1040 1732 patris
1053 1693 1261 1733 confessiones
1275 1699 1354 1724 sunt
1376 1695 1416 1725 de
1432 1700 1544 1734 patre,
1564 1702 1604 1727 ut
1618 1709 1637 1728 e

196 1744 252 1764 mo
268 1736 416 1774 graecus?

238 1779 279 1807 80
300 1777 389 1807 nobis
401 1776 568 1817 patronis]
594 1776 680 1816 Quid
705 1778 738 1808 id
759 1777 823 1807 hoe
845 1777 893 1807 lo-

196 1819 262 1849 co?
287 1821 321 1849 et
343 1819 376 1849 id
403 1824 481 1850 ante
496 1820 568 1858 jam
591 1819 730 1858 dietum,
753 1821 780 1850 si
802 1821 894 1850 Grae-

197 1861 294 1892 viana
308 1862 540 1902 interpretatio
556 1871 633 1893 vera
645 1867 707 1894 est.

241 1905 277 1934 81
302 1904 444 1943 recipere
477 1903 592 1944 voluit]
629 1904 893 1935 postulationem

197 1945 357 1986 intelligit
380 1946 539 1977 Graevius.
583 1947 647 1978 Sed
672 1948 720 1978 ita
741 1947 894 1987 nuspiam

199 1988 370 2027 quisquam
385 1988 480 2019 dixit.
517 1989 576 2019 Rei
593 1989 811 2029 recipiuntur,
827 1999 895 2019 uon

198 2030 440 2071 postulationes
462 2031 618 2062 forenses.
664 2033 784 2063 Sensus
810 2031 896 2062 forte

200 2078 264 2110 est,
279 2082 353 2102 cum
371 2077 540 2113 peteretur
555 2083 574 2103 a
592 2075 730 2105 Servilio
744 2075 898 2114 pecunia,

202 2123 277 2154 quae
295 2115 336 2145 ad
357 2125 434 2145 eum
450 2116 574 2146 venisse
596 2116 761 2147 diceretur
783 2116 824 2147 ab
845 2126 898 2154 e0,

202 2157 258 2195 qui
289 2156 329 2186 de
363 2158 551 2197 repetundis
582 2159 757 2189 damnatus
788 2164 898 2196 esset;

204 2208 300 2229 reum
315 2198 459 2238 recipere
474 2200 595 2232 noluit.
640 2201 830 2232 Damnatus
844 2200 900 2231 ille

203 2239 335 2271 videtur
348 2241 447 2271 fuisse
460 2241 558 2281 Appii
570 2247 675 2283 pater.

249 2285 290 2314 82
318 2287 356 2313 ue
387 2283 544 2324 implicet]
578 2285 670 2315 Bene
702 2284 849 2315 Graevius
881 2294 900 2315 e

201 2323 332 2357 ,duobus
347 2324 438 2355 libris
452 2336 536 2356 corr.
550 2326 681 2358 indicet.

250 2369 290 2397 83
313 2367 489 2406 depositum
504 2368 580 2399 HS.
596 2368 733 2408 Lxxxl.]
752 2367 903 2399 Delenda

207 2409 339 2440 videtur
346 2410 468 2447 unitas,
477 2415 516 2440 ut
528 2410 596 2441 siut
606 2412 778 2451 octoginta
786 2416 904 2441 sester-

207 2451 269 2492 tia.
315 2451 487 2483 Manutius
515 2453 655 2493 putabat
679 2461 844 2486 eceman.
870 2460 905 2485 et

205 2493 354 2533 profecto
367 2493 427 2526 ina
439 2504 571 2526 summa
582 2495 754 2535 octoginta
770 2495 837 2526 HS.
851 2500 904 2526 est

210 2535 308 2566 nimis
331 2546 439 2576 parva.
457 2541 533 2567 tum
554 2538 675 2568 diceret
696 2548 764 2568 non
786 2547 905 2570 conve-

208 2577 262 2616 vnit
277 2580 318 2619 τᾷ
340 2578 471 2616 indicet,
488 2579 586 2611 debet
605 2589 675 2610 esse
696 2580 798 2612 dicat.
843 2580 907 2611 Sed

212 2628 274 2658 ego
295 2620 393 2661 plane
418 2621 596 2653 delendum
622 2628 718 2663 puto,
740 2627 775 2653 et
796 2632 864 2653 esse
886 2633 908 2654 a

214 2660 406 2700 glossatore.
421 2664 599 2704 depositum
614 2665 790 2706 pecuniam
808 2665 909 2696 intel·-

212 2702 279 2743 lige
306 2705 395 2744 apud
417 2711 631 2746 sequestrem,
652 2712 693 2737 ut
717 2708 844 2738 factum
873 2709 909 2738 in

214 2747 479 2828 cqzzziprtionibus
500 2749 634 2783 talibus.
649 2759 680 2794 v,
695 2749 787 2783 Clav.
804 2750 840 2783 in
860 2760 908 2782 ce·

935 1735 1001 1765 Ms.
1016 1745 1076 1765 suo
1091 1736 1240 1766 Graevius
1259 1736 1373 1767 edidit.
1418 1737 1509 1767 Idem
1525 1749 1565 1768 ex
1579 1749 1637 1769 eo-

935 1778 1010 1808 dem
1025 1778 1140 1815 edidit,
1152 1779 1180 1808 si
1195 1778 1370 1816 actionem,
1384 1780 1412 1809 si
1426 1780 1638 1812 stultissimas·

935 1820 975 1849 de
987 1830 1021 1850 se
1036 1821 1096 1851 ἃς.
1140 1820 1202 1850 Sed
1225 1822 1309 1851 (telio
1324 1831 1397 1860 quae
1418 1822 1638 1862 intelligenda

937 1863 994 1899 sit,
1008 1871 1074 1893 non
1085 1862 1176 1894 dicit.
1190 1872 1250 1892 nec
1261 1863 1347 1893 actio
1361 1863 1414 1893 hic
1427 1863 1524 1904 Appii
1535 1866 1636 1896 imel-

936 1903 995 1944 ligi
1023 1910 1132 1945 potest
1144 1916 1154 1935 z
1178 1915 1217 1935 ea
1242 1904 1307 1935 fuit
1329 1905 1512 1938 Pausaniae.
1535 1909 1637 1938 actio-

936 1956 1012 1977 nem
1027 1952 1076 1978 est
1092 1954 1126 1977 et
1140 1948 1174 1977 in
1190 1947 1253 1977 Gu.
1269 1952 1304 1977 et
1318 1948 1357 1977 de
1372 1950 1495 1987 patris.
1537 1950 1637 1981 Vide-

939 1994 994 2020 tur
1010 1990 1048 2020 de
1063 1998 1131 2020 esse
1146 1999 1165 2020 a
1179 1989 1370 2028 glossatore.

982 2034 1021 2062 85
1036 2032 1120 2072 quod
1132 2032 1256 2070 singuli
1270 2042 1298 2062 0.
1304 2030 1353 2072 j.]
1372 2031 1521 2063 Graevius
1535 2034 1639 2066 tacite

941 2073 1043 2104 edidit
1057 2074 1136 2113 quid
1147 2084 1173 2104 s.
1186 2084 1213 2103 o.
1226 2078 1266 2103 ut
1280 2080 1330 2104 est
1345 2074 1379 2103 in
1395 2074 1460 2104 Gu.
1477 2075 1575 2106 male.
1587 2086 1640 2108 est

941 2126 980 2145 ex
993 2116 1137 2147 formula
1152 2115 1246 2155 legis,
1259 2121 1297 2146 ut
1313 2125 1407 2146 mox:
1429 2118 1514 2156 quod
1525 2127 1639 2151 eorum

932 2156 1092 2198 judicum
1121 2159 1182 2188 διο.
1210 2167 1261 2188 res
1287 2158 1418 2189 videtur
1444 2159 1521 2190 talis
1549 2170 1639 2192 esse:

943 2199 1084 2231 duorum
1098 2200 1252 2230 ordinum
1267 2201 1442 2230 sententiae
1460 2204 1641 2242 separatim

943 2247 1124 2273 numeratae
1137 2242 1345 2273 absolverant
1354 2245 1513 2282 Appium,
1523 2245 1557 2275 in
1572 2249 1641 2276 ter·

942 2285 991 2314 tio
1016 2286 1122 2325 major
1148 2293 1305 2315 numerus
1327 2285 1477 2325 judicum
1504 2286 1643 2318 damna-

943 2332 1006 2356 rat.
1019 2327 1130 2367 itaque
1147 2330 1269 2368 praetor
1283 2327 1474 2359 absolutum
1493 2338 1643 2369 pronun·

944 2369 1054 2400 ciavit.

987 2411 1029 2442 86
1049 2415 1082 2442 ee
1095 2411 1142 2442 ad
1153 2415 1338 2443 extremum
1354 2412 1430 2453 &c.]
1457 2412 1531 2443 Hoc
1542 2411 1644 2443 intel·

946 2452 1007 2494 ligi
1022 2463 1089 2484 non
1104 2458 1224 2494 potest.

989 2498 1029 2530 87
1053 2497 1209 2537 legisque]
1224 2495 1364 2528 Videtur
1379 2505 1440 2536 que
1454 2493 1644 2527 delendum.

990 2541 1030 2570 88
1052 2549 1128 2569 eum
1144 2539 1188 2570 L.
1200 2539 1307 2570 Lollio
1321 2537 1498 2577 transegit]
1518 2537 1647 2578 Appius

947 2580 1152 2621 postulabat,
1178 2588 1218 2612 ut
1241 2580 1430 2611 absolutum
1454 2579 1590 2610 referret
1610 2581 1648 2611 iu

948 2622 1090 2653 tabulas.
1113 2623 1177 2655 Sed
1191 2622 1354 2663 quomodo
1368 2621 1493 2661 Appius
1509 2621 1572 2652 hoc
1587 2632 1649 2663 po·-

952 2665 1112 2697 stulavit?
1137 2666 1267 2698 Lollius
1280 2669 1439 2706 patronus
1453 2663 1582 2696 Servilii
1597 2664 1652 2696 fu·

951 2707 1014 2738 isse
1030 2708 1170 2740 videtur.

951 2753 1036 2826 Flssi9
1062 2760 1138 2784 cum
1164 2750 1370 2783 calumniam
1390 2747 1555 2791 jurasset]
1585 2749 1650 2783 int.

980 2802 989 2825 ι
1017 2801 1067 2825 us.
