1817 3196
477 126 479 129 ι
531 75 617 113 Ao
654 70 1038 112 LENTULUM.
1448 78 1497 113 si

73 181 298 237 potuisses,
319 193 373 220 ne
404 176 496 231 ejus
529 177 705 228 ordinis,
742 189 867 231 quem
905 188 1072 230 semper
1104 174 1280 225 ornasti,
1311 189 1399 215 rem
1428 185 1502 218 aut

73 239 335 280 voluntatem
354 234 606 290 offenderes.
667 233 878 289 Equidem
900 245 986 272 non
1005 230 1195 271 desinam
1215 233 1255 260 84
1271 241 1343 271 tua
1360 232 1505 273 decre-

75 304 120 336 ta
156 293 406 336 defendere:
462 291 533 332 sed
584 291 698 332 nosti
738 288 1092 332 consuetudinem
1127 287 1365 328 hominum.
1407 289 1504 342 scis,

73 366 202 406 quam
225 350 412 406 graviter
434 348 598 390 inimici
616 348 750 402 85ipsi
779 346 837 387 illi
863 346 920 391 Q.
944 344 1152 386 Scaevolae
1172 343 1347 385 fuerint.
1405 343 1505 385 Tibi

75 417 218 448 tamen
239 420 330 448 sum
354 414 517 456 auctor,
536 414 598 455 ut,
621 404 653 444 si
673 404 830 459 quibus
856 403 981 443 rebus
1001 401 1151 457 possis,
1170 415 1267 441 eum
1289 401 1369 441 tibi
1393 401 1506 441 ordi-

74 478 171 506 nem
194 475 268 505 aut
290 462 551 512 reconcilies,
570 471 644 502 aut
665 461 853 516 mitiges.
894 458 943 500 Id
963 458 1043 499 etsi
1066 457 1240 500 difficile
1262 468 1341 509 est,
1363 467 1507 499 tamen

75 521 181 562 mihi
206 520 378 562 videtur
396 533 486 560 esse
508 518 744 575 prudentiae
769 528 869 558 tuae.
930 515 1048 556 Vale.

588 604 992 644 ARGUMENTUM.

75 673 176 710 Inter
185 672 289 720 jocos
304 672 489 721 signficat
512 671 667 712 Valerio,
686 681 722 705 se
740 667 814 715 ejus
828 669 970 704 nomine
989 667 1032 704 P.
1052 667 1208 703 Lentulo
1225 668 1367 715 gratias
1384 668 1508 715 egisse,

427 735 586 771 eumque,
601 727 641 758 ut
660 723 804 758 domum
820 720 957 763 redeat,
977 719 1156 756 hortatur.

134 790 201 833 M.
223 790 274 833 T.
299 789 351 832 C.
386 790 430 831 S.
455 789 513 831 D.
549 789 597 830 L.
616 786 907 839 VALERIO,
928 785 1453 828 JURISCONSULTO.

78 848 212 901 CUR
238 859 351 900 enim
375 858 454 900 tibi
480 858 561 899 hoc
581 872 667 899 non
693 856 924 913 gratificer,
947 855 1117 897 nescio:
1151 856 1388 912 praesertim
1410 870 1509 897 cum

78 915 146 957 his
181 917 445 972 temporibus
479 915 658 956 audacia
678 928 756 970 pro
789 914 1000 969 sapientia
1029 912 1155 954 liceat
1188 913 1264 954 uti.
1326 912 1509 955 Lentulo

75 984 224 1015 nostro
245 973 313 1030 egi
338 987 413 1029 per
441 972 602 1013 litteras
625 982 701 1012 tuo
730 971 904 1012 nomine
934 970 1093 1026 gratias
1121 969 1364 1025 diligenter.
1426 970 1511 1015 Sed

77 1037 124 1071 tu
158 1031 284 1072 velim
319 1030 486 1071 desinas
505 1029 598 1085 jam
630 1028 786 1070 nostris
815 1027 968 1069 litteris
1001 1027 1077 1077 uti,
1099 1036 1142 1068 et
1172 1042 1249 1067 nos
1280 1026 1511 1083 aliquando

78 1088 264 1129 revisas:
313 1097 358 1128 et
389 1087 449 1128 ibi
485 1087 607 1128 malis
637 1099 742 1137 esse,
775 1084 850 1126 ubi
881 1085 1025 1140 aliquo
1056 1098 1234 1125 numero
1273 1085 1344 1135 sis,
1382 1099 1511 1140 quam

75 1144 189 1197 istic,
213 1145 286 1186 ubi
305 1144 418 1185 solus
441 1157 588 1200 sapere
609 1143 790 1184 videare.
851 1141 1125 1198 Quamquam
1148 1142 1220 1197 qui
1243 1141 1372 1183 istinc
1394 1142 1514 1182 veni-

77 1214 171 1253 unt,
206 1201 362 1258 partim
397 1209 438 1242 te
469 1202 699 1256 superbum
730 1214 820 1240 esse
850 1199 1014 1249 dicunt,
1045 1198 1162 1253 quod
1194 1198 1302 1239 nihil
1338 1213 1514 1255 respon-

80 1258 202 1301 deas:
235 1259 390 1314 partim
418 1256 792 1307 contumeliosum,
825 1255 941 1310 quod
965 1255 1073 1296 male
1095 1255 1368 1310 respondeas.
1430 1256 1514 1297 Sed

70 1315 162 1371 jam
188 1315 316 1371 cupio
335 1324 475 1355 tecum
499 1328 642 1356 coram
656 1313 812 1368 jocari.
846 1312 990 1359 Quare
1009 1312 1092 1363 fac,
1112 1320 1159 1352 ut
1176 1326 1303 1367 quam
1328 1312 1516 1367 primum

81 1372 240 1423 venias,
256 1371 449 1427 nequein
473 1371 676 1427 Apuliam
692 1379 808 1410 tuam
831 1369 1024 1421 accedas,
1050 1378 1097 1410 ut
1120 1370 1331 1424 possimus
1350 1369 1515 1411 salvum

80 1430 247 1471 venisse
278 1429 478 1485 gaudere.

538 1428 653 1470 Nam
685 1426 757 1467 illo
789 1427 822 1468 si
859 1427 1038 1480 veneris,
1072 1436 1292 1481 tamquam
1323 1427 1512 1483 Ulysses,
1526 1447 1557 1478 p.
1578 1438 1624 1468 1⁸.

82 1501 317 1544 cognosces
341 1495 513 1527 tuorum
535 1485 765 1526 neminem.
825 1484 946 1526 Vale.
1525 1490 1545 1511 ³

79 1635 137 1657 nes
148 1624 333 1666 facilitate,
349 1624 404 1656 sed
426 1625 459 1655 in
475 1625 590 1655 ceteris
606 1624 704 1662 varie,
719 1633 781 1653 αιι-

82 1673 159 1705 tem,
182 1673 291 1699 autem
306 1667 445 1706 quidem,
466 1671 549 1706 quod
563 1668 688 1702 vellem,
703 1666 784 1705 quid

78 1711 206 1740 vetlem.
249 1709 386 1739 videtur
399 1708 530 1745 durum,
530 1707 698 1748 felicitate
708 1718 781 1738 con-

81 1754 181 1792 sequi,
198 1761 237 1782 ne
255 1749 450 1791 offenderes.-
474 1761 549 1781 cum
563 1757 647 1780 esset
663 1751 696 1780 in
711 1751 780 1788 ejus

86 1799 260 1835 potestate.
303 1793 366 1824 Sed
387 1799 497 1833 potest
518 1793 659 1832 intelligi
678 1791 781 1822 felici-

84 1841 136 1867 tas
158 1837 191 1866 in
207 1846 259 1872 eo,
281 1835 307 1865 si
331 1835 406 1865 talis
431 1845 480 1866 res
508 1845 575 1865 non
604 1834 782 1872 incidisset,

83 1889 143 1919 per
165 1888 262 1918 quam
285 1878 469 1908 offendendi
491 1878 665 1907 necessitas
686 1881 782 1908 esset.

88 1930 148 1951 nec
162 1925 274 1950 tamen
286 1918 460 1959 facilitate
474 1918 639 1959 repudiem
652 1931 658 1948 ι
683 1919 785 1949 immo

89 1964 210 1994 rectius
223 1966 315 2003 puto,
358 1961 485 1992 Vellem
502 1962 558 1992 illa
572 1968 632 1992 tua
646 1960 786 1992 facilitas

87 2005 213 2035 efficere
235 2006 408 2045 potuisset,
423 2010 461 2034 ut
484 2004 517 2034 in
542 2003 600 2034 illa
621 2013 719 2034 causa
732 2014 786 2034 co-

87 2046 274 2087 gnoscenda
300 2052 333 2077 et
363 2045 589 2087 componenda
616 2046 787 2077 cessissent

823 1623 883 1653 sibi
913 1624 1052 1654 invicem
1084 1627 1204 1664 partas,
1228 1628 1266 1653 ut
1293 1627 1331 1654 tu
1359 1624 1523 1655 offendere

822 1666 1027 1705 publicanos,
1042 1671 1159 1696 contra
1183 1676 1236 1695 eos
1246 1666 1438 1705 judicando,
1454 1676 1523 1697 non

823 1717 951 1739 necesse
967 1708 1142 1738 habuisses.

865 1753 905 1781 84
926 1755 987 1781 tua
1011 1751 1139 1780 decreta
1154 1749 1336 1790 defendere]
1370 1749 1522 1788 Injuris·

824 1792 966 1823 dictione
994 1792 1118 1823 Ciliciae
1139 1798 1173 1822 et
1192 1793 1226 1822 in
1250 1792 1354 1822 causis
1377 1792 1524 1831 publica-

825 1844 955 1866 norum.
1000 1835 1106 1865 Erant
1117 1840 1229 1865 autem
1244 1834 1287 1864 ibi
1301 1834 1366 1864 fere
1381 1834 1524 1865 insolen-

824 1877 937 1915 tiores,
950 1881 990 1908 ut
1002 1877 1233 1916 negotiatores,
1244 1883 1396 1916 expertus
1409 1883 1457 1907 est
1469 1875 1524 1907 Ci-

828 1930 901 1950 cero
916 1920 983 1959 ipse
999 1920 1032 1951 in
1051 1930 1090 1950 ea
1104 1919 1283 1959 provincia,
1298 1923 1335 1948 ut
1351 1929 1390 1948 ex
1405 1920 1525 1960 episto-

829 1961 868 1992 lis
884 1961 925 1992 ad
939 1962 1087 1992 Atticum
1101 1961 1266 1992 discimus.

871 2006 911 2035 85
933 2005 994 2044 ipsi
1008 2005 1058 2035 illi
1072 2004 1117 2045 Q.
1134 2003 1296 2042 Scoevoloe]
1323 2001 1524 2042 Hominiju·

829 2046 971 2077 ctissime
985 2050 1020 2078 et
1034 2056 1072 2078 eo
1088 2045 1222 2077 nomine
1237 2045 1463 2077 celeberrimo«
