1817 3196
0 0 4 215 f
577 73 662 112 AD
687 71 1077 112 LENTULUM.
1474 77 1540 118 ’17

134 178 286 221 ublicae
311 185 470 220 status:
503 190 670 218 summa
697 177 904 218 dissensio
926 186 1005 228 est,
1027 175 1099 217 sed
1132 175 1353 217 contentio
1375 175 1533 231 dispar.

98 192 212 278 Ram
233 236 303 291 qui
330 235 422 290 plus
452 234 621 290 opibus,
641 235 783 284 armis,
804 235 997 290 potentia
1017 233 1170 283 valent,
1188 232 1419 294 profecisse
1443 243 1535 273 tan-

100 302 192 334 turn
218 292 320 332 mihi
353 291 549 332 videntur
581 290 762 331 stultitia
783 301 826 332 et
862 290 1150 332 inconstantia
1181 288 1577 352 adversarioi·um,}‚

97 360 146 390 ut
167 351 294 390 eti-un
333 349 589 389 auctoritate
613 347 705 402 jam
737 347 831 404 plus
854 347 1056 388 valerent.
1119 345 1285 401 Itaque,
1312 346 1534 401 perpaucis

93 406 431 454 adversantibus,
455 405 612 455 onmia,
635 419 732 459 quae
754 419 807 445 ne
829 419 902 461 per
924 404 1129 461 populum
1160 404 1333 458 quidem
1357 417 1447 443 sme
1469 416 1533 442 se-

94 463 259 504 ditione
281 465 316 493 31
335 477 378 503 se
402 476 524 517 posse
557 461 723 517 assequi
758 463 1090 511 arbitrabantur,
1114 474 1187 516 per
1216 471 1408 500 senatum
1429 474 1533 500 con-

91 521 227 560 secuti
251 531 363 560 sunt.
395 533 493 559 nam
515 527 558 559 et.
580 518 842 574 stipendium
868 519 1030 560 Caesari
1054 519 1272 559 decretum
1295 525 1374 567 est,
1396 526 1439 557 et
1459 517 1532 558 de-

95 591 189 617 cem
213 576 368 631 legati:
391 585 449 626 et,
471 575 631 631 nelege
652 576 905 631 Sempronia
922 575 1232 626 succedet-,eim
1246 574 1370 615 facile
1393 574 1532 629 perfe-

89 643 207 674 ctum
233 642 312 674 est.
372 633 502 679 Quod
533 635 583 673 ad
610 642 650 673 te
684 633 853 673 brevius
890 633 1046 683 scribo,
1069 632 1170 687 quia
1193 646 1260 672 me
1291 641 1424 671 status
1459 631 1530 672 hic

90 689 340 745 reipublicae
374 704 458 730 non
497 689 704 731 delectat:
749 690 890 731 scribo
922 699 1078 739 tamen,
1102 698 1149 729 ut
1183 697 1224 729 te
1261 688 1530 739 admoneam,

89 747 204 801 quod
240 761 344 803 ipse,
371 746 522 787 litteris
556 746 755 787 omnibus
789 762 814 787 a
847 747 1031 811 pueritia
1063 745 1246 796 deditus,
1267 746 1529 809 experiendo

88 812 230 844 tamen
269 804 418 859 magiS,
440 817 567 858 quam
591 803 854 855 discendo,‹.
831 804 1034 860 cognovi,
1058 813 1118 854 tu,
1143 804 1266 844 rebus
1303 803 1386 843 tuis
1421 803 1529 843 inte-

86 861 191 916 gris,
215 860 367 925 discas,
392 874 527 915 neque
549 860 695 901 salutis
719 870 875 902 nostrae
887 837 1116 902 ”rationem
1140 859 1378 901 habendam
1402 860 1528 900 nobis

85 931 177 958 esse
199 918 289 958 sine
315 917 541 973 dignitate,
565 932 701 972 neque
723 918 948 973 dignitatis
972 918 1062 958 sine
1084 917 1232 958 stlute.
1267 917 1397 963 Quod
1421 916 1527 957 mihi

84 974 138 1016 de
163 973 252 1015 filia
275 984 319 1015 et
353 976 406 1015 de
440 974 694 1030 Crassipede
728 974 969 1030 gratularis,
991 989 1180 1030 agnosco
1213 974 1527 1015 humanitatem

82 1041 226 1072 tuam:
258 1034 298 1062 32
320 1045 529 1086 speroque
561 1042 605 1072 et
637 1041 758 1087 opto,
781 1032 904 1072 nobis
934 1032 1045 1072 hanc
1075 1031 1425 1087 conjunctionem
1453 1045 1527 1072 vo-

80 1087 236 1152 luptati
260 1087 365 1129 f.ore
433 1089 658 1129 Lentulum
684 1098 876 1129 nostrum
898 1089 1059 1129 eximia
1078 1103 1167 1144 spe,
1189 1102 1368 1129 summae
1392 1088 1527 1129 virtu-

83 1145 137 1186 tis
160 1145 489 1208 adolescentem,
512 1160 607 1186 cum
633 1146 785 1186 ceteris
807 1146 986 1194 artibus,
1008 1145 1164 1200 quibus
1189 1145 1389 1186 studuisti
1415 1159 1525 1186 sem-

82 1216 157 1258 per
179 1203 282 1257 ipse,
305 1213 392 1242 tum
416 1202 454 1242 in
475 1203 622 1257 primis
643 1203 887 1242 imitatione
907 1203 967 1242 tui
988 1201 1057 1242 fac
1074 1203 1191 1242 erudi
1197 1217 1256 1243 ·ι5.
1277 1202 1392 1242 nulla
1408 1203 1523 1243 enim

77 1260 158 1299 erit
188 1259 267 1300 hac
300 1259 574 1314 praestantioi
605 1259 859 1314 disciplina:
893 1273 1021 1314 quem
1043 1273 1135 1310 1108,
1159 1269 1202 1299 et
1223 1259 1324 1314 quia
1346 1270 1458 1309 tuus,
1480 1269 1525 1300 et

79 1315 181 1370 quia
205 1325 246 1356 te
277 1316 434 1371 dignus
456 1324 519 1355 est
553 1315 679 1367 filius,
701 1325 745 1356 et
766 1317 868 1371 quia
901 1331 980 1356 nos
1003 1316 1161 1371 diligit,
1185 1330 1436 1372 semperque
1457 1316 1522 1357 di·

76 1372 231 1424 lexit‚
221 1386 265 1414 in
284 1372 434 1430 primis
456 1387 665 1425 amamus,
686 1387 919 1429 carumque
940 1372 1162 1414 habemus.

600 1463 1004 1501 ARGUMENTUM.
1533 1471 1558 1507 8

75 1526 137 1564 De
165 1531 266 1565 statu
293 1538 415 1563 rerum
438 1527 585 1575 publico
616 1529 848 1576 conqueritur
861 1543 872 1563 .·
903 1526 1099 1563 Lentulum
1126 1526 1267 1563 solatur
1297 1538 1359 1574 spe
1387 1527 1518 1574 exigua

124 1591 240 1615 cccusae
267 1581 388 1627 regiae,
421 1583 485 1615 aut
508 1581 769 1627 propemodum
799 1580 1008 1616 exstinctae:
1038 1580 1225 1615 certiorem
1251 1590 1350 1627 spem
1376 1579 1517 1627 suppli-

126 1632 309 1667 cationum
316 1630 432 1678 facit,
452 1635 493 1666 ut
512 1631 671 1666 dolorem
690 1631 841 1667 Lentuli
861 1631 985 1667 leniat.

264 1696 332 1739 M.
355 1696 406 1738 T.
431 1696 483 1739 C.
517 1696 566 1738 P.
592 1696 881 1739 LENTULO
914 1696 1175 1739 PROCOS.
1209 1697 1252 1738 S.
1274 1696 1333 1738 D.

72 1753 172 1807 DE
192 1766 392 1807 omnibus
414 1766 553 1817 rebus,
581 1780 678 1821 quae
701 1765 753 1806 ad
776 1774 816 1806 te
846 1765 1077 1821 pertinent,
1100 1765 1201 1820 quid
1225 1775 1384 1816 actum,
1408 1765 1513 1820 quid

70 1824 357 1864 constitutum
393 1823 461 1874 sit,
484 1822 586 1878 quid
614 1822 847 1878 Pompeius
871 1823 1120 1877 susceperit,
1143 1823 1308 1878 optime
1329 1837 1384 1863 ex
1412 1823 1513 1863 Em-

66 1879 250 1944 platorio
272 1894 536 1935 cognosces.
577 1894 650 1935 qui
674 1894 760 1920 non
783 1879 921 1920 solum
956 1879 1152 1920 interfuit
1175 1880 1239 1920 his
1274 1881 1415 1930 iebus,
1438 1881 1510 1922 sed

69 1937 199 1978 etiam
220 1937 418 1994 praeiuit:
442 1951 579 1992 neque
601 1936 731 1977 ullum
753 1937 944 1977 officium
967 1951 1069 1992 erga
1091 1946 1132 1977 te
1154 1936 1341 1977 hominis
1363 1952 1510 1978 aman-

67 1993 236 2045 tissimi,
266 1993 600 2050 prudentissimi,
637 1994 954 2058 diligentissimi
993 1994 1283 2049 praetermisit.
1345 1993 1412 2035 Ex
1436 2009 1509 2036 eo-

66 2050 162 2092 dem
185 2052 238 2092 de
260 2061 352 2092 toto
375 2060 488 2092 statu
513 2065 648 2092 renum
669 2052 965 2092 communium
989 2065 1249 2106 cognosces:
1282 2066 1380 2105 quae
1403 2067 1509 2106 qua-

66 2106 126 2148 les
145 2108 245 2160 sint,
267 2123 353 2149 non
377 2106 503 2149 facile
525 2117 589 2148 est
611 2109 808 2149 scribere.
870 2108 981 2149 Sunt
1002 2108 1174 2162 quidem
1198 2118 1312 2148 certe
1335 2109 1377 2148 in
1401 2110 1508 2149 ami-

68 2179 215 2206 corum
253 2174 496 2206 nostrorum
533 2174 762 2221 potestate,
784 2175 914 2221 atque
943 2165 1018 2215 ita,
1044 2174 1088 2205 ut
1111 2164 1270 2205 nullam
1301 2167 1506 2207 mutatio-

65 2235 165 2262 nem
188 2236 405 2277 umquam,
427 2221 505 2262 hac
526 2222 751 2263 hominum
775 2233 902 2263 aetate
926 2222 1124 2262 habitura
1156 2237 1220 2262 res
1243 2236 1333 2263 esse
1364 2223 1504 2264 videa-

64 2287 147 2319 tur.
209 2277 304 2334 Ego
326 2278 515 2333 quidem,
538 2287 586 2319 ut
615 2279 765 2342 debeo,
788 2289 832 2319 et
859 2288 907 2320 ut
930 2289 1022 2320 tute
1047 2278 1154 2319 mihi
1179 2280 1437 2335 praecepisti,
1459 2291 1545 2332 etp.
1558 2296 1588 2327 9

62 2345 110 2375 ut
128 2348 196 2375 me
219 2336 354 2391 pietas
382 2335 626 2390 utilitasque
647 2336 782 2391 cogit,
805 2351 873 2376 me
896 2336 946 2376 ad
970 2350 1006 2390 eJ
1017 2350 1062 2375 us
1085 2336 1270 2376 rationes
1293 2338 1545 2401 adjungo,⁸·

60 2405 187 2447 quem
212 2401 256 2433 tu
280 2407 322 2433 in
348 2392 451 2433 meis
481 2393 719 2434 rationibus
753 2368 832 2433 tibi
865 2407 956 2434 esse
977 2393 1300 2448 adjungendum
1326 2395 1499 2449 putasti.

62 2448 147 2490 Sed
170 2458 211 2489 te
229 2463 317 2490 non
342 2450 548 2505 praeterit,
570 2464 698 2504 quam
715 2450 772 2491 sit
792 2450 982 2500 difficile,
1006 2464 1174 2490 sensum
1199 2451 1241 2490 in
1266 2453 1498 2506 republica,

60 2507 300 2568 praesertim
323 2517 487 2547 rectum
509 2517 553 2547 et
574 2507 892 2570 confirmatum,
914 2508 1143 2562 deponere.
1194 2507 1500 2555 Verumtamen

58 2575 150 2618 lpse
181 2576 250 2604 me
279 2563 505 2604 confmmo
539 2564 591 2605 ad
621 2564 714 2619 ejus
748 2565 1030 2615 voluntatem,
1052 2578 1078 2604 a
1106 2578 1192 2620 quo
1215 2564 1393 2605 honeste
1415 2565 1500 2605 dis-

91 2719 131 2749 31
156 2727 190 2748 se
199 2728 290 2759 posse
306 2719 444 2760 assequi]
456 2729 548 2760 posse
563 2725 651 2752 recte
666 2721 756 2752 addi·
840 2724 881 2752 32
902 2731 975 2761 sper
977 2731 1054 2761 oque
1065 2726 1095 2752 et
1108 2725 1190 2761 opto,
1206 2720 1306 2759 nobis]
1337 2722 1424 2752 Cons
1426 2724 1498 2752 tru-

0 2798 3 2799 ⁷
55 2758 106 2790 dit
116 2759 274 2793 Graevius.
317 2762 358 2793 ln
381 2763 447 2794 Ms.
464 2768 576 2795 nostro
598 2767 649 2795 est
662 2774 682 2796 a
709 2774 756 2796 m.
798 2764 865 2794 ctio
880 2764 1000 2804 pendet
1023 2765 1064 2794 ab
1084 2773 1190 2804 spero,
1212 2772 1280 2794 non
1294 2763 1334 2794 ab
1349 2767 1430 2805 opto.
1454 2774 1498 2796 an

53 2808 120 2832 tec.
797 2807 928 2847 scripsit
941 2810 978 2837 ut
993 2810 1064 2846 opto
1076 2807 1094 2836 f

118 2857 226 2887 VOL
247 2860 324 2889 111.
346 2860 388 2888 P.
410 2861 442 2889 1.
820 2861 844 2888 C
