1817 3196
540 99 624 137 AD
663 95 1047 136 LENTULUM.
1457 105 1504 143 η

271 201 338 244 Μ.
360 201 411 244 Τ.
435 201 486 244 C.
515 201 559 244 S.
584 201 640 243 D.
674 200 725 243 P.
751 199 1035 242 LENTULO
1060 199 1318 242 PROCOS.

83 258 150 315 A.
170 272 226 315 D.
249 288 350 315 xvh
376 273 473 315 Kal.
491 274 615 315 Febr.
637 288 736 315 cum
758 273 801 314 in
821 283 967 314 senatu
984 272 1266 329 pulcherrime
1285 281 1506 325 staremus,

83 330 233 394 9)]οά
214 344 307 384 Jam
330 331 443 372 illam
474 330 728 372 senteutiam
751 329 896 371 Bibuli
928 330 980 371 de
1004 330 1137 371 tribus
1173 329 1339 386 legatis,
1374 331 1508 385 pridie

80 388 173 442 ejus
215 387 299 428 diei
334 387 609 443 fregeramuS,
650 401 868 441 unumque
900 397 1112 428 certarnen
1151 397 1261 427 esset
1298 387 1508 438 relictum,

82 444 292 484 sententia
326 444 536 485 Volcatii:
572 458 635 484 res
665 444 718 485 ab
753 443 1001 484 adversariis
1035 444 1189 484 nostris
1219 453 1412 484 extracta
1444 454 1510 485 est

83 500 208 541 variis
237 500 477 542 calumniis.
509 515 679 541 causam
712 501 827 541 enim
852 500 1062 556 frequenti
1087 511 1250 550 senatu,
1279 501 1319 540 in
1351 515 1509 556 magna

81 557 301 608 varietate,
324 571 564 613 magnaque
586 557 748 598 invidia
768 571 929 608 eorum,
952 557 1023 612 qui
1046 572 1070 597 a
1090 567 1130 598 te
1151 572 1320 598 causam
1345 558 1505 613 regiam

79 613 162 654 alio
194 614 519 664 transferebant,
555 615 870 655 obtinebamus.
932 613 994 654 Eo
1024 614 1092 654 die
1121 615 1320 655 acerbum
1355 614 1507 655 habui-

76 684 172 711 mus
193 670 450 712 Curionem:
476 671 678 712 Bibulum
701 670 1090 726 multojustiorem,
1110 685 1231 726 paene
1249 671 1377 712 etiarn
1401 672 1507 711 ami-

78 740 191 767 cum.
253 726 459 768 Caninius
481 738 523 768 et
549 727 906 783 Cat011ega1·,unt
937 742 980 768 se
998 728 1133 783 legem
1160 728 1282 768 ullam
1313 738 1411 768 ante
1433 742 1506 769 co-

78 783 202 824 mitia
222 798 311 825 esse
333 785 505 826 laturos.
554 785 734 825 Senatus
737 760 906 825 0haberi
923 794 1021 825 ante
1046 784 1222 825 Kalend·
1215 799 1257 824 is
1283 784 1407 825 Febr.
1433 799 1507 839 per

74 838 214 895 legem
255 840 454 905 Pupiam,
490 841 532 882 id
569 842 684 896 quod
722 841 817 892 scis,
855 856 937 882 non
980 851 1145 896 potest:
1186 856 1323 896 neque
1359 855 1506 882 mense

76 896 201 937 Febr.
226 907 332 948 toto,
360 901 393 928 ¹3
407 898 488 938 nisi
511 898 712 954 perfectis
734 908 808 939 aut
831 898 999 954 rejectis
1028 898 1329 954 legationibus.
1392 898 1505 939 Haec

75 962 217 994 tamen
240 954 387 1010 opinio
408 965 471 995 est
491 955 637 1011 populi
661 955 862 1007 Romani,
884 971 908 996 a
931 956 1012 996 tuis
1035 955 1190 995 invidis
1212 964 1339 1010 atque
1363 956 1507 996 obtre-

77 1012 316 1052 ctatoribus
338 1026 492 1052 nomen
518 1012 738 1053 inductum
772 1012 885 1054 fictae
915 1012 1148 1067 religionis,
1178 1027 1262 1052 non
1288 1024 1373 1053 tam
1394 1024 1440 1053 ut
1466 1023 1506 1052 te

74 1067 348 1122 impedirent,
378 1083 507 1123 quam
528 1077 577 1109 ut
597 1083 650 1109 ne
672 1069 766 1124 quis
788 1078 963 1125 propter
990 1069 1202 1110 exercitus
1224 1070 1549 1124 cupiditatemh.

75 1122 384 1187 Alexandriam
419 1126 544 1166 vellet
576 1126 650 1167 ire.
712 1124 951 1181 Dignitatis
981 1134 1122 1166 autem
1158 1135 1242 1167 tuae
1267 1140 1392 1166 nemo
1426 1136 1505 1177 est,

74 1180 178 1236 quin
211 1181 444 1232 existimet,
476 1182 668 1224 habitam
691 1196 781 1222 esse
810 1183 1018 1223 rationem
1052 1183 1105 1223 ab
1137 1194 1301 1223 senatu.
1363 1183 1504 1223 Nemo

73 1247 138 1277 est
159 1237 288 1288 enim,
307 1239 379 1293 qui
401 1238 578 1288 nesciat,
599 1253 684 1294 quo
707 1239 847 1279 minus
882 1239 1084 1279 discessio
1108 1238 1240 1288 fier,et
1262 1253 1336 1294 per
1355 1240 1505 1280 adter-

77 1293 209 1334 sarios
232 1303 326 1335 tuos
348 1309 438 1336 esse
461 1294 649 1337 fictum:
685 1296 758 1350 qui
781 1309 894 1336 nunc
917 1295 1064 1351 populi
1087 1296 1274 1343 nomine,
1297 1310 1339 1336 re
1361 1306 1506 1337 autem

74 1364 188 1402 vera,
226 1351 551 1392 sceleratissimo
582 1352 824 1403 latrocinio,
857 1353 891 1393 si
925 1367 1021 1408 quae
1060 1353 1330 1393 conabuntur
1364 1367 1505 1408 agere,

76 1407 177 1448 satis
200 1408 419 1472 provisum
441 1417 521 1460 est,
543 1418 591 1450 ut
620 1423 673 1449 ne
702 1409 807 1464 quid
835 1409 961 1450 saliis
994 1410 1196 1465 auspiciis
1226 1420 1299 1450 aut
1322 1409 1504 1465 legibus,

79 1466 118 1495 14
130 1472 204 1505 aut
218 1479 312 1519 Jam
332 1466 422 1506 sine
444 1466 485 1506 vi
508 1480 633 1521 agele
654 1466 835 1522 possint.
878 1466 973 1522 Ego
995 1480 1133 1520 neque
1155 1466 1206 1506 de
1225 1481 1321 1507 meo
1345 1466 1503 1518 studio,

72 1533 213 1576 neque
231 1522 285 1562 de
300 1522 630 1563 nonnullorum
621 1523 778 1578 injuria
797 1523 1068 1564 scribendum
1083 1522 1188 1563 mihi
1202 1537 1292 1564 esse
1306 1524 1504 1565 arbitror.

77 1577 196 1623 Quid
216 1579 331 1619 enim
353 1588 426 1619 aut
446 1594 515 1620 me
535 1582 776 1621 ostentem?
806 1580 895 1636 qui,
913 1581 944 1621 si
971 1581 1100 1621 vitam
1122 1594 1199 1635 pro
1225 1590 1296 1620 tua
1314 1581 1505 1635 dignita-

76 1642 120 1674 te
140 1634 414 1689 profundam,
434 1636 594 1677 nullam
617 1645 781 1700 partem
803 1638 947 1678 videar
970 1646 1139 1677 tuorum
1166 1638 1414 1678 meritorum
1439 1652 1505 1678 as-

74 1700 269 1733 secutus:
301 1702 376 1733 aut
396 1693 449 1733 de
470 1693 648 1734 aliorum
680 1693 848 1748 injuriis
869 1697 1046 1749 quer·?ai
1077 1693 1191 1747 quod
1224 1694 1314 1734 sine
1336 1708 1503 1735 summo

73 1747 221 1788 dolore
250 1748 390 1790 facere
419 1764 507 1791 non
530 1764 718 1805 possum.
779 1750 873 1807 Ego
908 1751 986 1791 tibi
1016 1765 1040 1791 a
1066 1765 1119 1800 vi,
1152 1749 1232 1792 hac
1266 1752 1505 1815 praesertim

75 1803 372 1847 imbecillitate
403 1807 747 1862 magistratuum,
768 1785 971 1863 prastare
1002 1806 1108 1847 nihil
1132 1821 1319 1862 possum.
1357 1808 1396 1848 vi
1429 1823 1505 1849 ex-

75 1870 215 1916 cepta,
237 1877 412 1918 possum
442 1864 711 1915 confirmaie,
730 1874 787 1916 te,
808 1875 851 1905 et
881 1875 1049 1905 senatus
1072 1874 1114 1904 et
1137 1864 1283 1920 populi
1318 1865 1504 1908 Romani

75 1931 241 1959 summo
264 1919 420 1972 studio,
442 1921 770 1977 amplitudinem
790 1931 908 1962 tuam
930 1930 1210 1962 retenturum.
1274 1922 1390 1964 Vale.

579 2026 647 2064 AR
655 2026 981 2064 GUMENTUM.
1516 2025 1542 2063 5

71 2085 208 2123 Scribit
225 2088 269 2124 de
287 2088 325 2124 C.
349 2088 496 2125 Catonis
521 2091 823 2137 promulgatione,
845 2091 888 2125 cle
907 2094 1007 2126 statu
1023 2090 1132 2137 regiae
1149 2101 1274 2129 caus-ce,
1295 2090 1338 2126 de
1359 2103 1422 2127 suo
1441 2091 1505 2127 Se-

224 2140 370 2188 liciique
388 2143 549 2183 consilio,
569 2141 667 2188 eujus
686 2154 755 2177 non
774 2142 987 2178 inhonorum
1005 2147 1166 2178 eventum
1183 2147 1318 2189 sperat.

262 2205 331 2247 M.
353 2206 404 2248 T.
425 2207 477 2248 C.
510 2209 553 2248 S.
578 2208 634 2249 D.
672 2208 720 2249 P.
744 2207 1031 2249 LEiNTULO
1056 2207 1316 2249 PROCOS.

71 2260 352 2316 TAMETSI
377 2275 481 2315 mihi
504 2275 610 2315 nihil
640 2275 722 2315 fuit
755 2276 960 2331 optatius,
984 2291 1112 2331 quam
1136 2286 1183 2316 ut
1210 2277 1395 2332 primum
1428 2278 1504 2319 abs

72 2342 115 2374 te
135 2333 245 2389 ipso,
264 2332 416 2373 deinde
439 2348 461 2372 a
481 2333 631 2373 ceteris
654 2333 868 2383 omnibus,
898 2348 1024 2388 quam
1056 2334 1322 2389 gratissimus
1339 2349 1441 2390 erga
1464 2346 1505 2376 te

71 2404 163 2432 esse
191 2403 496 2445 cognoscerer:
531 2400 670 2429 tamen
707 2389 870 2431 afficior
907 2405 1073 2430 summo
1100 2390 1260 2441 dolore,
1293 2392 1504 2446 ejusmodi

74 2456 270 2502 tempora
291 2457 388 2501 post
409 2457 525 2487 tuam
544 2447 852 2502 profectionem
872 2458 1103 2488 consecuta
1121 2462 1226 2498 esse,
1243 2457 1287 2488 ut
1311 2459 1352 2488 et
1367 2463 1507 2489 ineam

73 2514 119 2544 et
138 2513 374 2545 ceterorum
396 2518 497 2559 erga
523 2513 565 2544 te
587 2503 711 2544 fidem
743 2515 785 2543 et
811 2504 1140 2545 benivolentiam
1164 2505 1315 2545 absens
1338 2520 1387 2545 e).
1399 2505 1506 2560 peri-

73 2575 179 2602 rere.
238 2559 301 2601 Te
318 2560 474 2610 videre,
497 2569 539 2600 et
562 2562 731 2610 sentire,
752 2562 930 2602 eandem
953 2562 1081 2602 fidem
1100 2576 1190 2602 esse
1216 2562 1469 2602 hominum
1460 2576 1505 2603 in

75 2626 151 2659 tua
171 2617 397 2674 dignitate,
425 2632 551 2673 quam
585 2632 665 2673 ego
696 2619 739 2658 in
774 2632 867 2659 mea
897 2619 1030 2659 salute
1063 2634 1155 2660 sum
1192 2629 1418 2675 expertus3
1449 2632 1505 2660 ex

114 2733 152 2762 13
174 2732 237 2761 nisi
252 2729 341 2771 perf.
363 2735 424 2762 aut
443 2731 504 2772 rqj.
526 2730 605 2771 11:230]
632 2730 706 2762 Hoc
729 2741 768 2763 ex
810 2739 895 2762 extr.
911 2738 981 2762 erat
995 2736 1055 2762 ant
1068 2732 1228 2771 dentqne³
1215 2732 1283 2763 sine
1298 2731 1341 2762 vi.
1353 2731 1509 2773 exprimit

69 2771 339 2864 legficzassaeuygmv
345 2773 492 2863 εἰῗένυί]
527 2817 634 2858 Supra
655 2826 707 2858 ep.
734 2819 764 2848 2.
809 2773 975 2816 infidam
988 2774 1179 2806 Graecorum
1191 2772 1236 2807 ὃ.
