1865 3223
322 120 398 153 354
555 112 732 152 EPIST.
760 111 943 152 LIBER
967 107 1509 160 TERTmsDECIMUS

263 214 317 256 36
837 213 1238 253 ARGUMENTUM.

387 281 616 317 Demetrium
635 280 779 328 Megam
799 278 932 326 injure
949 279 1108 314 civitatis
1125 278 1319 324 ceterisque
1337 275 1437 311 rebus
1455 273 1690 311 commendat.

585 347 650 388 Μ.
674 346 724 388 T.
749 347 801 387 C.
832 344 1047 387 ACILIO
1081 342 1261 385 PROC.
1294 342 1337 383 S.
1361 340 1410 383 P.
1436 341 1492 382 D.

331 402 473 455 CUM
513 413 729 455 Demetrio
763 412 897 467 Mega
927 411 1030 452 mihi
1059 418 1273 451 vetustum
1305 409 1539 465 hospitium
1571 416 1658 448 est:
1691 405 1753 446 fa-

332 471 551 511 miliaritas
573 481 714 510 autem
738 478 870 518 tanta,
892 476 1052 522 quanta
1078 480 1176 507 cum
1210 466 1354 507 Siculo
1387 466 1515 507 nullo.
1580 463 1628 504 Ei
1664 462 1754 504 Do-

289 538 319 568 b.
335 527 483 569 labella
513 536 662 581 rogatu
694 539 789 566 meo
821 525 1041 565 civitatem
1062 537 1088 563 a
1109 522 1279 564 Caesare
1301 523 1573 579 impetravit:
1604 534 1690 576 qua
1712 520 1755 560 in

333 599 376 626 re
397 599 478 640 ego
501 582 689 622 interfui.
751 581 902 636 Itaque
924 595 1037 620 nune
1065 579 1111 619 P.
1135 578 1358 620 Cornelius
1381 588 1570 620 vocatur.
1623 576 1757 618 Cum-

333 656 415 695 que
440 648 610 695 propter
633 639 838 693 quosdam
872 637 1064 678 sordidos
1095 635 1304 686 homines,
1325 637 1398 690 qui
1424 635 1607 677 Caesaris
1631 635 1757 675 bene-

335 697 433 738 ficia
448 696 702 746 vendebant,
720 695 923 745 tabulam,
943 695 987 736 in
1007 707 1092 748 qua
1113 692 1289 734 nomina
1308 692 1482 733 civitate
1503 693 1759 734 donatorum

336 754 470 795 incisa
499 763 653 802 essent,
688 752 828 792 revelli
859 752 1085 808 jussisset:
1124 749 1261 790 eidem
1300 748 1549 799 Dolabellae,
1584 762 1652 789 me
1687 761 1762 788 au-

334 811 493 861 diente,
527 809 673 851 Caesar
704 809 832 860 dixit,
863 806 972 850 nihil
1003 820 1108 858 esse,
1130 806 1245 861 quod
1278 805 1330 847 de
1368 805 1503 861 Mega
1525 814 1762 856 vereretur;

337 867 592 908 beneficium
629 880 751 906 suum
789 866 832 906 in
866 880 916 906 eo
955 878 1138 905 manere.
1201 861 1301 903 Hoc
1336 873 1376 903 te
1413 863 1520 904 scire
1554 861 1682 912 volui,
1718 869 1764 901 ut

336 938 432 964 eum
456 924 498 964 in
521 923 682 964 civium
706 922 1002 964 Romanorum
1031 934 1210 962 numero
1233 919 1434 961 haberes:
1465 918 1700 973 ceterisque
1722 918 1765 958 in

337 981 463 1022 rebus
488 980 567 1022 tibi
590 995 684 1021 eum
717 980 778 1021 ita
813 979 1083 1030 commendo,
1108 987 1154 1018 ut
1183 976 1345 1032 majore
1379 976 1520 1018 studio
1555 975 1768 1016 neminem

336 1037 688 1085 commendarim.
751 1037 1055 1078 Gratissimum
1091 1034 1195 1075 mihi
1230 1033 1395 1086 feceris,
1418 1034 1451 1075 si
1484 1047 1582 1074 eum
1604 1033 1664 1073 ita
1685 1040 1770 1072 tra-

338 1095 481 1145 ctaris,
501 1105 550 1136 ut
580 1093 807 1150 intelligat,
830 1107 968 1135 meam
999 1091 1417 1135 commendationem
1445 1093 1657 1146 71magno
1688 1088 1769 1130 sibi

339 1161 591 1193 ornamento
615 1151 758 1192 fuisse.

275 1217 326 1256 37
857 1221 1262 1261 ARGUMENTUM.

603 1287 837 1322 Commendat
854 1286 1032 1335 Hippiam
1051 1288 1088 1322 in
1107 1286 1320 1321 liberatione
1336 1284 1518 1321 bonorum.

606 1353 674 1395 M.
698 1351 748 1394 Τ.
775 1352 826 1394 C.
858 1351 1073 1395 ACILIO
1107 1352 1288 1393 PROC.
1321 1352 1363 1393 S.
1390 1351 1439 1393 P.
1467 1350 1522 1392 D.

346 1409 646 1472 HIPPIAM,
688 1419 917 1461 Philoxeni
959 1420 1109 1471 filium,
1148 1419 1434 1469 Calacfinum,
1478 1419 1690 1475 hospitem
1734 1428 1777 1458 et

344 1479 626 1522 necessarium
663 1491 820 1527 meum,
855 1477 934 1518 tibi
974 1476 1230 1518 commendo
1269 1477 1310 1517 in
1343 1477 1551 1531 majorem
1584 1475 1775 1516 modum.

347 1536 450 1591 Ejus
484 1537 611 1585 bona,
634 1534 993 1589 quemadmodum
1029 1535 1079 1574 ad
1112 1548 1176 1574 me
1201 1533 1340 1574 delata
1362 1548 1424 1573 res
1447 1542 1525 1584 est,
1547 1535 1587 1566 72
1605 1531 1776 1588 publice

347 1592 617 1650 possidentur
639 1591 776 1632 alieno
801 1592 987 1642 nomine,
1009 1599 1159 1632 contra
1184 1589 1298 1645 leges
1329 1589 1665 1631 Calactinorum.
1727 1587 1776 1630 Id

347 1653 379 1691 si
404 1651 464 1690 ito.
485 1659 564 1701 est,
584 1650 712 1690 etiam
738 1649 827 1689 sine
858 1663 951 1689 mea
981 1647 1354 1689 commendatione
1385 1648 1438 1688 ab
1472 1646 1675 1702 aequitate
1706 1653 1780 1686 tua

348 1722 412 1748 res
436 1708 528 1762 ipsa
559 1707 786 1761 impetrare
819 1705 960 1756 debet,
983 1714 1030 1746 ut
1060 1706 1097 1745 ei
1129 1704 1370 1745 subvenias.
1433 1704 1621 1759 Quoquo
1651 1702 1779 1744 modo

348 1773 492 1805 antem
530 1778 573 1804 se
606 1777 669 1803 res
702 1762 848 1812 habet,
870 1773 970 1818 peto
1007 1777 1032 1802 a
1063 1772 1117 1812 te,
1141 1770 1188 1802 ut
1219 1761 1392 1802 honoris
1415 1761 1497 1802 mei
1519 1775 1660 1811 causa,
1682 1773 1779 1800 eum

349 1821 567 1877 expedias,
591 1829 843 1873 tantumque
873 1819 912 1859 ei
944 1818 1190 1860 commodes
1221 1828 1264 1858 et
1295 1818 1338 1858 in
1369 1818 1449 1859 hae
1472 1832 1515 1858 re
1537 1826 1579 1858 et
1603 1818 1646 1858 in
1667 1825 1781 1857 cete-

351 1879 420 1929 ris,
443 1885 649 1932 quantum
674 1886 747 1916 tua
770 1876 873 1916 fides
895 1876 1168 1933 dignitasque
1193 1875 1391 1931 patietur.
1454 1873 1504 1915 Id
1528 1873 1633 1916 mihi
1657 1872 1782 1915 vehe-

353 1944 516 1975 menter
538 1942 706 1989 gratum
729 1933 823 1973 erit.

289 2024 340 2062 38
871 2021 1066 2059 ARGUM
1072 2020 1272 2058 ENTUM.

624 2086 766 2121 Bruttii
783 2087 930 2132 negotia
945 2090 1269 2133 procuratoresque
1287 2085 1523 2120 commendat.

617 2152 683 2193 M.
705 2151 757 2193 T.
782 2151 833 2193 C.
866 2151 1081 2194 ACILIO
1116 2151 1296 2193 PROC.
1329 2152 1373 2192 S.
1399 2151 1448 2192 P.
1472 2151 1531 2193 D.

360 2210 424 2262 L.
452 2219 770 2271 BRUTTIUS,
799 2234 926 2275 eques
960 2220 1197 2271 Romanus,
1220 2219 1463 2261 adolescens
1495 2219 1694 2260 omnibus
1725 2233 1788 2261 re-

361 2279 441 2319 bus
476 2287 664 2327 ornatus,
701 2278 740 2318 in
781 2278 883 2317 meis
917 2276 1257 2318 familiarissimis
1292 2286 1369 2328 est,
1403 2290 1557 2331 meque
1591 2277 1789 2317 observat

362 2335 712 2391 diligentissime:
746 2335 869 2389 eujus
899 2349 997 2374 eum
1033 2343 1153 2389 patre
1189 2348 1345 2389 magna
1370 2333 1474 2374 mihi
1499 2332 1581 2374 fuit
1601 2332 1791 2374 amicitia

237 2392 451 2447 {samjam
486 2391 583 2432 inde
614 2407 638 2431 a
665 2402 880 2446 quaestura
914 2405 1007 2432 mea
1034 2391 1261 2432 Siciliensi.
1322 2390 1512 2432 Omnino
1550 2404 1665 2431 nunc
1700 2390 1791 2446 ipse

247 2447 250 2451 ’
320 2454 351 2475 ³·
368 2449 562 2492 Bruttius
587 2447 740 2488 Romae
762 2463 927 2489 meeum
949 2456 1037 2490 est:
1063 2448 1134 2489 sed
1161 2459 1300 2489 tamen
1323 2448 1498 2488 domum
1515 2446 1622 2501 ejus,
1637 2456 1680 2487 et
1701 2460 1789 2488 rem

365 2506 631 2556 familiarem,
653 2513 695 2545 et
725 2514 1017 2560 procuratores
1048 2505 1127 2546 tibi
1158 2506 1218 2547 sic
1251 2504 1520 2555 commendo,
1548 2495 1596 2544 ut
1629 2503 1793 2560 majore

410 2671 425 2701 7
437 2669 445 2696 1
467 2675 587 2704 magno
601 2665 659 2696 sibi
673 2665 756 2704 orm]
773 2666 842 2702 sibi,
857 2668 963 2697 nescio
980 2677 1059 2705 qno.
1146 2669 1186 2699 72
1196 2666 1323 2704 publice
1337 2666 1442 2695 alieno
1454 2666 1581 2695 nomine
1589 2663 1688 2704 poss]
1703 2664 1731 2694 A
1745 2673 1794 2694 re-

371 2709 480 2746 modo,
495 2709 649 2738 omissum
666 2708 700 2737 in
712 2707 783 2738 edd.
799 2717 849 2748 pr.
867 2708 930 2738 Ms.
948 2709 1010 2739 Cu.
1031 2711 1057 2739 1.
1105 2707 1234 2747 publica
1255 2707 1500 2739 Calactinorum
1523 2711 1683 2747 occupata
1703 2712 1794 2743 nunt,

372 2760 462 2781 meus
489 2750 624 2781 habent.
669 2750 721 2780 Sie
744 2754 778 2780 et
804 2750 949 2780 Graevius
972 2750 1060 2780 dedit
1104 2749 1161 2779 sed
1175 2758 1240 2778 non
1254 2750 1321 2789 ejus
1345 2751 1477 2780 nomine
1499 2753 1667 2787 tenentur,
1680 2757 1792 2780 verum

372 2793 482 2864 Emito.
498 2792 588 2823 abest
610 2800 722 2823 tamen
745 2796 779 2822 et
795 2802 815 2823 a
836 2791 915 2822 Mss.
931 2793 1060 2832 quihus·
1105 2791 1239 2822 alterius
1253 2792 1420 2831 cujusdam
1436 2791 1565 2832 privati.

396 2844 460 2865 am.
