1865 3223
156 1536 190 1568 p.
207 1526 278 1560 191.

263 98 346 134 310
571 90 748 130 EPIST.
777 90 963 130 LIBER
989 89 1388 130 DUODECIM'US

265 205 456 241 nostram
491 196 686 247 salutem,
707 195 971 250 39cupiditas
1000 195 1183 249 partium
1212 194 1404 244 aliarum,
1427 201 1698 249 perseveran-

268 255 330 297 tia
350 255 394 296 in
415 254 708 296 contemtione
739 252 893 308 optimi
928 251 1150 307 cujusque,
1174 251 1347 292 ferenda
1367 252 1473 292 mihi
1497 263 1580 290 non
1601 249 1699 290 fuit.

269 326 350 355 nec
383 323 524 353 tamen
557 324 704 352 omnes
735 309 923 365 perditos
960 322 1052 348 esse
1088 318 1205 362 puto.
1266 307 1348 349 Sed
1377 308 1505 348 iidem
1530 306 1603 355 illi,
1625 306 1702 361 qui

269 378 362 411 tum
384 368 621 424 fugientem
646 376 806 422 patrem
837 379 993 415 meum,
1015 365 1086 419 qui
1125 364 1173 405 L.
1197 364 1441 415 Lentulum,
1462 365 1534 419 qui
1574 363 1703 404 Pom-

271 425 431 482 peium,
455 425 527 481 qui
555 433 719 465 ceteros
743 424 854 462 viros
875 421 1130 461 clarissimos
1161 435 1246 462 non
1268 430 1534 477 receperunt,
1558 420 1703 469 iidem,

272 493 490 539 tamquam
513 480 657 535 aliquo
682 478 785 527 fato,
807 487 850 518 et
872 491 984 517 nunc
1017 487 1090 518 aut
1118 479 1416 533 magistratum
1440 486 1608 533 gerunt,
1629 485 1704 517 aut

273 554 360 590 eos,
381 539 571 595 quisunt
594 538 637 577 in
661 535 928 591 magistratu,
953 534 994 573 in
1028 548 1103 573 sua
1134 533 1295 575 habent
1329 545 1555 591 potestate.
1618 532 1705 574 Ita-

276 610 359 652 que
379 594 526 636 eadem
549 591 749 649 superbia
770 592 811 632 in
836 590 1045 646 pravitate
1074 599 1266 631 utuntur.
1328 592 1524 639 Quorum
1549 591 1708 646 impro-

278 654 454 694 bitatem
483 649 713 705 aliquando
733 646 972 697 4⁰retundi,
995 656 1039 688 et
1066 660 1151 687 nou
1179 647 1265 702 pati
1299 647 1555 703 impunitate
1576 660 1710 703 auge-

275 711 327 760 ri,
349 723 435 750 non
459 708 595 748 solum
619 705 722 747 utile
743 714 807 745 est
828 703 1076 760 reipublicae
1108 714 1279 754 nostrae,
1302 706 1375 745 sed
1401 706 1529 746 etiam
1565 718 1709 745 neces-

279 767 451 808 sarium.
486 764 553 805 De
575 772 719 803 nostra
739 761 967 817 dignitate,
989 760 1112 801 velim
1138 761 1215 801 tibi
1239 770 1286 801 ut
1309 775 1474 816 semper
1495 776 1609 803 curae
1632 761 1708 802 sit:

278 832 336 874 et,
358 835 631 877 quocumque
653 829 846 874 tempore
867 818 1139 859 occasionem
1170 818 1383 867 habueris,
1405 827 1448 859 et
1480 818 1522 858 in
1547 827 1710 868 senatu,

278 889 323 921 et
344 879 386 919 in
408 878 561 919 ceteris
582 876 708 918 rebus
738 874 853 916 laudi
885 885 1044 916 nostrae
1076 873 1323 930 suffragere.
1344 877 1382 905 41
1400 875 1587 921 Quando
1608 889 1710 915 cou-

280 935 442 977 sulibus
474 934 646 975 decreta
678 941 742 974 est
764 931 881 983 Asia,
904 942 947 973 et
971 933 1224 989 permissum
1248 939 1313 973 est
1333 932 1400 982 iis,
1422 940 1484 982 ut,
1505 932 1605 972 dum
1631 931 1711 986 ipsi

279 993 489 1042 venirent,
518 991 669 1032 darent
701 990 940 1045 negotium,
961 989 1033 1045 qui
1056 987 1204 1030 Asiam
1237 989 1487 1030 obtineant:
1520 1002 1626 1044 rogo
1657 996 1714 1038 te,

279 1059 400 1107 petas
421 1049 476 1090 ab
500 1048 566 1099 iis,
589 1047 637 1089 ut
655 1046 767 1088 hanc
788 1046 1043 1103 dignitatem
1066 1046 1337 1102 potissimum
1363 1047 1486 1087 nobis
1510 1046 1716 1095 tribuant,

280 1118 323 1148 et
346 1106 451 1147 mihi
474 1105 576 1146 dent
599 1104 837 1161 negotium,
862 1113 907 1144 ut
925 1103 1071 1145 Asiam
1095 1103 1329 1153 obtineam,
1349 1103 1501 1144 42dum
1526 1103 1715 1157 ipsorum

280 1164 482 1206 alteruter
506 1162 681 1203 venerit,
740 1160 871 1211 Nam,
893 1161 1009 1216 quod
1040 1161 1124 1201 huc
1147 1168 1375 1217 properent
1398 1160 1440 1200 in
1463 1160 1716 1216 magistratu

281 1221 442 1271 venire,
464 1229 538 1260 aut
558 1219 797 1261 exereitum
819 1219 1004 1267 mittere,
1026 1231 1195 1259 causam
1229 1231 1313 1258 non
1347 1216 1522 1258 habent.
1584 1216 1718 1258 Dola-

281 1278 394 1321 bella
414 1277 527 1318 enim
551 1277 594 1318 in
618 1276 743 1330 Syria
763 1284 853 1316 est:
883 1285 940 1326 et,
965 1285 1011 1316 ut
1040 1285 1085 1315 tu
1115 1275 1262 1315 divina
1283 1283 1356 1315 tua
1377 1284 1520 1314 mente
1545 1287 1718 1330 prospe-

283 1336 388 1377 xisti
420 1342 465 1376 et
499 1333 757 1390 praedicasti,
784 1331 886 1372 dum
920 1333 988 1373 isti
1014 1332 1201 1380 veniant,
1225 1330 1400 1373 Cassius
1435 1346 1533 1372 eum
1572 1330 1718 1386 oppri-

283 1402 387 1433 met.
449 1390 661 1432 Exclusus
683 1390 798 1430 enim
824 1389 878 1429 ab
900 1389 1136 1430 Antiochia
1168 1387 1407 1439 Dolabella,
1429 1399 1473 1428 et
1506 1390 1548 1428 in
1582 1401 1720 1444 oppu-

288 1448 462 1505 gnando
485 1447 593 1488 male
614 1456 831 1502 acceptus,
854 1446 969 1486 nulla
992 1445 1074 1485 alia
1095 1445 1282 1486 confisus
1305 1446 1423 1495 urbe,
1450 1445 1722 1494 Laodiceam,

289 1521 386 1561 quae
419 1512 484 1544 est
517 1505 558 1545 in
595 1503 719 1559 Syria
750 1502 803 1544 ad
835 1516 966 1554 mare,
989 1516 1032 1543 se
1064 1501 1262 1543 contulit.
1285 1501 1345 1542 ibi
1377 1515 1501 1556 spero
1529 1501 1722 1542 celeriter

270 1577 387 1604 ·eun1
420 1575 573 1617 poenas
605 1562 819 1601 daturum.
881 1559 995 1601 Nam
1035 1573 1186 1614 neque,
1215 1573 1300 1613 quo
1334 1557 1535 1622 refugi-at,
1568 1557 1724 1599 habet:

290 1633 428 1675 neque
449 1618 611 1659 diutius
635 1617 692 1658 ibi
717 1616 876 1673 poterit
898 1626 1065 1658 tantum
1087 1616 1324 1657 exercitum
1342 1615 1479 1656 Cassii
1503 1615 1724 1656 sustinere.

291 1691 415 1732 spero
437 1675 567 1716 etiam
590 1674 837 1716 confectum
867 1688 958 1715 esse
981 1672 1073 1728 jam
1097 1683 1140 1714 et
1161 1686 1411 1729 oppressum
1440 1672 1724 1713 Dolabellam.

293 1735 438 1782 Quare
461 1747 543 1773 non
576 1740 698 1788 puto,
722 1730 905 1772 Pansam
928 1740 971 1771 et
995 1729 1188 1771 Hirtium
1212 1731 1252 1771 in
1277 1730 1500 1771 consulatu
1526 1743 1727 1785 propera-

293 1799 410 1832 turos
447 1790 488 1830 in
521 1788 763 1844 provincias
798 1789 931 1839 exire,
951 1788 1024 1828 sed
1062 1786 1214 1828 Romae
1247 1795 1416 1828 acturos
1441 1786 1726 1827 consulatum.

295 1847 449 1902 Itaque
479 1846 510 1885 si
552 1846 606 1886 ab
640 1845 708 1886 his
745 1845 931 1900 petieriS,
955 1853 1001 1885 ut
1034 1844 1195 1885 interea
1223 1844 1347 1884 nobis
1381 1843 1728 1899 procurationem

297 1903 412 1946 Asiae
435 1903 553 1952 dent,
575 1917 698 1958 spero
722 1913 763 1942 te
795 1916 918 1956 posse
950 1902 1190 1958 impetrare.
1215 1910 1420 1955 praeterea
1443 1900 1546 1940 mihi
1572 1901 1731 1955 promi-

297 1968 443 2002 serunt
465 1959 606 2000 Pansa
626 1969 669 2000 et
695 1958 865 2000 Hirtius
891 1972 1051 2009 coram,
1073 1969 1116 1998 et
1138 1959 1303 1998 absenti
1328 1957 1431 1997 mihi
1455 1958 1732 2013 scripserunt,

300 2018 536 2072 Verrioque
559 2027 704 2057 nostro
740 2016 880 2057 Pansa
912 2015 1156 2066 affirmavit,
1179 2030 1221 2055 se
1245 2015 1443 2055 daturum
1467 2028 1657 2070 operam,
1678 2028 1732 2055 ne

301 2076 344 2116 in
367 2089 444 2115 suo
465 2073 689 2115 consulatu
712 2073 817 2114 mihi
841 2073 1107 2113 succedatur.
1170 2071 1264 2128 Ego
1296 2086 1422 2128 porro
1444 2086 1546 2122 nou,
1568 2071 1733 2112 medius

302 2131 443 2183 fidius,
464 2131 702 2187 cupiditate
735 2130 969 2187 provinciae
1004 2129 1181 2186 produci
1206 2129 1375 2184 longius
1407 2129 1594 2185 spatium
1627 2128 1735 2169 mihi

346 2268 386 2300 39
409 2265 570 2304 cupiditas
594 2275 631 2304 p.
655 2265 717 2304 aL]
744 2264 901 2295 Abundat
918 2273 1001 2304 par·
1043 2263 1092 2293 ed.
1116 2264 1211 2294 Rom.
1254 2264 1317 2295 Sed
1345 2264 1462 2294 melius
1483 2268 1533 2294 est
1551 2265 1630 2304 pari
1651 2263 1736 2295 addi.

305 2308 388 2340 tium
405 2308 550 2337 {diarum
562 2319 576 2344 ‚·
600 2317 676 2337 nam
700 2307 862 2347 cupiditas
875 2305 1002 2346 simpli·
1045 2308 1123 2338 MSS.
1140 2306 1230 2336 Gorl.
1246 2307 1309 2336 Gn.
1331 2310 1356 2336 l.
1373 2310 1404 2337 2.
1423 2306 1545 2336 liabent
1557 2307 1683 2345 putari.

306 2350 389 2381 citer
404 2348 551 2379 studium
571 2349 714 2388 partium
738 2359 823 2388 saepe
845 2353 895 2378 est
917 2348 1004 2388 apud
1085 2351 1122 2379 41
1149 2348 1292 2389 „Quando
1313 2358 1390 2378 coss.
1413 2349 1443 2380 d.
1467 2348 1507 2388 e.]
1533 2350 1585 2378 Sic
1608 2348 1688 2380 Mss.
1703 2352 1739 2378 et

307 2392 515 2423 Ciceronem.
562 2390 625 2420 Sed
653 2391 823 2430 eleganter
853 2389 1002 2420 additum
1046 2390 1118 2420 edd.
1135 2400 1181 2431 pr.
1196 2400 1262 2421 non
1277 2390 1403 2431 Quum.

308 2438 359 2465 est
387 2432 428 2464 ad
455 2433 615 2471 aequanda
643 2434 802 2463 orationis
830 2432 1001 2463 membra:
1088 2434 1130 2462 42>
1152 2433 1231 2462 dum
1247 2434 1269 2463 i.
1287 2442 1319 2462 a.
1333 2432 1435 2472 venit]
1461 2433 1565 2471 Supra
1587 2434 1636 2462 est
1658 2431 1738 2462 dnm

309 2476 372 2508 nisi
394 2473 480 2515 quod
502 2476 648 2505 aliarum
663 2474 791 2505 videtur
804 2485 873 2506 esse
885 2485 904 2505 a
919 2473 1004 2514 glos·
1046 2476 1205 2511 venirent,
1218 2475 1271 2505 hic
1286 2474 1382 2506 debet
1399 2484 1467 2504 esse
1483 2474 1740 2504 dum—venerit.

310 2520 430 2550 satore.¹
1047 2517 1140 2556 Saepe
1156 2517 1188 2547 in
1206 2516 1267 2547 boc
1281 2517 1466 2547 aberratum
1488 2520 1536 2546 est
1560 2526 1578 2546 a
1601 2515 1741 2546 librariis

352 2563 395 2592 40
416 2559 560 2596 retundi,
581 2564 613 2590 et
635 2568 698 2589 non
713 2560 790 2598 pati
810 2560 889 2598 imp.
904 2567 1006 2597 auge·
1049 2559 1147 2588 etiam
1172 2558 1316 2598 deceptis
1341 2557 1533 2598 compendio
1556 2558 1739 2597 scripturae.

311 2601 358 2642 ri]
389 2602 466 2633 Ncn
490 2601 572 2631 bene
600 2601 668 2632 haee
695 2602 919 2637 consentiunt,
944 2601 1006 2631 nisi
1050 2600 1207 2631 Similiter
1218 2610 1293 2630 mox
1305 2605 1355 2630 est
1368 2601 1519 2630 vitiosum
1530 2601 1607 2630 dum
1621 2601 1674 2631 isti
1689 2610 1742 2630 ve-

309 2644 384 2684 patz'
399 2642 522 2684 passive
540 2642 665 2674 dictum
687 2648 749 2674 est.
792 2643 1005 2674 Scribendum
1049 2644 1157 2672 nium.
1181 2642 1245 2672 Ms.
1262 2651 1366 2678 meuS,
1382 2642 1444 2672 Gu.
1460 2646 1488 2672 2.
1504 2646 1536 2673 et
1553 2642 1625 2673 edd.
1642 2642 1739 2674 Rom.

314 2690 364 2716 est
374 2687 463 2725 pari.
480 2695 597 2725 nempe
611 2685 862 2725 anteimpunita
875 2685 939 2714 fuit
953 2695 1006 2714 eo·
1049 2684 1132 2715 Ven.
1157 2685 1245 2719 1469.
1273 2687 1360 2718 1471.
1381 2686 1519 2715 venient.
1565 2685 1635 2717 Ser.
1651 2684 1740 2716 veni-

315 2737 390 2758 rum
415 2728 609 2768 improbitas
634 2732 668 2757 et
693 2728 856 2768 superbia,
881 2726 919 2756 de
944 2737 1008 2766 qua
1050 2732 1119 2758 ant.
1141 2727 1185 2757 sic
1199 2737 1251 2767 ep.
1273 2730 1318 2762 19.

315 2769 397 2801 dixit
423 2775 513 2805 ante.
556 2771 713 2801 Ceterum
734 2769 832 2810 plane
854 2769 946 2800 abest
967 2769 1008 2799 ab
