1865 3223
349 93 426 126 368
590 90 766 128 EPIST.
793 92 979 130 LIBER
1004 93 1537 133 TERTIUSDECIMUS

346 193 595 234 memoriam
620 204 735 235 tuam
759 206 913 237 nostrae
939 197 1276 246 necessitudinis,
1299 213 1383 252 qua
1405 199 1509 239 mihi
1530 198 1635 239 nihil
1650 209 1770 255 pote-

346 261 411 291 rat
432 251 786 305 essejucundius.
847 254 974 300 Quod
1013 253 1219 309 reliquum
1254 264 1330 304 est,
1362 256 1496 296 multo
1529 257 1658 296 etiam
1687 257 1770 297 erit

346 308 523 363 gratius,
547 308 581 348 si
604 309 655 350 ad
678 323 745 350 me
767 310 818 350 de
841 311 1071 366 republica,
1095 311 1171 351 4id
1193 321 1270 361 est,
1299 312 1350 352 de
1375 322 1486 353 statu
1515 313 1763 367 provinciae,

345 365 397 404 de
419 365 624 406 institutis
655 367 738 406 tuis
766 366 1030 408 familiariter
1061 368 1234 408 scribes.
1294 369 1403 414 Quae
1433 383 1688 424 quamquam
1713 383 1766 410 ex

345 422 489 462 multis
514 437 587 477 pro
611 432 682 462 tua
706 423 897 463 claritate
919 424 1102 473 audiam,
1134 433 1274 465 tamen
1303 425 1580 466 libentissime
1607 441 1658 466 ex
1686 426 1767 466 tuis

343 477 495 519 litteris
516 494 789 534 cognoscam.
851 478 944 534 Ego
966 480 1019 520 ad
1053 489 1107 530 te,
1131 480 1182 521 de
1204 482 1448 537 reipublicae
1477 497 1641 523 summa
1663 483 1765 537 quid

344 537 540 585 sentiam,
579 550 661 575 non
696 549 810 591 saepe
843 537 1041 585 scribam,
1077 546 1249 591 propter
1288 540 1518 593 periculum
1554 539 1765 593 ejusmodi

344 591 593 632 litterarum.
654 592 769 638 Quid
796 603 947 648 agatur
969 603 1125 643 autem,
1148 594 1330 634 scribam
1353 597 1522 651 saepius.
1584 596 1762 651 Sperare

343 658 485 689 tamen
506 649 665 699 videor,
689 652 707 680 5
725 648 902 700 Caesari,
936 649 1112 705 collegae
1146 660 1304 700 nostro,
1334 651 1423 692 fore
1444 667 1572 702 curae,
1595 662 1636 692 et
1659 666 1764 703 esse,

342 714 390 745 ut
408 704 640 746 habeamus
672 706 857 761 aliquam
891 707 1224 762 rempublicam;
1255 707 1377 762 cujus
1410 710 1596 749 consiliis
1620 709 1763 765 magni

342 760 550 802 referebat
575 772 614 802 te
639 762 854 804 interesse.
896 764 993 814 Sed,
1017 764 1049 803 si
1076 764 1152 804 tibi
1174 764 1318 804 utilius
1342 774 1419 814 est,
1443 765 1482 804 id
1505 775 1582 815 est,
1603 767 1762 820 glorio-

341 819 441 870 sius,
465 819 582 860 Asiae
612 834 808 875 praeesse,
841 830 881 861 et
918 821 1040 862 istam
1073 830 1232 875 partem
1259 821 1503 876 reipublicae
1528 824 1635 862 male
1662 822 1764 864 affe-

340 885 453 916 ctam
478 876 609 917 tueri:
644 876 747 916 mihi
768 892 938 932 quoque
962 878 1249 932 6idem,quod
1272 879 1350 918 tibi
1373 889 1414 919 et
1431 878 1544 918 laudi
1565 889 1648 919 tuae
1669 894 1765 934 pro-

339 931 528 973 futurum
553 942 630 982 est,
650 936 839 988 optatius
858 935 986 975 debet
1003 949 1108 975 esse.
1171 934 1280 990 Ego,
1300 950 1395 990 quae
1416 935 1467 975 ad
1487 945 1600 975 tuam
1622 935 1764 990 digni-

336 997 468 1030 tatem
493 990 703 1044 pertinere
724 991 978 1041 arbitrabor,
1001 1006 1168 1031 summo
1190 993 1332 1033 studio
1354 992 1661 1048 diligentiaque
1687 1007 1762 1033 cu-

335 1047 462 1087 rabo:
497 1047 541 1088 in
580 1048 813 1103 primisque
842 1051 994 1089 tuebor
1030 1049 1146 1089 omni
1177 1050 1448 1090 observantia
1479 1048 1758 1090 clarissimum

336 1102 489 1154 virum,
514 1114 677 1159 patrem
697 1113 840 1147 tuum:
872 1106 987 1160 quod
1019 1114 1062 1146 et
1092 1120 1168 1161 pro
1190 1116 1399 1147 vetustate
1421 1106 1762 1157 necessitudinis,

334 1170 377 1200 et
399 1175 475 1216 pro
500 1160 717 1202 beneficiis
742 1164 905 1213 vestris,
919 1172 962 1203 et
983 1177 1058 1218 pro
1072 1162 1283 1218 dignitate
1303 1164 1434 1219 ipsius
1452 1162 1589 1203 facere
1611 1163 1762 1204 debeo.

267 1259 322 1306 69
846 1253 1247 1290 ARGUMENTUM.

568 1315 605 1350 C.
627 1315 804 1357 Curtium,
822 1320 863 1351 ut
883 1317 1041 1365 infidem
1059 1318 1269 1364 recipiatur,
1291 1317 1526 1351 commendat.

465 1379 532 1420 M.
555 1380 605 1422 T.
630 1381 681 1422 c.
716 1381 765 1422 P.
789 1381 1095 1433 SERVILIO,
1129 1382 1447 1433 COLLEGAE,
1479 1382 1523 1423 S.
1549 1382 1606 1423 D.

334 1433 399 1486 C.
422 1446 689 1489 CURTIUS
725 1448 926 1500 Mithres,
960 1459 1024 1490 est
1054 1450 1123 1491 ine
1154 1450 1342 1505 quidem,
1373 1461 1417 1491 ut
1453 1451 1548 1501 seis,
1581 1450 1757 1491 libertus

330 1502 543 1554 Postumi,
563 1503 883 1547 familiarissimi
908 1507 989 1547 mei
1009 1524 1018 1548 ε
1042 1507 1113 1547 sed
1135 1521 1204 1548 me
1225 1506 1330 1547 colit
1351 1517 1392 1547 et
1405 1508 1604 1548 observat
1620 1521 1756 1561 aeque,

327 1569 456 1614 atque
493 1561 612 1602 illum
655 1563 796 1618 ipsum
833 1576 1060 1619 patronum
1094 1579 1231 1604 suum.
1292 1562 1422 1619 Apud
1451 1578 1549 1604 eum
1578 1577 1660 1619 ego
1694 1563 1755 1604 sic

329 1615 488 1672 Ephesi
513 1618 589 1669 fui,
611 1619 967 1676 quotiescumque
990 1621 1066 1672 fui,
1087 1629 1304 1676 tamquam
1325 1621 1442 1661 domi
1466 1634 1588 1661 meae.
1638 1619 1756 1660 Mul.

196 1700 227 1731 p.
241 1690 314 1723 229.
328 1682 455 1729 taque
477 1676 739 1727 acciderunt,
762 1677 805 1717 in
828 1679 982 1732 quibus
1015 1688 1058 1719 et
1080 1677 1413 1719 benivolentiam
1447 1677 1538 1732 ejus
1565 1690 1668 1732 erga
1689 1691 1756 1733 me

282 1732 541 1786 a-experirer
561 1743 603 1773 et
625 1733 768 1774 fidem.
828 1734 980 1790 Itaque
1013 1736 1046 1775 si
1079 1735 1181 1789 quid
1214 1745 1288 1776 aut
1320 1734 1440 1785 mihi,
1463 1743 1537 1775 aut
1560 1748 1753 1775 meorum

323 1788 511 1844 cuipiam
534 1789 575 1830 in
600 1789 704 1831 Asia
724 1806 831 1846 opus
853 1802 931 1842 est,
950 1792 1002 1832 ad
1026 1793 1138 1833 hunc
1161 1792 1344 1833 scribere
1365 1791 1592 1843 consuevi3
1624 1790 1752 1844 hujus

324 1860 420 1886 cum
445 1860 576 1901 opera
596 1857 638 1886 et
661 1847 758 1898 fide,
782 1858 871 1888 tum
894 1849 1023 1889 domo
1046 1858 1088 1888 et
1111 1863 1152 1889 re
1177 1850 1253 1899 uti,
1269 1858 1484 1903 tamquam
1501 1862 1607 1888 mea.
1641 1846 1753 1890 Haec

322 1902 376 1942 ad
401 1911 440 1943 te
464 1917 514 1943 eo
537 1903 728 1958 pluribus
747 1905 912 1960 scripsi,
935 1904 1266 1960 utintelligeres,
1285 1919 1351 1945 me
1373 1909 1391 1938 7
1407 1919 1490 1945 non
1508 1904 1753 1960 vulgariter,

321 1972 403 2000 nec
423 1960 665 2013 ambitiose,
688 1962 759 2002 sed
783 1974 830 2002 ut
853 1977 928 2018 pro
953 1962 1126 2003 homine
1148 1963 1316 2013 intimo,
1339 1977 1388 2002 ac
1411 1961 1516 2002 mihi
1531 1975 1752 2016 perneces-

323 2015 450 2066 sario,
472 2017 669 2058 scribere.
703 2018 811 2060 Peto
835 2019 966 2075 igitur
987 2034 1012 2059 a
1030 2029 1085 2069 te,
1103 2028 1150 2059 ut
1172 2020 1215 2060 in
1237 2034 1286 2059 ea
1304 2019 1751 2073 controversia‚quam

323 2072 454 2113 habet
474 2073 526 2114 de
551 2073 684 2116 fundo
716 2091 814 2117 cum
846 2077 1032 2131 quodam
1067 2076 1356 2132 Colophonio,
1378 2085 1422 2116 et
1447 2076 1491 2115 in
1513 2076 1664 2116 ceteris
1687 2090 1752 2116 re-

322 2129 416 2180 bus,
439 2141 646 2184 quantum
670 2133 773 2173 fides
798 2142 870 2174 tua
892 2134 1091 2189 patietur,
1113 2142 1406 2188 quantumque
1428 2142 1502 2172 tuo
1521 2133 1751 2173 commodo

323 2189 497 2240 poteris,
523 2198 688 2230 tantum
722 2200 765 2230 et
797 2191 971 2232 honoris
1004 2191 1087 2231 mei
1122 2205 1250 2231 causa
1281 2189 1552 2231 commodes:
1584 2189 1679 2239 etsi,
1702 2200 1748 2230 ut

321 2243 414 2297 ejus
437 2245 690 2287 modestiam
713 2249 914 2303 cognovi,
947 2248 1088 2303 gravis
1119 2248 1198 2288 tibi
1221 2247 1333 2288 nulla
1356 2247 1398 2287 in
1422 2260 1465 2286 re
1483 2246 1578 2287 erit.
1638 2246 1684 2286 Si
1706 2256 1749 2287 et

323 2313 417 2340 mea
439 2305 812 2345 commendatione
848 2314 890 2344 et
923 2319 999 2345 sua
1025 2305 1239 2360 probitate
1261 2313 1478 2345 assecutus
1500 2304 1594 2353 erit,
1613 2304 1674 2344 uti
1697 2303 1749 2343 de

322 2371 365 2397 se
409 2358 515 2398 bene
549 2361 793 2413 existimes3
835 2363 980 2402 omnia
1021 2377 1064 2402 se
1093 2362 1294 2418 adeptum
1337 2360 1627 2401 arbitrabitur.
1688 2360 1747 2401 Ut

361 2492 381 2519 4
403 2491 921 2530 i.e.(lestatuprozudeinstitutis
933 2493 1009 2532 tuis]
1058 2492 1286 2522 antecedentia
1316 2490 1502 2526 referretur,
1535 2494 1661 2520 rectum
1696 2499 1744 2519 es-

321 2530 396 2561 Non
413 2533 624 2563 consentiunt
648 2533 699 2562 hic
719 2533 804 2563 libri.
833 2545 893 2570 ego
920 2540 1011 2575 pum,
1056 2542 1115 2565 set.

319 2574 356 2602 id
368 2578 425 2610 est,
447 2575 485 2604 de
499 2579 589 2605 statu
599 2585 690 2614 prov.
705 2585 772 2604 esse
788 2577 928 2606 insititia
944 2582 977 2606 et
993 2588 1011 2607 a
1097 2581 1113 2609 7
1138 2586 1199 2605 ηοη
1223 2574 1420 2614 vulgariter]
1448 2574 1520 2604 Hoc
1547 2583 1621 2603 cum
1650 2574 1742 2604 Gra--

320 2615 511 2654 glossatore.
1054 2618 1104 2647 vio
1132 2619 1272 2654 restitui,
1292 2616 1421 2647 sublato
1441 2616 1575 2655 vulgato
1591 2618 1741 2655 vulgare,

361 2661 379 2688 5
408 2658 539 2695 th'sari,
555 2661 683 2698 collegoe
698 2659 818 2699 nostro]
844 2660 882 2689 In
907 2669 1009 2700 augu-
1051 2660 1137 2698 quod
1163 2666 1279 2689 contra
1304 2659 1422 2688 bonam
1451 2657 1652 2688 latinitatem
1681 2664 1741 2688 est.

320 2706 391 2729 ratu
405 2713 410 2729 ε
436 2712 531 2739 quem
548 2706 580 2731 ut
596 2700 749 2731 Servilius
764 2701 915 2732 habebnt.
1050 2702 1236 2740 vulgariter
1258 2701 1355 2731 habet
1380 2700 1430 2730 ed.
1452 2703 1539 2733 1451.
1555 2710 1614 2730 nec
1629 2701 1741 2732 Victo-

360 2744 379 2772 6
401 2744 500 2782 idem]
527 2744 577 2773 An
606 2744 642 2773 id
653 2744 669 2773 :⁹
692 2753 782 2779 nam,
799 2754 897 2783 quare
924 2744 1008 2773 idem
1052 2744 1117 2773 rius
1132 2746 1270 2782 vulgare
1287 2750 1383 2773 ausus
1403 2747 1452 2772 est
1477 2742 1595 2773 inferre
1617 2743 1650 2773 in
1669 2747 1743 2772 tex-

319 2783 370 2813 hic
385 2785 440 2821 sit,
458 2786 549 2816 nulla
565 2786 647 2815 ratio
661 2790 720 2816 est.
765 2787 798 2816 Si
814 2785 1006 2826 simpliciter
1049 2790 1133 2821 tum,
1160 2786 1219 2816 etsi
1241 2786 1312 2824 jam
1334 2785 1369 2813 in
1401 2783 1454 2814 ed.
1472 2784 1568 2817 Rom.
1593 2789 1627 2815 et
1648 2784 1740 2816 Med.

317 2831 398 2857 esset
413 2839 417 2855 :
442 2828 525 2858 idem
551 2829 692 2867 ομταίὶυιε
711 2837 774 2858 esse
798 2829 898 2866 debet,
913 2834 950 2858 ut
967 2827 1005 2859 ad
1048 2831 1110 2865 est,
1126 2837 1224 2868 quam
1238 2827 1292 2859 ille
1309 2836 1376 2859 uon
1392 2826 1526 2858 viderat.
