1865 3223
487 82 567 120 AD
593 81 974 122 C.MEMM1UM
1000 83 1074 120 ET
1100 83 1288 121 ALIOS.
1526 90 1602 124 333

175 186 359 229 debebat
363 186 400 236 ‚)
421 186 493 228 sed
516 186 617 242 quia
634 186 733 227 novi
756 184 1109 249 ejusjudicium
1101 200 1144 226 in
1166 185 1412 228 hominibus
1433 196 1477 229 et
1498 189 1605 230 ami-

174 244 236 285 cis
260 243 515 299 deligendis.
576 243 740 284 Harum
762 243 998 283 litterarum
1019 241 1084 282 vis
1105 253 1266 306 quanta
1286 244 1428 294 fuerit,
1450 259 1605 300 prope-

171 300 288 341 diem
318 299 554 355 judicabo;
586 299 764 353 tibique,
801 308 849 340 ut
877 298 1065 362 confido,
1096 299 1255 354 gratias
1290 314 1430 354 agam.
1492 300 1602 356 Ego,

176 370 273 411 quae
297 365 337 397 te
362 357 480 407 velle,
498 369 680 412 quaeque
699 356 750 396 ad
774 364 816 396 te
839 356 1049 411 pertinere
1071 356 1326 406 arbitrabor,
1350 357 1495 397 omnia
1517 367 1604 397 stu-

177 414 296 454 diose
315 412 626 477 diligenterque
644 413 820 453 curabo.
882 411 1010 463 Cura,
1033 420 1079 453 ut
1100 411 1253 453 valeas.
1317 412 1605 453 16P.C01-ne-

174 468 270 519 lius,
293 469 366 525 qui
389 469 467 510 tibi
489 468 564 509 has
587 468 747 510 litteras
768 468 901 519 dedit,
931 479 996 510 est
1025 468 1131 510 mihi
1160 484 1186 510 a
1218 469 1269 510 P.
1293 468 1458 525 Cuspio
1487 484 1604 510 com-

174 526 426 567 mend-atus:
458 525 581 579 cujus
602 540 731 566 causa
750 535 912 581 quanto
933 540 1062 590 opere
1083 540 1284 581 cuperem
1305 525 1604 580 deberemque,

174 582 372 638 profecto
403 595 457 623 ex
488 596 556 623 me
589 582 713 624 facile
745 583 959 638 cognosti.
1021 582 1305 623 Vehementer
1335 592 1376 623 te
1405 596 1526 638 rog0,
1557 592 1605 623 ut

173 652 310 690 cures,
332 647 380 679 ut
399 652 453 680 ex
477 638 557 679 hac
580 616 953 681 commendatione
974 639 1080 680 mihi
1104 638 1291 694 Cuspius
1313 653 1440 694 quam
1465 639 1605 680 maxi-

174 709 282 747 mam,
303 709 431 751 quam
454 697 656 752 primum,
677 711 805 752 quam
830 696 1067 752 saepissime
1087 696 1246 752 gratias
1265 705 1380 752 agat.
1426 695 1545 737 Vale.

683 785 1086 823 ARGUMENTUM.
1613 780 1639 821 7

173 845 274 884 Petit
302 860 326 883 a
355 847 492 889 Cluvio,
520 860 564 884 rte
590 850 779 896 municipii
805 849 969 884 Atellani
996 849 1184 895 vectigalis
1211 861 1298 896 ager
1316 848 1513 888 dividatur,
1541 847 1604 884 sed

548 912 692 936 causam
710 902 889 948 integram
910 900 1042 936 Caesari
1061 912 1111 936 re
1101 905 1224 937 ervet.

532 967 599 1009 Μ.
621 967 672 1009 Τ.
696 967 748 1010 C.
781 967 1014 1010 CLUVIO
1046 968 1090 1009 S.
1113 968 1160 1008 P.
1189 968 1246 1009 D.

175 1022 322 1076 CUM
365 1034 408 1075 in
447 1033 633 1076 Galliam
671 1035 963 1092 proficiscens,
1001 1050 1077 1091 pro
1111 1044 1257 1076 nostra
1291 1034 1605 1077 necessitudine

174 1091 212 1124 17
227 1101 386 1147 tuaque
407 1106 572 1133 summa
595 1092 637 1132 in
660 1107 727 1133 me
746 1092 1032 1141 observantia,
1052 1091 1103 1133 ad
1122 1106 1189 1133 me
1207 1093 1381 1133 domum
1404 1092 1603 1142 venisses,

174 1144 341 1189 locutus
364 1163 456 1189 sum
480 1157 620 1190 tecum
643 1149 696 1190 de
717 1163 822 1204 agro
846 1149 1045 1204 vectigali
1067 1149 1288 1204 municipii
1308 1149 1510 1198 Atellani,
1528 1149 1603 1203 qui

174 1214 285 1246 esset
308 1205 349 1245 in
373 1205 411 1246 G
419 1205 536 1247 allia:
560 1214 806 1260 quantoque
827 1219 956 1261 opere
976 1205 1069 1259 ejus
1092 1205 1317 1260 municipii-
1338 1219 1466 1245 causa
1486 1205 1606 1246 labo-

172 1275 325 1312 mrem,
347 1262 426 1302 tibi
448 1262 631 1303 ostendi.
691 1261 796 1302 Post
830 1271 947 1302 tuam
977 1273 1119 1301 autem
1150 1261 1476 1323 profectionem,
1505 1275 1605 1302 cum

175 1327 219 1358 et
250 1319 438 1359 maxima
459 1332 524 1359 res
547 1317 770 1373 municipii
802 1317 1091 1359 honestissimi
1121 1318 1313 1373 mihique
1339 1318 1606 1372 conjunctis-

177 1375 288 1424 simi,
316 1384 359 1415 et
385 1389 599 1415 summum
628 1389 770 1415 meum
805 1374 997 1415 officium
1024 1384 1235 1430 ageretur,
1266 1389 1342 1430 pro
1365 1383 1438 1415 tuo
1460 1375 1605 1415 animo

174 1431 217 1471 in
245 1444 312 1472 me
340 1431 559 1496 singulari,
588 1431 851 1481 existimavi,
883 1445 952 1472 me
981 1441 1178 1486 oportere
1209 1431 1262 1472 ad
1296 1441 1337 1472 te
1363 1432 1604 1472 accuratius

175 1488 387 1530 scribere:
419 1489 498 1529 etsi
522 1503 607 1528 non
633 1502 723 1528 sum
748 1488 930 1538 nescius,
952 1498 995 1528 et
1017 1503 1113 1543 quae
1137 1498 1378 1543 temporum
1407 1488 1533 1537 ratio,
1559 1496 1645 1539 etp.
1660 1498 1732 1531 206.

176 1558 272 1600 quae
290 1553 364 1585 tua
380 1555 567 1600 potestas
588 1545 656 1595 sit,
680 1545 845 1600 tibique
862 1545 1084 1601 negotium
1102 1545 1249 1586 datum
1271 1559 1362 1585 esse
1383 1559 1408 1585 a
1430 1544 1482 1586 C.
1507 1544 1604 1585 Cae-
1657 1551 1678 1572 a

178 1615 283 1651 saie,
305 1615 390 1641 non
406 1602 637 1657 judicium,
663 1603 865 1657 praeclare
889 1601 1097 1657 intelligo.
1158 1602 1304 1648 Quare
1325 1617 1350 1642 a
1372 1611 1413 1642 te
1438 1611 1605 1642 tantum

178 1668 293 1713 peto,
323 1667 531 1713 quantum
561 1667 603 1698 et
630 1667 670 1698 te
693 1658 831 1699 facere
854 1673 991 1714 posse,
1012 1669 1055 1699 et
1077 1658 1257 1699 libenter
1279 1673 1374 1699 mea
1394 1673 1522 1699 causa
1543 1658 1606 1698 fa·

176 1723 346 1755 ctutum
379 1728 469 1755 esse
501 1715 698 1755 arbitrum
760 1714 816 1755 Et
848 1717 1034 1770 primum
1065 1714 1192 1755 velim
1223 1716 1460 1765 existimes,
1490 1714 1607 1770 quod

176 1785 242 1812 res
260 1781 338 1821 est,
351 1772 575 1828 municipii
595 1771 788 1812 fortunas
802 1786 950 1812 omnes
969 1772 978 1812 i
986 1787 1009 1811 n
1033 1772 1113 1812 isto
1131 1772 1330 1837 vectigali
1348 1771 1604 1812 consistere:

177 1826 244 1869 his
276 1837 419 1869 autem
448 1829 712 1884 temporibus
737 1829 826 1870 hoc
856 1829 1140 1884 municipium
1174 1830 1375 1869 maximis
1405 1829 1607 1869 oneribus

178 1898 385 1941 pressum,
418 1900 594 1926 summis
629 1885 830 1926 affectum
864 1900 953 1926 esse
987 1885 1330 1926 difficultatibus,
1391 1885 1492 1926 Hoc
1527 1885 1608 1926 etsi

178 1954 406 1983 commune
429 1943 596 1983 videtur
626 1956 718 1983 esse
746 1957 844 1984 cum
867 1942 1035 1983 multis:
1069 1952 1211 1983 tamen
1234 1941 1338 1982 mihi
1360 1942 1501 1993 crede,
1523 1942 1610 1982 sin-

181 1998 347 2054 gulares
377 1998 477 2040 huic
506 1999 743 2055 municipio
776 1999 1040 2040 calamitates
1067 1999 1288 2041 accidisse.
1319 2013 1426 2054 quas
1447 1999 1608 2040 idcirco

171 2069 266 2107 non
307 2070 613 2106 commemoro,
650 2070 702 2097 ne
738 2057 790 2096 de
824 2056 1003 2096 miseriis
1041 2070 1234 2096 meorum
1273 2055 1609 2097 necessariorum

180 2126 459 2168 conquerens,
485 2115 520 2143 ¹8
534 2113 744 2164 homines
777 2128 883 2168 quos
912 2113 1028 2163 nolo,
1052 2113 1195 2153 videar
1229 2112 1460 2153 offendere.
1521 2111 1623 2153 Ita-⁷

182 2183 279 2223 que,
313 2170 393 2211 nisi
423 2183 625 2225 magnam
655 2184 772 2226 spem
808 2170 1025 2220 haberem,
1056 2169 1108 2210 C
1132 2169 1293 2223 Caesari
1329 2184 1405 2210 nos
1436 2183 1610 2211 causam

184 2226 408 2290 municipii
433 2228 709 2282 probaturos:
731 2241 818 2268 non
837 2236 927 2267 erat
944 2240 1087 2274 causa,
1109 2241 1186 2267 cur
1207 2242 1231 2268 a
1254 2235 1295 2268 te
1315 2226 1400 2268 hoc
1421 2236 1612 2282 tempore

182 2281 344 2338 aliquid
377 2283 694 2324 contenderem.
726 2284 799 2325 sed
831 2283 933 2348 quia
966 2282 1154 2334 confido,
1185 2283 1377 2339 mihique
1409 2284 1612 2339 persuasi,

172 2337 303 2380 “illum
325 2348 368 2381 et
388 2339 613 2396 dignitatis
637 2340 876 2404 municipii,
903 2348 946 2381 et
969 2340 1200 2395 aequitatis,
1228 2341 1357 2382 etiam
1381 2340 1612 2381 voluntatis

181 2409 284 2452 eiga
315 2411 358 2438 se
387 2396 635 2438 habiturum
666 2412 757 2438 esse
788 2397 1020 2439 rationem:
1054 2397 1150 2438 ideo
1180 2412 1206 2438 a
1236 2407 1276 2439 te
1302 2413 1385 2438 non
1419 2397 1615 2437 dubitavi

182 2453 460 2507 contendere,
498 2463 546 2496 ut
586 2453 697 2496 hanc
737 2469 909 2496 causam
953 2453 1012 2495 illi
1065 2454 1277 2510 integram
1329 2467 1615 2496 conservares

170 2565 173 2567 Α
227 2565 265 2596 16
294 2565 339 2598 Ρ.
369 2566 551 2607 Cornelius]
583 2567 647 2599 Hic
672 2571 722 2598 est
746 2568 877 2598 initium
922 2567 1082 2598 Gruterus
1095 2571 1268 2598 secutuses
1257 2571 1303 2596 szt
1326 2567 1408 2606 [quse
1420 2570 1477 2596 tna
1488 2575 1618 2595 summa

178 2614 277 2637 novae
289 2610 454 2649 epistolae·
447 2620 480 2641 tn
493 2610 640 2650 pluribus
652 2609 742 2641 libris
751 2611 880 2650 scriptis
922 2611 957 2640 in
973 2619 1022 2639 me
1037 2611 1098 2640 obs
1104 2615 1114 2647 )
1141 2610 1174 2640 id
1188 2615 1221 2639 et
1238 2610 1304 2648 ipse
1322 2610 1505 2646 probarem,
1521 2609 1547 2638 si
1565 2609 1619 2638 ab·

182 2655 218 2680 et
231 2649 304 2681 edd.
320 2661 368 2691 pr.
385 2653 445 2682 has
458 2652 543 2683 male
553 2653 710 2683 omissum
723 2652 757 2683 in
770 2662 880 2683 recen·
923 2656 1007 2683 esset
1017 2661 1079 2692 pro
1095 2656 1205 2682 nostra
1220 2652 1372 2679 nenessitn
1376 2650 1459 2680 dine.

183 2661 340 2723 tioribusp
973 2696 1006 2724 18
1029 2696 1059 2724 Ιι.
1085 2703 1161 2733 qnos
1181 2695 1263 2726 nolo,
1287 2690 1461 2732 offendere]
1487 2700 1532 2721 sc.
1556 2701 1622 2727 eos,

229 2736 264 2768 17
292 2738 411 2775 tuaque
432 2746 458 2766 s
484 2736 520 2766 in
543 2745 594 2766 me
618 2736 695 2777 οὓς]
729 2737 785 2767 Sic
806 2736 884 2768 Μῦς.
928 2736 983 2775 qui
1003 2737 1142 2766 istorum
1167 2734 1325 2764 malorum
1349 2744 1409 2763 au(
1413 2738 1499 2764 tores
1522 2735 1628 2770 suere,

185 2773 294 2814 plures
316 2786 368 2816 ap.
391 2778 496 2808 Groev.
519 2779 571 2809 Sic
588 2789 691 2815 meus,
714 2779 778 2809 Gu.
809 2781 832 2809 Ι.
855 2781 886 2810 2.
930 2780 1039 2809 Caesar
1054 2784 1088 2807 et
1102 2779 1171 2815 ejus
1185 2780 1374 2806 sectatores.

186 2816 276 2847 θοι-1.
292 2823 326 2849 et
339 2818 410 2850 edd.
423 2828 472 2860 pr.
497 2821 662 2852 Victorius
674 2820 775 2858 dedit,
791 2830 887 2860 quem
