1817 3196
421 97 500 134 AD
523 91 871 132 METELLUM
897 89 1279 128 ET'CETEROS.
1492 92 1562 126 113

131 199 233 253 quia
260 199 375 241 doles
412 208 456 240 et
484 211 663 254 angere:
708 196 742 227 6¹
764 211 848 237 non
880 208 1054 250 possum
1087 202 1127 234 te
1158 207 1260 242 non,
1283 191 1316 231 si
1348 191 1560 253 conce-dis,

133 256 248 309 quod
271 256 490 306 sentimus,
515 264 560 295 ut
586 253 758 294 liberius
780 253 987 302 dicamus,
1007 263 1219 291 accusare.
1280 246 1397 294 Quid
1420 251 1562 288 enim?

134 322 178 353 tu
202 313 314 354 solus
332 322 479 368 aperta
510 325 595 351 non
618 310 797 360 videbis,
820 309 892 364 qui
916 317 1090 364 propter
1123 319 1300 347 acumen
1324 302 1562 365 occultissi-

131 381 202 410 ma
225 369 456 434 perspicis?
475 376 532 408 -tu
553 381 638 407 non
662 366 888 422 intelliges,
911 375 952 406 te
968 364 1148 420 querelis
1171 360 1432 417 quotidianis
1455 358 1562 399 nihil

131 427 363 479 proficere?
393 439 477 465 non
497 423 709 480 intelliges
727 423 932 479 duplicari
959 419 1280 469 sollicitudines,
1302 419 1342 448 62
1355 431 1459 472 quas
1478 416 1561 456 ele-

129 496 227 523 vare
241 491 295 532 te,
319 492 391 522 tua
413 481 639 536 prudentia
662 481 876 536 postulat?
938 478 1103 526 Quodsi
1128 491 1212 518 non
1238 488 1461 532 possumus
1484 472 1560 512 ali·

128 539 230 592 quid
254 538 461 595 proficere
493 538 734 579 suadendo:
767 537 906 593 gratia
937 534 1254 584 contendimus,
1276 542 1319 574 et
1349 530 1556 585 rogando,

128 596 159 635 si
184 595 283 650 quid
320 604 465 635 nostra
485 609 613 635 causa
646 595 722 644 vis,
747 604 795 635 ut
832 594 922 634 istis
947 603 986 633 te
1020 591 1225 632 molestiis
1262 590 1394 639 laxes,
1427 597 1470 627 et
1501 587 1554 628 ad

123 653 366 692 convictum
399 660 589 692 nostrum
629 652 789 701 redeas,
820 659 863 691 et
893 650 945 690 ad
984 647 1334 690 consuetudinem
1372 643 1436 684 vel
1476 659 1553 684 no-

125 717 253 748 stram
276 723 563 759 communem,
588 709 651 749 vel
675 718 789 749 tuam
814 707 943 748 solius
965 720 1014 747 ac
1036 705 1266 761 propriam.
1300 702 1442 766 Cupio
1466 715 1549 742 non
1563 713 1593 743 P·
1612 707 1664 736 Ἡ·

123 765 358 806 obtundere
387 774 443 815 te,
469 767 501 806 si
537 780 620 806 non
643 764 852 806 delectare
881 772 1026 804 nostro
1058 761 1224 803 studio:
1257 774 1384 815 cupio
1415 758 1552 798 deter-
1565 756 1594 775 ²¹·

124 835 227 872 rere,
250 836 302 862 ne
325 837 571 878 permaneas
601 822 644 863 in
667 822 855 878 incepto,
878 835 974 861 cum
1005 820 1101 861 duae
1125 833 1188 859 res
1211 819 1304 858 istae
1326 816 1553 878 contraria}

125 892 191 918 me
228 880 512 921 conturbent:
558 893 612 920 ex
643 880 814 934 quibuS,
848 889 921 919 aut
956 878 997 917 in
1035 876 1166 917 altera
1199 875 1304 916 mihi
1344 873 1483 923 velim,
1521 886 1554 912 sn

125 944 259 989 potes,
283 937 576 992 obtemperes3
608 946 682 977 aut
701 936 743 976 in
767 935 897 977 altera
919 949 1003 975 non
1026 932 1232 974 offendas.
1294 930 1412 972 Vale.

639 1018 1041 1057 ARGUMENTUM.

124 1084 326 1132 Respondet
342 1084 520 1131 superiori
537 1083 709 1130 epistolae,
730 1084 850 1130 lugere
862 1094 899 1117 se
916 1093 986 1117 non
1004 1086 1078 1117 tam
1085 1081 1179 1130 filioe
1196 1080 1343 1122 obitum,
1361 1090 1469 1126 quam
1484 1080 1552 1114 rei-

170 1135 322 1183 publicae
339 1140 513 1183 tempora,
534 1136 576 1170 ob
595 1147 672 1182 quae
690 1135 733 1170 ab
748 1135 832 1170 urbe
849 1135 954 1173 absit,
974 1135 1011 1168 in
1031 1145 1102 1181 qua
1119 1131 1434 1178 nilziljucunclum,
1451 1133 1554 1168 οιῖὶο-

170 1200 212 1223 sa
229 1189 361 1223 omnia.
419 1187 461 1222 In
479 1188 610 1222 studiis
627 1188 794 1233 exiguam
810 1187 1027 1221 medicinam
1039 1196 1229 1232 superesse.

366 1252 434 1293 M.
459 1252 693 1294 CICERO
726 1251 774 1292 L.
799 1250 1086 1302 LUCCEIO,
1107 1251 1162 1296 Q.
1190 1250 1237 1290 F.
1262 1249 1306 1289 S.

122 1309 333 1360 OMNIS
356 1334 475 1360 amor
498 1330 594 1360 tuus
616 1333 670 1360 ex
693 1319 893 1360 omnibus
925 1319 1116 1374 partibus
1141 1331 1184 1358 se
1212 1316 1400 1357 ostendit
1422 1317 1464 1357 in
1489 1317 1552 1367 llis

121 1376 287 1427 litteris,
310 1391 415 1432 quas
438 1393 463 1418 a
495 1386 535 1417 te
568 1376 763 1432 proxime
799 1377 972 1431 accepi;
1013 1390 1098 1416 non
1134 1375 1201 1415 ille
1235 1374 1407 1429 quidem
1446 1375 1553 1416 mihi

119 1434 308 1489 ignotus,
343 1433 414 1474 sed
446 1444 588 1474 tamen
621 1442 768 1490 gratus
800 1444 842 1475 et
864 1442 1065 1489 optatus:
1097 1432 1551 1486 dicerem,jucundus‚

118 1490 200 1531 nisi
223 1490 266 1531 id
294 1491 472 1531 verbum
496 1491 539 1530 in
564 1505 690 1531 omne
713 1500 881 1546 tempus
905 1490 1197 1546 perdidissem.
1221 1502 1357 1542 neque
1379 1489 1435 1529 ob
1458 1504 1551 1529 eam

120 1561 248 1588 unam
270 1562 457 1599 causam,
480 1562 608 1602 quam
632 1557 676 1588 tu
701 1547 943 1603 suspicaris,
964 1556 1007 1587 et
1036 1548 1077 1587 in
1111 1561 1196 1601 qua
1227 1559 1293 1585 me
1326 1545 1553 1587 lenissimis

118 1613 162 1644 et
179 1604 482 1645 amantissimis
506 1605 643 1645 verbis
668 1614 806 1655 utens,
826 1619 869 1644 re
891 1605 1078 1659 graviter
1096 1617 1296 1644 accusas:
1330 1603 1401 1642 sed
1421 1603 1551 1657 quod,

118 1660 230 1702 illius
265 1661 371 1701 tanti
406 1660 589 1702 vulneris
623 1676 720 1716 quae
757 1662 943 1702 remedia
974 1675 1064 1701 esse
1095 1661 1325 1709 debebant,
1358 1673 1407 1700 ea
1440 1659 1555 1701 nulla

119 1726 231 1766 sunt.
293 1717 411 1764 Quid
439 1719 581 1760 enim?
612 1718 665 1758 ad
698 1719 914 1759 amicosne
951 1717 1225 1773 confugiam?
1268 1730 1397 1770 quam
1430 1716 1554 1757 multi

118 1777 244 1827 sunt?
273 1773 502 1816 habuimus
523 1775 637 1816 enim
664 1775 751 1816 fere
773 1789 1046 1816 communes:
1079 1788 1260 1829 quorum
1290 1772 1360 1813 alii
1384 1774 1554 1815 occide-

117 1842 243 1884 runt.;
274 1831 345 1872 alii
379 1833 523 1873 nescio
551 1847 638 1887 quo
677 1842 805 1889 pacto
842 1832 1151 1873 obduruerunt.
1211 1829 1373 1872 Tecum
1410 1831 1554 1872 vivere

117 1903 312 1944 possem:
344 1889 541 1944 equidem
564 1899 607 1930 et
628 1890 817 1931 maxime
842 1889 1014 1931 vellem:
1048 1898 1252 1939 vetustaS,
1282 1902 1415 1938 amor,
1450 1903 1553 1929 con-

118 1946 314 1998 suetudo,
353 1947 494 1988 studia
526 1947 667 2001 paria3
707 1948 746 1978 63
761 1947 875 2002 quod
914 1947 1034 2002 quasi
1075 1945 1263 1987 vinclum
1292 1955 1356 1985 est
1393 1955 1552 1987 nostrae

116 2003 450 2059 conjunctionis.
511 2003 801 2045 Possumusne
840 2004 971 2060 igitur
1003 2017 1094 2044 esse
1130 2005 1241 2043 una?
1273 2016 1352 2042 nec
1387 2003 1554 2044 meher-

117 2061 212 2102 cule
233 2060 442 2116 intelligo,
473 2061 575 2116 quid
601 2061 822 2117 impediat.
845 2061 917 2102 sed
945 2070 1059 2102 certe
1081 2060 1222 2101 adhuc
1257 2074 1343 2100 non
1379 2059 1552 2111 fuimus,

118 2131 251 2172 quum
287 2132 473 2158 essemus
511 2119 640 2159 vicini
675 2118 717 2159 in
748 2118 1006 2169 Tusculano,
1041 2119 1082 2158 in
1121 2116 1376 2157 Puteolano.
1438 2117 1554 2158 Nam

117 2174 219 2229 quid
242 2173 382 2215 dicam
406 2174 449 2215 in
470 2176 596 2217 urbe?
628 2175 671 2215 in
693 2190 791 2230 qua,
814 2190 913 2216 cum
938 2175 1078 2216 forum
1102 2188 1330 2215 commune
1352 2173 1421 2226 sit,
1446 2174 1553 2215 vici-

109 2240 229 2277 nitas
252 2245 338 2271 non
360 2231 604 2285 requiritur.
665 2233 764 2283 Sed,
785 2247 886 2274 casu
917 2232 1062 2273 nescio
1084 2246 1186 2286 quo,
1208 2232 1252 2272 in
1279 2245 1329 2272 ea
1360 2240 1555 2288 tempora

117 2296 264 2329 nostra
282 2296 385 2339 aetas
406 2288 571 2339 incidit,
595 2298 656 2340 ut,
678 2303 777 2330 cum
812 2290 1000 2330 maxime
1029 2289 1181 2330 florere
1218 2303 1293 2330 nos
1320 2298 1554 2344 oporteret,

116 2353 207 2386 tum
232 2344 372 2387 vivere
392 2346 522 2386 etiarn
557 2346 748 2401 puderet.
809 2347 939 2393 Quod
974 2346 1089 2387 enim
1122 2345 1228 2386 mihi
1263 2355 1431 2401 poterat
1466 2360 1558 2387 esse

116 2401 378 2458 perfugium,
398 2402 581 2458 spoliato
604 2412 647 2444 et
667 2403 915 2446 domesticis
947 2412 990 2444 et
1017 2402 1259 2445 forensibus
1291 2403 1554 2444 ornamentis

117 2468 246 2515 atque
273 2458 464 2501 solatiis?
497 2459 688 2511 Litterae,
725 2461 868 2513 credo,
900 2461 1056 2517 quibus
1094 2469 1192 2501 utor
1232 2460 1414 2502 assidue.
1451 2459 1555 2515 quid

157 2571 194 2602 61
219 2580 283 2602 non
301 2581 434 2612 possum
448 2576 481 2604 te
494 2583 557 2604 non
583 2573 657 2613 &c.]
681 2572 812 2613 Aliquid
854 2574 951 2615 plane
965 2573 1073 2604 alieno
1088 2572 1173 2605 loco.
1200 2584 1258 2605 nec
1281 2575 1370 2605 enim
1399 2572 1520 2613 pendet
1537 2583 1556 2603 a

116 2612 236 2644 excidit
249 2619 326 2644 ante
347 2624 421 2647 non.
445 2625 523 2646 nam
537 2615 608 2647 haec
623 2625 690 2646 non
706 2616 812 2646 cohae-
847 2618 1006 2657 postulat.
1052 2616 1116 2647 Ms.
1134 2616 1198 2647 Gu.
1226 2620 1253 2648 1.
1277 2617 1377 2647 habet
1399 2616 1556 2652 allevare,

115 2659 206 2686 rent:
229 2655 327 2694 doleo,
339 2657 418 2696 quia
431 2658 516 2688 doles
541 2662 574 2688 et
594 2667 627 2688 a.
653 2668 717 2688 non
737 2667 811 2697 pos-
856 2659 964 2690 nescio
978 2668 1021 2689 an
1036 2658 1164 2689 melius.

113 2706 184 2727 sum
200 2702 231 2728 te
244 2707 308 2729 non
322 2699 381 2730 διο.
397 2699 531 2741 excidit,
547 2700 677 2740 opinor,
691 2701 756 2731 sed.
893 2702 933 2732 63
955 2701 1039 2741 quod
1053 2702 1147 2741 quasi
1160 2702 1303 2731 vinclum
1319 2700 1377 2739 est]
1406 2699 1457 2729 Sic
1475 2699 1558 2735 bene

153 2738 194 2770 62
215 2749 295 2779 quas
321 2741 447 2771 elevare
473 2746 515 2780 te,
545 2747 605 2772 tua
627 2743 727 2782 prud.
753 2741 805 2782 p.]
851 2754 869 2773 e
885 2744 949 2774 Ms.
965 2743 1124 2779 Graevius,
1141 2753 1200 2783 pro
1217 2742 1349 2782 vulgato
1366 2751 1395 2780 q.
1413 2751 1444 2772 v.
1463 2743 1556 2782 quasi

114 2780 168 2811 Sic
182 2780 277 2818 edidi,
299 2781 519 2823 adstipulante
544 2784 608 2815 Ms.
635 2785 697 2815 Gu.
722 2787 752 2816 2.
775 2790 810 2815 et
852 2786 948 2822 deest,
963 2784 1051 2824 quod
1066 2785 1195 2815 nullum
1210 2793 1343 2814 sensum
1358 2783 1468 2815 habet.
1486 2784 1552 2815 val-

115 2821 166 2853 ed.
183 2822 271 2854 Med.
297 2833 356 2863 pro
373 2829 432 2856 tua
446 2829 477 2856 te
492 2835 549 2866 pr.
571 2827 606 2858 in
629 2836 693 2866 quo
713 2831 744 2858 te
760 2832 810 2858 ent
852 2827 891 2858 de
905 2827 958 2858 hic
974 2827 1081 2859 vitiosi
1095 2827 1169 2858 libri
1186 2826 1290 2857 nostri
1305 2830 1395 2856 sunt.

176 2878 283 2908 voL.
305 2879 382 2910 111.
404 2881 444 2910 P.
465 2881 498 2909 1.
827 2883 841 2909 Ι
