<?xml version="1.0" encoding="UTF-8"?>
<!DOCTYPE html PUBLIC "-//W3C//DTD XHTML 1.0 Transitional//EN"
    "http://www.w3.org/TR/xhtml1/DTD/xhtml1-transitional.dtd">
<html xmlns="http://www.w3.org/1999/xhtml" xml:lang="en" lang="en">
 <head>
  <title>
</title>
<meta http-equiv="Content-Type" content="text/html;charset=utf-8" />
  <meta name='ocr-system' content='tesseract 3.04.00' />
  <meta name='ocr-capabilities' content='ocr_page ocr_carea ocr_par ocr_line ocrx_word'/>
</head>
<body>
  <div class='ocr_page' id='page_1' title='image "./p1operaomnia03ciceuoft_0136.png"; bbox 0 0 1817 3196; ppageno 0'>
   <div class='ocr_carea' id='block_1_1' title="bbox 231 76 1280 119">
    <p class='ocr_par' dir='ltr' id='par_1_1' title="bbox 231 76 1280 119">
     <span class='ocr_line' id='line_1_1' title="bbox 231 76 1280 119; baseline 0 -3"><span class='ocrx_word' id='word_1_1' title='bbox 231 81 304 116; x_wconf 77' lang='lat'>126</span> <span class='ocrx_word' id='word_1_2' title='bbox 629 76 810 119; x_wconf 84' lang='lat' dir='ltr'><strong>EPIST.</strong></span> <span class='ocrx_word' id='word_1_3' title='bbox 837 76 1022 114; x_wconf 87' lang='lat' dir='ltr'>LIBER</span> <span class='ocrx_word' id='word_1_4' title='bbox 1053 77 1280 116; x_wconf 84' lang='lat' dir='ltr'>SEXTUS</span> 
     </span>
    </p>
   </div>
   <div class='ocr_carea' id='block_1_2' title="bbox 165 176 1660 2285">
    <p class='ocr_par' dir='ltr' id='par_1_2' title="bbox 165 176 1660 2285">
     <span class='ocr_line' id='line_1_2' title="bbox 230 176 1658 236; baseline 0.001 -16"><span class='ocrx_word' id='word_1_5' title='bbox 230 188 298 221; x_wconf 84' lang='lat' dir='ltr'>tus</span> <span class='ocrx_word' id='word_1_6' title='bbox 319 188 384 223; x_wconf 85' lang='lat' dir='ltr'>est</span> <span class='ocrx_word' id='word_1_7' title='bbox 406 179 587 231; x_wconf 83' lang='lat' dir='ltr'>futurus,</span> <span class='ocrx_word' id='word_1_8' title='bbox 608 195 750 222; x_wconf 85' lang='lat' dir='ltr'>carere</span> <span class='ocrx_word' id='word_1_9' title='bbox 774 195 858 222; x_wconf 92' lang='lat' dir='ltr'>non</span> <span class='ocrx_word' id='word_1_10' title='bbox 880 181 1022 222; x_wconf 91' lang='lat' dir='ltr'>debes.</span> <span class='ocrx_word' id='word_1_11' title='bbox 1054 176 1198 236; x_wconf 77' lang='lat' dir='ltr'>Atque</span> <span class='ocrx_word' id='word_1_12' title='bbox 1216 181 1310 222; x_wconf 88' lang='lat' dir='ltr'>haec</span> <span class='ocrx_word' id='word_1_13' title='bbox 1331 180 1438 222; x_wconf 87' lang='lat' dir='ltr'>mihi</span> <span class='ocrx_word' id='word_1_14' title='bbox 1457 180 1658 222; x_wconf 83' lang='lat' dir='ltr'>scribenti</span> 
     </span>
     <span class='ocr_line' id='line_1_3' title="bbox 230 237 1659 292; baseline 0 -14"><span class='ocrx_word' id='word_1_15' title='bbox 230 238 430 279; x_wconf 88' lang='lat' dir='ltr'>veniebat</span> <span class='ocrx_word' id='word_1_16' title='bbox 451 237 493 278; x_wconf 90' lang='lat' dir='ltr'>in</span> <span class='ocrx_word' id='word_1_17' title='bbox 518 248 720 287; x_wconf 85' lang='lat' dir='ltr'><strong>mentem,</strong></span> <span class='ocrx_word' id='word_1_18' title='bbox 747 252 815 279; x_wconf 88' lang='lat' dir='ltr'>me</span> <span class='ocrx_word' id='word_1_19' title='bbox 847 252 942 278; x_wconf 87' lang='lat' dir='ltr'>eum</span> <span class='ocrx_word' id='word_1_20' title='bbox 977 252 1082 288; x_wconf 88' lang='lat' dir='ltr'>esse,</span> <span class='ocrx_word' id='word_1_21' title='bbox 1104 239 1227 292; x_wconf 77' lang='lat' dir='ltr'>cujus</span> <span class='ocrx_word' id='word_1_22' title='bbox 1251 250 1293 279; x_wconf 85' lang='lat' dir='ltr'>tu</span> <span class='ocrx_word' id='word_1_23' title='bbox 1317 238 1659 292; x_wconf 67' lang='lat' dir='ltr'>desperationem</span> 
     </span>
     <span class='ocr_line' id='line_1_4' title="bbox 228 294 1658 350; baseline -0.001 -14"><span class='ocrx_word' id='word_1_24' title='bbox 228 309 429 336; x_wconf 80' lang='lat' dir='ltr'>accusare</span> <span class='ocrx_word' id='word_1_25' title='bbox 451 294 597 336; x_wconf 88' lang='lat' dir='ltr'>solitus</span> <span class='ocrx_word' id='word_1_26' title='bbox 624 309 750 344; x_wconf 85' lang='lat' dir='ltr'>esses,</span> <span class='ocrx_word' id='word_1_27' title='bbox 772 309 982 350; x_wconf 83' lang='lat' dir='ltr'>quemque</span> <span class='ocrx_word' id='word_1_28' title='bbox 1005 297 1261 336; x_wconf 87' lang='lat' dir='ltr'>auctoritate</span> <span class='ocrx_word' id='word_1_29' title='bbox 1290 305 1361 335; x_wconf 86' lang='lat' dir='ltr'>tua</span> <span class='ocrx_word' id='word_1_30' title='bbox 1382 305 1658 335; x_wconf 74' lang='lat' dir='ltr'>cunctantem</span> 
     </span>
     <span class='ocr_line' id='line_1_5' title="bbox 228 352 1660 408; baseline -0.001 -16"><span class='ocrx_word' id='word_1_31' title='bbox 228 359 273 392; x_wconf 85' lang='lat' dir='ltr'>et</span> <span class='ocrx_word' id='word_1_32' title='bbox 293 352 558 394; x_wconf 87' lang='lat' dir='ltr'>diffidentem</span> <span class='ocrx_word' id='word_1_33' title='bbox 581 352 784 393; x_wconf 74' lang='lat' dir='ltr'>excitare.</span> <span class='ocrx_word' id='word_1_34' title='bbox 816 352 917 397; x_wconf 83' lang='lat' dir='ltr'>Quo</span> <span class='ocrx_word' id='word_1_35' title='bbox 938 352 1110 406; x_wconf 90' lang='lat' dir='ltr'>quidem</span> <span class='ocrx_word' id='word_1_36' title='bbox 1133 365 1325 408; x_wconf 87' lang='lat' dir='ltr'>tempore</span> <span class='ocrx_word' id='word_1_37' title='bbox 1346 366 1431 392; x_wconf 91' lang='lat' dir='ltr'>non</span> <span class='ocrx_word' id='word_1_38' title='bbox 1454 366 1536 406; x_wconf 83' lang='lat' dir='ltr'>cgo</span> <span class='ocrx_word' id='word_1_39' title='bbox 1558 365 1660 391; x_wconf 87' lang='lat' dir='ltr'>cau-</span> 
     </span>
     <span class='ocr_line' id='line_1_6' title="bbox 230 408 1659 463; baseline -0.002 -13"><span class='ocrx_word' id='word_1_40' title='bbox 230 423 319 449; x_wconf 85' lang='lat' dir='ltr'>sam</span> <span class='ocrx_word' id='word_1_41' title='bbox 341 419 545 459; x_wconf 89' lang='lat' dir='ltr'>nostram,</span> <span class='ocrx_word' id='word_1_42' title='bbox 567 409 638 449; x_wconf 88' lang='lat' dir='ltr'>sed</span> <span class='ocrx_word' id='word_1_43' title='bbox 662 408 887 448; x_wconf 82' lang='lat' dir='ltr'>consilium</span> <span class='ocrx_word' id='word_1_44' title='bbox 911 409 1223 463; x_wconf 84' lang='lat' dir='ltr'>improbabam.</span> <span class='ocrx_word' id='word_1_45' title='bbox 1256 410 1359 450; x_wconf 81' lang='lat' dir='ltr'>Sero</span> <span class='ocrx_word' id='word_1_46' title='bbox 1373 408 1486 448; x_wconf 88' lang='lat' dir='ltr'>enim</span> <span class='ocrx_word' id='word_1_47' title='bbox 1511 422 1587 448; x_wconf 87' lang='lat' dir='ltr'>nos</span> <span class='ocrx_word' id='word_1_48' title='bbox 1608 408 1659 447; x_wconf 89' lang='lat' dir='ltr'>iis</span> 
     </span>
     <span class='ocr_line' id='line_1_7' title="bbox 228 464 1660 520; baseline -0.001 -14"><span class='ocrx_word' id='word_1_49' title='bbox 228 465 357 506; x_wconf 86' lang='lat' dir='ltr'>armis</span> <span class='ocrx_word' id='word_1_50' title='bbox 388 466 598 507; x_wconf 86' lang='lat' dir='ltr'>adversari</span> <span class='ocrx_word' id='word_1_51' title='bbox 633 465 843 513; x_wconf 75' lang='lat' dir='ltr'>videbam,</span> <span class='ocrx_word' id='word_1_52' title='bbox 877 479 975 518; x_wconf 85' lang='lat' dir='ltr'>quae</span> <span class='ocrx_word' id='word_1_53' title='bbox 1007 465 1144 505; x_wconf 90' lang='lat' dir='ltr'>multo</span> <span class='ocrx_word' id='word_1_54' title='bbox 1179 475 1278 506; x_wconf 87' lang='lat' dir='ltr'>ante</span> <span class='ocrx_word' id='word_1_55' title='bbox 1311 464 1564 506; x_wconf 84' lang='lat' dir='ltr'>confirmata</span> <span class='ocrx_word' id='word_1_56' title='bbox 1586 478 1660 520; x_wconf 87' lang='lat' dir='ltr'>per</span> 
     </span>
     <span class='ocr_line' id='line_1_8' title="bbox 227 521 1660 578; baseline -0.001 -15"><span class='ocrx_word' id='word_1_57' title='bbox 227 523 514 578; x_wconf 88' lang='lat' dir='ltr'>nosmetipsos</span> <span class='ocrx_word' id='word_1_58' title='bbox 536 532 679 563; x_wconf 85' lang='lat' dir='ltr'>erant:</span> <span class='ocrx_word' id='word_1_59' title='bbox 712 521 1009 575; x_wconf 83' lang='lat' dir='ltr'>dolebamque,</span> <span class='ocrx_word' id='word_1_60' title='bbox 1033 521 1128 576; x_wconf 87' lang='lat' dir='ltr'>pilis</span> <span class='ocrx_word' id='word_1_61' title='bbox 1157 532 1200 562; x_wconf 89' lang='lat' dir='ltr'>et</span> <span class='ocrx_word' id='word_1_62' title='bbox 1222 523 1388 577; x_wconf 81' lang='lat' dir='ltr'>gladiis,</span> <span class='ocrx_word' id='word_1_63' title='bbox 1411 537 1494 562; x_wconf 89' lang='lat' dir='ltr'>non</span> <span class='ocrx_word' id='word_1_64' title='bbox 1518 521 1660 562; x_wconf 89' lang='lat' dir='ltr'>consi-</span> 
     </span>
     <span class='ocr_line' id='line_1_9' title="bbox 227 577 1657 635; baseline -0.001 -15"><span class='ocrx_word' id='word_1_65' title='bbox 227 579 308 629; x_wconf 89' lang='lat' dir='ltr'>liis,</span> <span class='ocrx_word' id='word_1_66' title='bbox 330 593 468 635; x_wconf 83' lang='lat' dir='ltr'>neque</span> <span class='ocrx_word' id='word_1_67' title='bbox 490 578 820 619; x_wconf 85' lang='lat' dir='ltr'>auctoritatibus</span> <span class='ocrx_word' id='word_1_68' title='bbox 843 579 1000 618; x_wconf 87' lang='lat' dir='ltr'>nostris</span> <span class='ocrx_word' id='word_1_69' title='bbox 1023 579 1075 618; x_wconf 91' lang='lat' dir='ltr'>de</span> <span class='ocrx_word' id='word_1_70' title='bbox 1090 577 1190 632; x_wconf 90' lang='lat' dir='ltr'>jure</span> <span class='ocrx_word' id='word_1_71' title='bbox 1212 579 1386 632; x_wconf 87' lang='lat' dir='ltr'>publico</span> <span class='ocrx_word' id='word_1_72' title='bbox 1409 578 1657 633; x_wconf 83' lang='lat' dir='ltr'>disceptari.</span> 
     </span>
     <span class='ocr_line' id='line_1_10' title="bbox 229 633 1658 692; baseline -0.001 -16"><span class='ocrx_word' id='word_1_73' title='bbox 229 635 382 691; x_wconf 87' lang='lat' dir='ltr'>Neque</span> <span class='ocrx_word' id='word_1_74' title='bbox 402 650 485 692; x_wconf 86' lang='lat' dir='ltr'>ego</span> <span class='ocrx_word' id='word_1_75' title='bbox 498 649 561 687; x_wconf 86' lang='lat' dir='ltr'>ea,</span> <span class='ocrx_word' id='word_1_76' title='bbox 575 650 671 690; x_wconf 88' lang='lat' dir='ltr'>quae</span> <span class='ocrx_word' id='word_1_77' title='bbox 692 633 806 675; x_wconf 87' lang='lat' dir='ltr'>facta</span> <span class='ocrx_word' id='word_1_78' title='bbox 827 644 942 684; x_wconf 90' lang='lat' dir='ltr'>sunt,</span> <span class='ocrx_word' id='word_1_79' title='bbox 959 634 1048 675; x_wconf 85' lang='lat' dir='ltr'>fore</span> <span class='ocrx_word' id='word_1_80' title='bbox 1071 649 1168 675; x_wconf 90' lang='lat' dir='ltr'>cum</span> <span class='ocrx_word' id='word_1_81' title='bbox 1185 636 1658 685; x_wconf 76' lang='lat' dir='ltr'>dicebain,‹livinabam</span> 
     </span>
     <span class='ocr_line' id='line_1_11' title="bbox 228 691 1657 748; baseline 0 -16"><span class='ocrx_word' id='word_1_82' title='bbox 228 691 395 734; x_wconf 84' lang='lat' dir='ltr'>futura:</span> <span class='ocrx_word' id='word_1_83' title='bbox 427 693 515 742; x_wconf 89' lang='lat' dir='ltr'>sed,</span> <span class='ocrx_word' id='word_1_84' title='bbox 536 692 650 748; x_wconf 90' lang='lat' dir='ltr'>quod</span> <span class='ocrx_word' id='word_1_85' title='bbox 682 701 726 731; x_wconf 89' lang='lat' dir='ltr'>et</span> <span class='ocrx_word' id='word_1_86' title='bbox 762 692 850 731; x_wconf 87' lang='lat' dir='ltr'>fieri</span> <span class='ocrx_word' id='word_1_87' title='bbox 889 706 1025 747; x_wconf 87' lang='lat' dir='ltr'>posse,</span> <span class='ocrx_word' id='word_1_88' title='bbox 1048 701 1091 732; x_wconf 90' lang='lat' dir='ltr'>et</span> <span class='ocrx_word' id='word_1_89' title='bbox 1112 692 1342 732; x_wconf 78' lang='lat' dir='ltr'>exitiosum</span> <span class='ocrx_word' id='word_1_90' title='bbox 1375 691 1479 741; x_wconf 85' lang='lat' dir='ltr'>fore,</span> <span class='ocrx_word' id='word_1_91' title='bbox 1503 692 1537 732; x_wconf 89' lang='lat' dir='ltr'>si</span> <span class='ocrx_word' id='word_1_92' title='bbox 1560 706 1657 732; x_wconf 90' lang='lat' dir='ltr'>eve-</span> 
     </span>
     <span class='ocr_line' id='line_1_12' title="bbox 224 748 1658 804; baseline 0 -15"><span class='ocrx_word' id='word_1_93' title='bbox 224 749 370 800; x_wconf 87' lang='lat' dir='ltr'>nisset,</span> <span class='ocrx_word' id='word_1_94' title='bbox 394 750 608 799; x_wconf 83' lang='lat' dir='ltr'>videbam,</span> <span class='ocrx_word' id='word_1_95' title='bbox 631 748 673 788; x_wconf 92' lang='lat' dir='ltr'>id</span> <span class='ocrx_word' id='word_1_96' title='bbox 696 763 748 787; x_wconf 89' lang='lat' dir='ltr'>ne</span> <span class='ocrx_word' id='word_1_97' title='bbox 771 749 996 799; x_wconf 87' lang='lat' dir='ltr'>accideret,</span> <span class='ocrx_word' id='word_1_98' title='bbox 1020 749 1248 790; x_wconf 86' lang='lat' dir='ltr'>timebam:</span> <span class='ocrx_word' id='word_1_99' title='bbox 1283 749 1517 804; x_wconf 77' lang='lat' dir='ltr'>praesertim</span> <span class='ocrx_word' id='word_1_100' title='bbox 1543 763 1658 799; x_wconf 89' lang='lat' dir='ltr'>eum,</span> 
     </span>
     <span class='ocr_line' id='line_1_13' title="bbox 223 805 1656 860; baseline -0.001 -13"><span class='ocrx_word' id='word_1_101' title='bbox 223 807 258 846; x_wconf 88' lang='lat' dir='ltr'>si</span> <span class='ocrx_word' id='word_1_102' title='bbox 282 807 387 847; x_wconf 88' lang='lat' dir='ltr'>mihi</span> <span class='ocrx_word' id='word_1_103' title='bbox 409 806 660 847; x_wconf 85' lang='lat' dir='ltr'>alterutrum</span> <span class='ocrx_word' id='word_1_104' title='bbox 689 805 742 845; x_wconf 92' lang='lat' dir='ltr'>de</span> <span class='ocrx_word' id='word_1_105' title='bbox 769 813 923 846; x_wconf 89' lang='lat' dir='ltr'>eventu</span> <span class='ocrx_word' id='word_1_106' title='bbox 946 814 1074 860; x_wconf 90' lang='lat' dir='ltr'>atque</span> <span class='ocrx_word' id='word_1_107' title='bbox 1095 805 1214 846; x_wconf 83' lang='lat' dir='ltr'>exitu</span> <span class='ocrx_word' id='word_1_108' title='bbox 1240 819 1376 845; x_wconf 88' lang='lat' dir='ltr'>rerum</span> <span class='ocrx_word' id='word_1_109' title='bbox 1403 805 1656 860; x_wconf 86' lang='lat' dir='ltr'>promitten-</span> 
     </span>
     <span class='ocr_line' id='line_1_14' title="bbox 222 861 1655 917; baseline -0.001 -13"><span class='ocrx_word' id='word_1_110' title='bbox 222 863 324 904; x_wconf 91' lang='lat' dir='ltr'>dum</span> <span class='ocrx_word' id='word_1_111' title='bbox 366 872 491 913; x_wconf 88' lang='lat' dir='ltr'>esset,</span> <span class='ocrx_word' id='word_1_112' title='bbox 522 862 564 903; x_wconf 88' lang='lat' dir='ltr'>id</span> <span class='ocrx_word' id='word_1_113' title='bbox 598 862 804 912; x_wconf 85' lang='lat' dir='ltr'>futurum,</span> <span class='ocrx_word' id='word_1_114' title='bbox 837 862 953 917; x_wconf 93' lang='lat' dir='ltr'>quod</span> <span class='ocrx_word' id='word_1_115' title='bbox 987 863 1145 912; x_wconf 88' lang='lat' dir='ltr'>evenit,</span> <span class='ocrx_word' id='word_1_116' title='bbox 1182 861 1446 916; x_wconf 81' lang='lat' dir='ltr'>exploratius</span> <span class='ocrx_word' id='word_1_117' title='bbox 1486 876 1655 916; x_wconf 89' lang='lat' dir='ltr'>possem</span> 
     </span>
     <span class='ocr_line' id='line_1_15' title="bbox 222 918 1658 974; baseline -0.001 -14"><span class='ocrx_word' id='word_1_118' title='bbox 222 920 487 974; x_wconf 84' lang='lat' dir='ltr'>promittere.</span> <span class='ocrx_word' id='word_1_119' title='bbox 520 919 580 960; x_wconf 87' lang='lat' dir='ltr'>Iis</span> <span class='ocrx_word' id='word_1_120' title='bbox 601 919 715 960; x_wconf 86' lang='lat' dir='ltr'>enim</span> <span class='ocrx_word' id='word_1_121' title='bbox 739 920 863 960; x_wconf 86' lang='lat' dir='ltr'>rebus</span> <span class='ocrx_word' id='word_1_122' title='bbox 886 920 1321 974; x_wconf 80' lang='lat' dir='ltr'>praestabamuS,quae</span> <span class='ocrx_word' id='word_1_123' title='bbox 1342 932 1426 958; x_wconf 89' lang='lat' dir='ltr'>non</span> <span class='ocrx_word' id='word_1_124' title='bbox 1446 918 1658 973; x_wconf 86' lang='lat' dir='ltr'>prodeunt</span> 
     </span>
     <span class='ocr_line' id='line_1_16' title="bbox 222 974 1657 1026; baseline 0.001 -11"><span class='ocrx_word' id='word_1_125' title='bbox 222 976 265 1017; x_wconf 88' lang='lat' dir='ltr'>in</span> <span class='ocrx_word' id='word_1_126' title='bbox 284 978 446 1019; x_wconf 85' lang='lat' dir='ltr'>aciem:</span> <span class='ocrx_word' id='word_1_127' title='bbox 479 992 554 1017; x_wconf 89' lang='lat' dir='ltr'>usu</span> <span class='ocrx_word' id='word_1_128' title='bbox 589 986 733 1017; x_wconf 87' lang='lat' dir='ltr'>autem</span> <span class='ocrx_word' id='word_1_129' title='bbox 755 989 984 1026; x_wconf 86' lang='lat' dir='ltr'>armorum,</span> <span class='ocrx_word' id='word_1_130' title='bbox 1016 986 1060 1017; x_wconf 87' lang='lat' dir='ltr'>et</span> <span class='ocrx_word' id='word_1_131' title='bbox 1092 975 1277 1017; x_wconf 87' lang='lat' dir='ltr'>militum</span> <span class='ocrx_word' id='word_1_132' title='bbox 1305 975 1458 1016; x_wconf 89' lang='lat' dir='ltr'>robore</span> <span class='ocrx_word' id='word_1_133' title='bbox 1481 974 1657 1017; x_wconf 86' lang='lat' dir='ltr'>inferio-</span> 
     </span>
     <span class='ocr_line' id='line_1_17' title="bbox 222 1032 1657 1087; baseline 0.001 -15"><span class='ocrx_word' id='word_1_134' title='bbox 222 1047 287 1074; x_wconf 88' lang='lat' dir='ltr'>res</span> <span class='ocrx_word' id='word_1_135' title='bbox 308 1048 490 1075; x_wconf 88' lang='lat' dir='ltr'>eramus.</span> <span class='ocrx_word' id='word_1_136' title='bbox 532 1034 615 1074; x_wconf 89' lang='lat' dir='ltr'>Sed</span> <span class='ocrx_word' id='word_1_137' title='bbox 639 1043 682 1073; x_wconf 91' lang='lat' dir='ltr'>tu</span> <span class='ocrx_word' id='word_1_138' title='bbox 706 1033 823 1073; x_wconf 88' lang='lat' dir='ltr'>illum</span> <span class='ocrx_word' id='word_1_139' title='bbox 845 1033 1034 1073; x_wconf 84' lang='lat' dir='ltr'>animum</span> <span class='ocrx_word' id='word_1_140' title='bbox 1055 1047 1169 1073; x_wconf 86' lang='lat' dir='ltr'>nune</span> <span class='ocrx_word' id='word_1_141' title='bbox 1190 1032 1362 1082; x_wconf 87' lang='lat' dir='ltr'>adhibe,</span> <span class='ocrx_word' id='word_1_142' title='bbox 1386 1046 1548 1087; x_wconf 87' lang='lat' dir='ltr'>quaeso,</span> <span class='ocrx_word' id='word_1_143' title='bbox 1571 1046 1657 1086; x_wconf 93' lang='lat' dir='ltr'>quo</span> 
     </span>
     <span class='ocr_line' id='line_1_18' title="bbox 219 1088 1653 1146; baseline -0.001 -16"><span class='ocrx_word' id='word_1_144' title='bbox 219 1103 290 1130; x_wconf 87' lang='lat' dir='ltr'>me</span> <span class='ocrx_word' id='word_1_145' title='bbox 312 1100 403 1132; x_wconf 93' lang='lat' dir='ltr'>tum</span> <span class='ocrx_word' id='word_1_146' title='bbox 425 1105 515 1131; x_wconf 88' lang='lat' dir='ltr'>esse</span> <span class='ocrx_word' id='word_1_147' title='bbox 536 1102 734 1146; x_wconf 84' lang='lat' dir='ltr'>oportere</span> <span class='ocrx_word' id='word_1_148' title='bbox 756 1090 973 1131; x_wconf 84' lang='lat' dir='ltr'>censebas.</span> <span class='ocrx_word' id='word_1_149' title='bbox 1019 1089 1130 1130; x_wconf 77' lang='lat' dir='ltr'>Haec</span> <span class='ocrx_word' id='word_1_150' title='bbox 1149 1103 1199 1129; x_wconf 93' lang='lat' dir='ltr'>eo</span> <span class='ocrx_word' id='word_1_151' title='bbox 1223 1089 1387 1144; x_wconf 85' lang='lat' dir='ltr'>scripsi,</span> <span class='ocrx_word' id='word_1_152' title='bbox 1409 1089 1525 1143; x_wconf 88' lang='lat' dir='ltr'>quod</span> <span class='ocrx_word' id='word_1_153' title='bbox 1547 1088 1653 1130; x_wconf 84' lang='lat' dir='ltr'>mihi</span> 
     </span>
     <span class='ocr_line' id='line_1_19' title="bbox 223 1145 1653 1204; baseline -0.001 -16"><span class='ocrx_word' id='word_1_154' title='bbox 223 1147 503 1204; x_wconf 83' lang='lat' dir='ltr'>Philargyrus</span> <span class='ocrx_word' id='word_1_155' title='bbox 525 1157 637 1199; x_wconf 65' lang='lat' dir='ltr'>tium,</span> <span class='ocrx_word' id='word_1_156' title='bbox 659 1147 805 1188; x_wconf 88' lang='lat' dir='ltr'>omnia</span> <span class='ocrx_word' id='word_1_157' title='bbox 826 1147 878 1187; x_wconf 91' lang='lat' dir='ltr'>de</span> <span class='ocrx_word' id='word_1_158' title='bbox 900 1156 942 1187; x_wconf 83' lang='lat' dir='ltr'>te</span> <span class='ocrx_word' id='word_1_159' title='bbox 964 1147 1210 1201; x_wconf 86' lang='lat' dir='ltr'>requirenti,</span> <span class='ocrx_word' id='word_1_160' title='bbox 1239 1145 1487 1187; x_wconf 84' lang='lat' dir='ltr'>fidelissimo</span> <span class='ocrx_word' id='word_1_161' title='bbox 1509 1146 1653 1186; x_wconf 79' lang='lat' dir='ltr'>animo</span> 
     </span>
     <span class='ocr_line' id='line_1_20' title="bbox 218 1202 1654 1260; baseline -0.001 -16"><span class='ocrx_word' id='word_1_162' title='bbox 218 1208 288 1257; x_wconf 86' lang='lat' dir='ltr'>(ut</span> <span class='ocrx_word' id='word_1_163' title='bbox 317 1206 423 1246; x_wconf 88' lang='lat' dir='ltr'>mihi</span> <span class='ocrx_word' id='word_1_164' title='bbox 454 1205 627 1260; x_wconf 89' lang='lat' dir='ltr'>quidem</span> <span class='ocrx_word' id='word_1_165' title='bbox 651 1205 764 1245; x_wconf 91' lang='lat' dir='ltr'>visus</span> <span class='ocrx_word' id='word_1_166' title='bbox 795 1206 878 1254; x_wconf 87' lang='lat' dir='ltr'>est)</span> <span class='ocrx_word' id='word_1_167' title='bbox 909 1204 1111 1254; x_wconf 83' lang='lat' dir='ltr'>narravit,</span> <span class='ocrx_word' id='word_1_168' title='bbox 1143 1204 1218 1244; x_wconf 86' lang='lat' dir='ltr'>6te</span> <span class='ocrx_word' id='word_1_169' title='bbox 1249 1203 1465 1245; x_wconf 85' lang='lat' dir='ltr'>interdum</span> <span class='ocrx_word' id='word_1_170' title='bbox 1497 1202 1654 1244; x_wconf 89' lang='lat' dir='ltr'>sollici-</span> 
     </span>
     <span class='ocr_line' id='line_1_21' title="bbox 219 1260 1653 1315; baseline -0.001 -13"><span class='ocrx_word' id='word_1_171' title='bbox 219 1271 311 1302; x_wconf 89' lang='lat' dir='ltr'>tum</span> <span class='ocrx_word' id='word_1_172' title='bbox 342 1262 475 1304; x_wconf 85' lang='lat' dir='ltr'>solere</span> <span class='ocrx_word' id='word_1_173' title='bbox 496 1276 587 1303; x_wconf 87' lang='lat' dir='ltr'>esse</span> <span class='ocrx_word' id='word_1_174' title='bbox 610 1261 930 1302; x_wconf 87' lang='lat' dir='ltr'>vehementius:</span> <span class='ocrx_word' id='word_1_175' title='bbox 962 1261 1076 1315; x_wconf 89' lang='lat' dir='ltr'>quod</span> <span class='ocrx_word' id='word_1_176' title='bbox 1113 1261 1253 1301; x_wconf 87' lang='lat' dir='ltr'>facere</span> <span class='ocrx_word' id='word_1_177' title='bbox 1282 1275 1368 1301; x_wconf 88' lang='lat' dir='ltr'>non</span> <span class='ocrx_word' id='word_1_178' title='bbox 1398 1260 1542 1310; x_wconf 90' lang='lat' dir='ltr'>debes,</span> <span class='ocrx_word' id='word_1_179' title='bbox 1574 1273 1653 1301; x_wconf 90' lang='lat' dir='ltr'>nec</span> 
     </span>
     <span class='ocr_line' id='line_1_22' title="bbox 218 1316 1655 1374; baseline -0.002 -14"><span class='ocrx_word' id='word_1_180' title='bbox 218 1318 431 1370; x_wconf 85' lang='lat' dir='ltr'>dubitare,</span> <span class='ocrx_word' id='word_1_181' title='bbox 453 1320 556 1374; x_wconf 89' lang='lat' dir='ltr'>quin</span> <span class='ocrx_word' id='word_1_182' title='bbox 579 1330 654 1359; x_wconf 88' lang='lat' dir='ltr'>aut</span> <span class='ocrx_word' id='word_1_183' title='bbox 675 1318 818 1373; x_wconf 90' lang='lat' dir='ltr'>aliqua</span> <span class='ocrx_word' id='word_1_184' title='bbox 839 1318 1071 1373; x_wconf 82' lang='lat' dir='ltr'>republica,</span> <span class='ocrx_word' id='word_1_185' title='bbox 1094 1318 1149 1358; x_wconf 90' lang='lat' dir='ltr'>sis</span> <span class='ocrx_word' id='word_1_186' title='bbox 1172 1317 1355 1368; x_wconf 85' lang='lat' dir='ltr'>futurus,</span> <span class='ocrx_word' id='word_1_187' title='bbox 1377 1318 1450 1371; x_wconf 90' lang='lat' dir='ltr'>qui</span> <span class='ocrx_word' id='word_1_188' title='bbox 1472 1330 1563 1357; x_wconf 86' lang='lat' dir='ltr'>esse</span> <span class='ocrx_word' id='word_1_189' title='bbox 1581 1316 1655 1357; x_wconf 91' lang='lat' dir='ltr'>de-</span> 
     </span>
     <span class='ocr_line' id='line_1_23' title="bbox 220 1374 1652 1431; baseline -0.001 -15"><span class='ocrx_word' id='word_1_190' title='bbox 220 1376 318 1427; x_wconf 90' lang='lat' dir='ltr'>bes;</span> <span class='ocrx_word' id='word_1_191' title='bbox 350 1386 425 1417; x_wconf 86' lang='lat' dir='ltr'>aut</span> <span class='ocrx_word' id='word_1_192' title='bbox 458 1376 639 1431; x_wconf 87' lang='lat' dir='ltr'>perdita,</span> <span class='ocrx_word' id='word_1_193' title='bbox 677 1390 764 1416; x_wconf 86' lang='lat' dir='ltr'>non</span> <span class='ocrx_word' id='word_1_194' title='bbox 797 1375 1022 1416; x_wconf 83' lang='lat' dir='ltr'>afflictiore</span> <span class='ocrx_word' id='word_1_195' title='bbox 1052 1374 1316 1424; x_wconf 87' lang='lat' dir='ltr'>conditione,</span> <span class='ocrx_word' id='word_1_196' title='bbox 1347 1389 1473 1429; x_wconf 88' lang='lat' dir='ltr'>quam</span> <span class='ocrx_word' id='word_1_197' title='bbox 1507 1374 1652 1415; x_wconf 88' lang='lat' dir='ltr'>ceteri.</span> 
     </span>
     <span class='ocr_line' id='line_1_24' title="bbox 219 1431 1653 1487; baseline -0.003 -13"><span class='ocrx_word' id='word_1_198' title='bbox 219 1432 321 1474; x_wconf 89' lang='lat' dir='ltr'>Hoc</span> <span class='ocrx_word' id='word_1_199' title='bbox 345 1448 445 1474; x_wconf 91' lang='lat' dir='ltr'>vero</span> <span class='ocrx_word' id='word_1_200' title='bbox 469 1443 652 1487; x_wconf 78' lang='lat' dir='ltr'>tempUS‚</span> <span class='ocrx_word' id='word_1_201' title='bbox 675 1447 761 1486; x_wconf 88' lang='lat' dir='ltr'>quo</span> <span class='ocrx_word' id='word_1_202' title='bbox 783 1431 1018 1473; x_wconf 79' lang='lat' dir='ltr'>exanimati</span> <span class='ocrx_word' id='word_1_203' title='bbox 1040 1445 1187 1472; x_wconf 88' lang='lat' dir='ltr'>omnes</span> <span class='ocrx_word' id='word_1_204' title='bbox 1210 1443 1252 1471; x_wconf 88' lang='lat' dir='ltr'>et</span> <span class='ocrx_word' id='word_1_205' title='bbox 1275 1431 1466 1486; x_wconf 77' lang='lat' dir='ltr'>suspensi</span> <span class='ocrx_word' id='word_1_206' title='bbox 1492 1445 1653 1481; x_wconf 87' lang='lat' dir='ltr'>sumus,</span> 
     </span>
     <span class='ocr_line' id='line_1_25' title="bbox 217 1488 1652 1542; baseline -0.003 -11"><span class='ocrx_word' id='word_1_207' title='bbox 217 1489 302 1531; x_wconf 89' lang='lat' dir='ltr'>hoc</span> <span class='ocrx_word' id='word_1_208' title='bbox 324 1490 608 1531; x_wconf 88' lang='lat' dir='ltr'>moderatiore</span> <span class='ocrx_word' id='word_1_209' title='bbox 643 1490 786 1529; x_wconf 90' lang='lat' dir='ltr'>animo</span> <span class='ocrx_word' id='word_1_210' title='bbox 818 1488 927 1529; x_wconf 86' lang='lat' dir='ltr'>ferre</span> <span class='ocrx_word' id='word_1_211' title='bbox 949 1488 1092 1537; x_wconf 88' lang='lat' dir='ltr'>debes,</span> <span class='ocrx_word' id='word_1_212' title='bbox 1114 1488 1229 1542; x_wconf 91' lang='lat' dir='ltr'>quod</span> <span class='ocrx_word' id='word_1_213' title='bbox 1251 1499 1294 1528; x_wconf 91' lang='lat' dir='ltr'>et</span> <span class='ocrx_word' id='word_1_214' title='bbox 1317 1489 1358 1528; x_wconf 90' lang='lat' dir='ltr'>in</span> <span class='ocrx_word' id='word_1_215' title='bbox 1382 1488 1486 1528; x_wconf 89' lang='lat' dir='ltr'>urbe</span> <span class='ocrx_word' id='word_1_216' title='bbox 1515 1501 1565 1527; x_wconf 89' lang='lat' dir='ltr'>ea</span> <span class='ocrx_word' id='word_1_217' title='bbox 1592 1501 1652 1537; x_wconf 89' lang='lat' dir='ltr'>es,</span> 
     </span>
     <span class='ocr_line' id='line_1_26' title="bbox 215 1544 1652 1588; baseline -0.001 -2"><span class='ocrx_word' id='word_1_218' title='bbox 215 1547 290 1588; x_wconf 89' lang='lat' dir='ltr'>ubi</span> <span class='ocrx_word' id='word_1_219' title='bbox 314 1557 414 1588; x_wconf 90' lang='lat' dir='ltr'>nata</span> <span class='ocrx_word' id='word_1_220' title='bbox 435 1555 478 1587; x_wconf 91' lang='lat' dir='ltr'>et</span> <span class='ocrx_word' id='word_1_221' title='bbox 499 1546 585 1586; x_wconf 85' lang='lat' dir='ltr'>alta</span> <span class='ocrx_word' id='word_1_222' title='bbox 613 1555 678 1586; x_wconf 90' lang='lat' dir='ltr'>est</span> <span class='ocrx_word' id='word_1_223' title='bbox 713 1545 821 1587; x_wconf 84' lang='lat' dir='ltr'>ratio</span> <span class='ocrx_word' id='word_1_224' title='bbox 851 1559 900 1585; x_wconf 88' lang='lat' dir='ltr'>ac</span> <span class='ocrx_word' id='word_1_225' title='bbox 922 1545 1160 1585; x_wconf 87' lang='lat' dir='ltr'>moderatio</span> <span class='ocrx_word' id='word_1_226' title='bbox 1181 1545 1280 1585; x_wconf 83' lang='lat' dir='ltr'>vitae</span> <span class='ocrx_word' id='word_1_227' title='bbox 1300 1561 1308 1586; x_wconf 76' lang='grc' dir='ltr'>ε</span> <span class='ocrx_word' id='word_1_228' title='bbox 1341 1554 1385 1585; x_wconf 90' lang='lat' dir='ltr'>et</span> <span class='ocrx_word' id='word_1_229' title='bbox 1406 1544 1537 1585; x_wconf 85' lang='lat' dir='ltr'>habes</span> <span class='ocrx_word' id='word_1_230' title='bbox 1561 1544 1652 1585; x_wconf 87' lang='lat' dir='ltr'>Ser.</span> 
     </span>
     <span class='ocr_line' id='line_1_27' title="bbox 216 1600 1652 1660; baseline -0.002 -16"><span class='ocrx_word' id='word_1_231' title='bbox 216 1603 472 1660; x_wconf 87' lang='lat' dir='ltr'>Sulpicium,</span> <span class='ocrx_word' id='word_1_232' title='bbox 493 1617 618 1659; x_wconf 90' lang='lat' dir='ltr'>quem</span> <span class='ocrx_word' id='word_1_233' title='bbox 643 1617 808 1659; x_wconf 90' lang='lat' dir='ltr'>semper</span> <span class='ocrx_word' id='word_1_234' title='bbox 836 1602 961 1642; x_wconf 80' lang='lat' dir='ltr'>unice</span> <span class='ocrx_word' id='word_1_235' title='bbox 982 1601 1198 1652; x_wconf 81' lang='lat' dir='ltr'>dilexisti3</span> <span class='ocrx_word' id='word_1_236' title='bbox 1230 1601 1301 1656; x_wconf 92' lang='lat' dir='ltr'>qui</span> <span class='ocrx_word' id='word_1_237' title='bbox 1326 1612 1368 1642; x_wconf 90' lang='lat' dir='ltr'>te</span> <span class='ocrx_word' id='word_1_238' title='bbox 1392 1600 1587 1657; x_wconf 91' lang='lat' dir='ltr'>profecto</span> <span class='ocrx_word' id='word_1_239' title='bbox 1608 1608 1652 1641; x_wconf 88' lang='lat' dir='ltr'>et</span> 
     </span>
     <span class='ocr_line' id='line_1_28' title="bbox 215 1659 1650 1715; baseline -0.003 -13"><span class='ocrx_word' id='word_1_240' title='bbox 215 1660 508 1702; x_wconf 86' lang='lat' dir='ltr'>benivolentia</span> <span class='ocrx_word' id='word_1_241' title='bbox 528 1669 571 1701; x_wconf 86' lang='lat' dir='ltr'>et</span> <span class='ocrx_word' id='word_1_242' title='bbox 593 1660 804 1715; x_wconf 84' lang='lat' dir='ltr'>sapientia</span> <span class='ocrx_word' id='word_1_243' title='bbox 832 1659 1137 1700; x_wconf 84' lang='lat' dir='ltr'>7consolatur:</span> <span class='ocrx_word' id='word_1_244' title='bbox 1166 1659 1290 1713; x_wconf 82' lang='lat' dir='ltr'>cujus</span> <span class='ocrx_word' id='word_1_245' title='bbox 1323 1659 1356 1700; x_wconf 90' lang='lat' dir='ltr'>si</span> <span class='ocrx_word' id='word_1_246' title='bbox 1387 1672 1574 1699; x_wconf 86' lang='lat' dir='ltr'>essemus</span> <span class='ocrx_word' id='word_1_247' title='bbox 1605 1667 1650 1698; x_wconf 89' lang='lat' dir='ltr'>et</span> 
     </span>
     <span class='ocr_line' id='line_1_29' title="bbox 213 1715 1649 1772; baseline -0.001 -14"><span class='ocrx_word' id='word_1_248' title='bbox 213 1718 515 1760; x_wconf 86' lang='lat' dir='ltr'>auctoritatem</span> <span class='ocrx_word' id='word_1_249' title='bbox 539 1727 582 1758; x_wconf 88' lang='lat' dir='ltr'>et</span> <span class='ocrx_word' id='word_1_250' title='bbox 604 1717 831 1758; x_wconf 87' lang='lat' dir='ltr'>consilium</span> <span class='ocrx_word' id='word_1_251' title='bbox 858 1717 1018 1767; x_wconf 80' lang='lat' dir='ltr'>secuti3</span> <span class='ocrx_word' id='word_1_252' title='bbox 1053 1715 1186 1772; x_wconf 85' lang='lat' dir='ltr'>togati</span> <span class='ocrx_word' id='word_1_253' title='bbox 1218 1716 1361 1771; x_wconf 88' lang='lat' dir='ltr'>potius</span> <span class='ocrx_word' id='word_1_254' title='bbox 1396 1716 1649 1771; x_wconf 86' lang='lat' dir='ltr'>potentiam,</span> 
     </span>
     <span class='ocr_line' id='line_1_30' title="bbox 212 1771 1649 1830; baseline -0.002 -15"><span class='ocrx_word' id='word_1_255' title='bbox 212 1790 341 1830; x_wconf 86' lang='lat' dir='ltr'>quam</span> <span class='ocrx_word' id='word_1_256' title='bbox 363 1774 516 1816; x_wconf 86' lang='lat' dir='ltr'>armati</span> <span class='ocrx_word' id='word_1_257' title='bbox 539 1774 765 1815; x_wconf 85' lang='lat' dir='ltr'>victoriam</span> <span class='ocrx_word' id='word_1_258' title='bbox 787 1773 1062 1814; x_wconf 88' lang='lat' dir='ltr'>subissemus.</span> <span class='ocrx_word' id='word_1_259' title='bbox 1123 1772 1206 1813; x_wconf 89' lang='lat' dir='ltr'>Sed</span> <span class='ocrx_word' id='word_1_260' title='bbox 1229 1772 1323 1814; x_wconf 84' lang='lat' dir='ltr'>haee</span> <span class='ocrx_word' id='word_1_261' title='bbox 1345 1772 1542 1828; x_wconf 78' lang='lat' dir='ltr'>longiora</span> <span class='ocrx_word' id='word_1_262' title='bbox 1563 1771 1649 1812; x_wconf 87' lang='lat' dir='ltr'>for-</span> 
     </span>
     <span class='ocr_line' id='line_1_31' title="bbox 165 1829 1647 1886; baseline -0.003 -13"><span class='ocrx_word' id='word_1_263' title='bbox 165 1833 198 1864; x_wconf 86' lang='lat' dir='ltr'>b.</span> <span class='ocrx_word' id='word_1_264' title='bbox 215 1840 325 1873; x_wconf 86' lang='lat' dir='ltr'>tasse</span> <span class='ocrx_word' id='word_1_265' title='bbox 358 1832 546 1881; x_wconf 90' lang='lat' dir='ltr'>fuerunt,</span> <span class='ocrx_word' id='word_1_266' title='bbox 576 1846 704 1886; x_wconf 89' lang='lat' dir='ltr'>quam</span> <span class='ocrx_word' id='word_1_267' title='bbox 743 1845 913 1872; x_wconf 87' lang='lat' dir='ltr'>necesse</span> <span class='ocrx_word' id='word_1_268' title='bbox 947 1830 1053 1871; x_wconf 87' lang='lat' dir='ltr'>fuit:</span> <span class='ocrx_word' id='word_1_269' title='bbox 1088 1829 1171 1880; x_wconf 89' lang='lat' dir='ltr'>illa,</span> <span class='ocrx_word' id='word_1_270' title='bbox 1204 1845 1300 1884; x_wconf 82' lang='lat' dir='ltr'>quae</span> <span class='ocrx_word' id='word_1_271' title='bbox 1335 1831 1500 1884; x_wconf 85' lang='lat' dir='ltr'>majora</span> <span class='ocrx_word' id='word_1_272' title='bbox 1532 1836 1647 1878; x_wconf 87' lang='lat' dir='ltr'>sunt,</span> 
     </span>
     <span class='ocr_line' id='line_1_32' title="bbox 214 1886 1645 1945; baseline -0.003 -15"><span class='ocrx_word' id='word_1_273' title='bbox 214 1889 383 1930; x_wconf 86' lang='lat' dir='ltr'>brevius</span> <span class='ocrx_word' id='word_1_274' title='bbox 413 1903 646 1944; x_wconf 81' lang='lat' dir='ltr'>exponam.</span> <span class='ocrx_word' id='word_1_275' title='bbox 708 1887 802 1945; x_wconf 86' lang='lat' dir='ltr'>Ego</span> <span class='ocrx_word' id='word_1_276' title='bbox 840 1887 995 1937; x_wconf 86' lang='lat' dir='ltr'>habeo,</span> <span class='ocrx_word' id='word_1_277' title='bbox 1031 1887 1099 1928; x_wconf 84' lang='lat' dir='ltr'>cui</span> <span class='ocrx_word' id='word_1_278' title='bbox 1140 1887 1246 1942; x_wconf 84' lang='lat' dir='ltr'>plus,</span> <span class='ocrx_word' id='word_1_279' title='bbox 1286 1902 1414 1942; x_wconf 84' lang='lat' dir='ltr'>quam</span> <span class='ocrx_word' id='word_1_280' title='bbox 1447 1887 1542 1936; x_wconf 91' lang='lat' dir='ltr'>tibi,</span> <span class='ocrx_word' id='word_1_281' title='bbox 1573 1886 1645 1927; x_wconf 89' lang='lat' dir='ltr'>de-</span> 
     </span>
     <span class='ocr_line' id='line_1_33' title="bbox 211 1943 1647 2000; baseline -0.003 -13"><span class='ocrx_word' id='word_1_282' title='bbox 211 1947 353 1997; x_wconf 90' lang='lat' dir='ltr'>beam,</span> <span class='ocrx_word' id='word_1_283' title='bbox 377 1948 606 1987; x_wconf 89' lang='lat' dir='ltr'>neminem.</span> <span class='ocrx_word' id='word_1_284' title='bbox 636 1946 793 2000; x_wconf 87' lang='lat' dir='ltr'>quibus</span> <span class='ocrx_word' id='word_1_285' title='bbox 817 1954 983 1986; x_wconf 87' lang='lat' dir='ltr'>tantum</span> <span class='ocrx_word' id='word_1_286' title='bbox 1006 1944 1231 1994; x_wconf 85' lang='lat' dir='ltr'>debebam,</span> <span class='ocrx_word' id='word_1_287' title='bbox 1263 1955 1471 1999; x_wconf 84' lang='lat' dir='ltr'>quantum</span> <span class='ocrx_word' id='word_1_288' title='bbox 1504 1953 1549 1984; x_wconf 88' lang='lat' dir='ltr'>tu</span> <span class='ocrx_word' id='word_1_289' title='bbox 1581 1943 1647 1984; x_wconf 88' lang='lat' dir='ltr'>in-</span> 
     </span>
     <span class='ocr_line' id='line_1_34' title="bbox 210 2001 1645 2060; baseline -0.001 -16"><span class='ocrx_word' id='word_1_290' title='bbox 210 2003 383 2060; x_wconf 84' lang='lat' dir='ltr'>telligis,</span> <span class='ocrx_word' id='word_1_291' title='bbox 415 2018 487 2044; x_wconf 88' lang='lat' dir='ltr'>eos</span> <span class='ocrx_word' id='word_1_292' title='bbox 518 2002 626 2043; x_wconf 87' lang='lat' dir='ltr'>mihi</span> <span class='ocrx_word' id='word_1_293' title='bbox 656 2003 784 2058; x_wconf 87' lang='lat' dir='ltr'>hujus</span> <span class='ocrx_word' id='word_1_294' title='bbox 816 2001 915 2043; x_wconf 92' lang='lat' dir='ltr'>belli</span> <span class='ocrx_word' id='word_1_295' title='bbox 945 2016 1067 2042; x_wconf 88' lang='lat' dir='ltr'>casus</span> <span class='ocrx_word' id='word_1_296' title='bbox 1099 2001 1271 2056; x_wconf 85' lang='lat' dir='ltr'>eripuit.</span> <span class='ocrx_word' id='word_1_297' title='bbox 1301 2002 1374 2056; x_wconf 87' lang='lat' dir='ltr'>qui</span> <span class='ocrx_word' id='word_1_298' title='bbox 1399 2003 1477 2042; x_wconf 88' lang='lat' dir='ltr'>sim</span> <span class='ocrx_word' id='word_1_299' title='bbox 1500 2011 1645 2042; x_wconf 84' lang='lat' dir='ltr'>autem</span> 
     </span>
     <span class='ocr_line' id='line_1_35' title="bbox 208 2057 1645 2116; baseline -0.003 -14"><span class='ocrx_word' id='word_1_300' title='bbox 208 2060 293 2102; x_wconf 89' lang='lat' dir='ltr'>hoc</span> <span class='ocrx_word' id='word_1_301' title='bbox 317 2071 524 2116; x_wconf 86' lang='lat' dir='ltr'>tempore,</span> <span class='ocrx_word' id='word_1_302' title='bbox 555 2059 767 2116; x_wconf 84' lang='lat' dir='ltr'>intelligo.</span> <span class='ocrx_word' id='word_1_303' title='bbox 827 2059 910 2100; x_wconf 84' lang='lat' dir='ltr'>Sed</span> <span class='ocrx_word' id='word_1_304' title='bbox 941 2059 1044 2113; x_wconf 86' lang='lat' dir='ltr'>quia</span> <span class='ocrx_word' id='word_1_305' title='bbox 1072 2072 1199 2098; x_wconf 85' lang='lat' dir='ltr'>nemo</span> <span class='ocrx_word' id='word_1_306' title='bbox 1230 2068 1294 2099; x_wconf 87' lang='lat' dir='ltr'>est</span> <span class='ocrx_word' id='word_1_307' title='bbox 1328 2070 1412 2099; x_wconf 85' lang='lat' dir='ltr'>tam</span> <span class='ocrx_word' id='word_1_308' title='bbox 1445 2057 1645 2107; x_wconf 83' lang='lat' dir='ltr'>afflictus,</span> 
     </span>
     <span class='ocr_line' id='line_1_36' title="bbox 208 2114 1643 2173; baseline -0.004 -14"><span class='ocrx_word' id='word_1_309' title='bbox 208 2118 299 2173; x_wconf 90' lang='lat' dir='ltr'>qui,</span> <span class='ocrx_word' id='word_1_310' title='bbox 322 2119 354 2159; x_wconf 92' lang='lat' dir='ltr'>si</span> <span class='ocrx_word' id='word_1_311' title='bbox 379 2117 487 2158; x_wconf 89' lang='lat' dir='ltr'>nihil</span> <span class='ocrx_word' id='word_1_312' title='bbox 508 2116 622 2158; x_wconf 89' lang='lat' dir='ltr'>aliud</span> <span class='ocrx_word' id='word_1_313' title='bbox 645 2117 829 2168; x_wconf 87' lang='lat' dir='ltr'>studeat,</span> <span class='ocrx_word' id='word_1_314' title='bbox 860 2116 941 2157; x_wconf 91' lang='lat' dir='ltr'>nisi</span> <span class='ocrx_word' id='word_1_315' title='bbox 964 2115 1006 2156; x_wconf 90' lang='lat' dir='ltr'>id</span> <span class='ocrx_word' id='word_1_316' title='bbox 1029 2115 1143 2170; x_wconf 91' lang='lat' dir='ltr'>quod</span> <span class='ocrx_word' id='word_1_317' title='bbox 1167 2116 1272 2171; x_wconf 82' lang='lat' dir='ltr'>agit,</span> <span class='ocrx_word' id='word_1_318' title='bbox 1303 2130 1388 2157; x_wconf 90' lang='lat' dir='ltr'>non</span> <span class='ocrx_word' id='word_1_319' title='bbox 1414 2114 1549 2171; x_wconf 83' lang='lat' dir='ltr'>possit</span> <span class='ocrx_word' id='word_1_320' title='bbox 1569 2128 1643 2154; x_wconf 85' lang='lat' dir='ltr'>na·-</span> 
     </span>
     <span class='ocr_line' id='line_1_37' title="bbox 209 2173 1642 2230; baseline -0.003 -15"><span class='ocrx_word' id='word_1_321' title='bbox 209 2189 309 2216; x_wconf 83' lang='lat' dir='ltr'>vare</span> <span class='ocrx_word' id='word_1_322' title='bbox 342 2174 503 2230; x_wconf 87' lang='lat' dir='ltr'>aliquid</span> <span class='ocrx_word' id='word_1_323' title='bbox 543 2183 586 2216; x_wconf 89' lang='lat' dir='ltr'>et</span> <span class='ocrx_word' id='word_1_324' title='bbox 621 2174 811 2215; x_wconf 85' lang='lat' dir='ltr'>efficere:</span> <span class='ocrx_word' id='word_1_325' title='bbox 843 2187 971 2214; x_wconf 90' lang='lat' dir='ltr'>omne</span> <span class='ocrx_word' id='word_1_326' title='bbox 1001 2187 1144 2214; x_wconf 86' lang='lat' dir='ltr'>meum</span> <span class='ocrx_word' id='word_1_327' title='bbox 1176 2173 1418 2223; x_wconf 89' lang='lat' dir='ltr'>consilium,</span> <span class='ocrx_word' id='word_1_328' title='bbox 1452 2185 1642 2227; x_wconf 83' lang='lat' dir='ltr'>operam,</span> 
     </span>
     <span class='ocr_line' id='line_1_38' title="bbox 207 2228 1642 2285; baseline -0.002 -13"><span class='ocrx_word' id='word_1_329' title='bbox 207 2232 412 2283; x_wconf 88' lang='lat' dir='ltr'>studium,</span> <span class='ocrx_word' id='word_1_330' title='bbox 436 2240 551 2273; x_wconf 89' lang='lat' dir='ltr'>certe</span> <span class='ocrx_word' id='word_1_331' title='bbox 573 2231 700 2273; x_wconf 92' lang='lat' dir='ltr'>velim</span> <span class='ocrx_word' id='word_1_332' title='bbox 735 2231 956 2273; x_wconf 86' lang='lat' dir='ltr'>existimes</span> <span class='ocrx_word' id='word_1_333' title='bbox 979 2230 1059 2271; x_wconf 87' lang='lat' dir='ltr'>tibi</span> <span class='ocrx_word' id='word_1_334' title='bbox 1091 2229 1260 2285; x_wconf 86' lang='lat' dir='ltr'>tuisque</span> <span class='ocrx_word' id='word_1_335' title='bbox 1280 2230 1425 2272; x_wconf 84' lang='lat' dir='ltr'>liberis</span> <span class='ocrx_word' id='word_1_336' title='bbox 1456 2243 1547 2270; x_wconf 90' lang='lat' dir='ltr'>esse</span> <span class='ocrx_word' id='word_1_337' title='bbox 1570 2228 1642 2270; x_wconf 92' lang='lat' dir='ltr'>de-</span> 
     </span>
    </p>
   </div>
   <div class='ocr_carea' id='block_1_3' title="bbox 206 2289 362 2331">
    <p class='ocr_par' dir='ltr' id='par_1_3' title="bbox 206 2289 362 2331">
     <span class='ocr_line' id='line_1_39' title="bbox 206 2289 362 2331; baseline 0 -1"><span class='ocrx_word' id='word_1_338' title='bbox 206 2289 362 2331; x_wconf 87' lang='lat' dir='ltr'>bitum.</span> 
     </span>
    </p>
   </div>
   <div class='ocr_carea' id='block_1_4' title="bbox 164 2371 1122 2409">
    <p class='ocr_par' dir='ltr' id='par_1_4' title="bbox 164 2371 1122 2409">
     <span class='ocr_line' id='line_1_40' title="bbox 164 2371 1122 2409; baseline 0 0"><span class='ocrx_word' id='word_1_339' title='bbox 164 2373 192 2409; x_wconf 78' lang='lat'>2</span> <span class='ocrx_word' id='word_1_340' title='bbox 721 2371 1122 2409; x_wconf 86' lang='lat' dir='ltr'><strong>ARGUMENTUM.</strong></span> 
     </span>
    </p>
   </div>
   <div class='ocr_carea' id='block_1_5' title="bbox 204 2435 1639 2544">
    <p class='ocr_par' dir='ltr' id='par_1_5' title="bbox 204 2435 1639 2544">
     <span class='ocr_line' id='line_1_41' title="bbox 204 2435 1638 2485; baseline -0.002 -11"><span class='ocrx_word' id='word_1_341' title='bbox 204 2438 365 2474; x_wconf 75' lang='lat' dir='ltr'>Excusat</span> <span class='ocrx_word' id='word_1_342' title='bbox 392 2436 489 2485; x_wconf 81' lang='lat' dir='ltr'>quod</span> <span class='ocrx_word' id='word_1_343' title='bbox 514 2436 632 2471; x_wconf 78' lang='lat' dir='ltr'>rarius</span> <span class='ocrx_word' id='word_1_344' title='bbox 658 2436 863 2483; x_wconf 78' lang='lat' dir='ltr'>scripserit:</span> <span class='ocrx_word' id='word_1_345' title='bbox 891 2436 1032 2471; x_wconf 78' lang='lat' dir='ltr'>solatur</span> <span class='ocrx_word' id='word_1_346' title='bbox 1056 2447 1098 2470; x_wconf 75' lang='lat' dir='ltr'>ex</span> <span class='ocrx_word' id='word_1_347' title='bbox 1124 2446 1186 2482; x_wconf 85' lang='lat' dir='ltr'>spe</span> <span class='ocrx_word' id='word_1_348' title='bbox 1211 2435 1399 2469; x_wconf 83' lang='lat' dir='ltr'>meliorum</span> <span class='ocrx_word' id='word_1_349' title='bbox 1425 2437 1638 2481; x_wconf 84' lang='lat' dir='ltr'>temporum,</span> 
     </span>
     <span class='ocr_line' id='line_1_42' title="bbox 251 2486 1639 2544; baseline -0.001 -19"><span class='ocrx_word' id='word_1_350' title='bbox 251 2493 404 2539; x_wconf 75' lang='lat' dir='ltr'>propter</span> <span class='ocrx_word' id='word_1_351' title='bbox 431 2499 540 2536; x_wconf 85' lang='lat' dir='ltr'>quam</span> <span class='ocrx_word' id='word_1_352' title='bbox 565 2499 637 2523; x_wconf 80' lang='lat' dir='ltr'>non</span> <span class='ocrx_word' id='word_1_353' title='bbox 663 2488 724 2530; x_wconf 79' lang='lat' dir='ltr'>sit,</span> <span class='ocrx_word' id='word_1_354' title='bbox 755 2488 851 2534; x_wconf 82' lang='lat' dir='ltr'>quod</span> <span class='ocrx_word' id='word_1_355' title='bbox 879 2489 1029 2523; x_wconf 76' lang='lat' dir='ltr'>timeat:</span> <span class='ocrx_word' id='word_1_356' title='bbox 1057 2487 1181 2522; x_wconf 78' lang='lat' dir='ltr'>saltim</span> <span class='ocrx_word' id='word_1_357' title='bbox 1208 2498 1250 2522; x_wconf 77' lang='lat' dir='ltr'>ex</span> <span class='ocrx_word' id='word_1_358' title='bbox 1277 2486 1454 2522; x_wconf 80' lang='lat' dir='ltr'>communi</span> <span class='ocrx_word' id='word_1_359' title='bbox 1482 2488 1639 2544; x_wconf 62' lang='lat' dir='ltr'>pmnium</span> 
     </span>
    </p>
   </div>
   <div class='ocr_carea' id='block_1_6' title="bbox 255 2538 968 2587">
    <p class='ocr_par' dir='ltr' id='par_1_6' title="bbox 255 2538 968 2587">
     <span class='ocr_line' id='line_1_43' title="bbox 255 2538 968 2587; baseline -0.006 -8"><span class='ocrx_word' id='word_1_360' title='bbox 255 2541 472 2583; x_wconf 76' lang='lat' dir='ltr'>conditione,</span> <span class='ocrx_word' id='word_1_361' title='bbox 490 2540 640 2587; x_wconf 68' lang='lat' dir='ltr'>ideoque</span> <span class='ocrx_word' id='word_1_362' title='bbox 656 2540 790 2587; x_wconf 73' lang='lat' dir='ltr'>oequius</span> <span class='ocrx_word' id='word_1_363' title='bbox 798 2538 968 2587; x_wconf 80' lang='lat' dir='ltr'>ferenda.</span> 
     </span>
    </p>
   </div>
   <div class='ocr_carea' id='block_1_7' title="bbox 1796 0 1817 2110">
    <p class='ocr_par' dir='ltr' id='par_1_7' title="bbox 1796 0 1817 2110">
     <span class='ocr_line' id='line_1_44' title="bbox 1796 0 1817 2110; baseline 0 0"><span class='ocrx_word' id='word_1_364' title='bbox 1796 0 1817 2110; x_wconf 95' lang='lat' dir='ltr'> </span> 
     </span>
    </p>
   </div>
   <div class='ocr_carea' id='block_1_8' title="bbox 243 2682 1636 2723">
    <p class='ocr_par' dir='ltr' id='par_1_8' title="bbox 243 2682 1636 2723">
     <span class='ocr_line' id='line_1_45' title="bbox 243 2682 1636 2723; baseline 0 -6"><span class='ocrx_word' id='word_1_365' title='bbox 243 2687 264 2718; x_wconf 88' lang='grc'>6</span> <span class='ocrx_word' id='word_1_366' title='bbox 286 2690 316 2717; x_wconf 81' lang='lat' dir='ltr'>te</span> <span class='ocrx_word' id='word_1_367' title='bbox 330 2686 496 2717; x_wconf 78' lang='lat' dir='ltr'>interdum</span> <span class='ocrx_word' id='word_1_368' title='bbox 510 2695 536 2716; x_wconf 70' lang='grc' dir='ltr'>ε.</span> <span class='ocrx_word' id='word_1_369' title='bbox 551 2683 662 2723; x_wconf 84' lang='lat' dir='ltr'>solere]</span> <span class='ocrx_word' id='word_1_370' title='bbox 691 2684 756 2714; x_wconf 86' lang='lat' dir='ltr'>Ms.</span> <span class='ocrx_word' id='word_1_371' title='bbox 779 2682 899 2714; x_wconf 79' lang='lat' dir='ltr'>Graevi‘i</span> <span class='ocrx_word' id='word_1_372' title='bbox 942 2683 1039 2714; x_wconf 87' lang='lat' dir='ltr'>verbo</span> <span class='ocrx_word' id='word_1_373' title='bbox 1063 2683 1240 2715; x_wconf 77' lang='lat' dir='ltr'>interdum.</span> <span class='ocrx_word' id='word_1_374' title='bbox 1265 2692 1339 2714; x_wconf 89' lang='lat' dir='ltr'>nam</span> <span class='ocrx_word' id='word_1_375' title='bbox 1366 2683 1563 2716; x_wconf 84' lang='lat' dir='ltr'>alterutrum</span> <span class='ocrx_word' id='word_1_376' title='bbox 1586 2695 1636 2717; x_wconf 84' lang='lat' dir='ltr'>re-</span> 
     </span>
    </p>
   </div>
   <div class='ocr_carea' id='block_1_9' title="bbox 201 2725 1547 2808">
    <p class='ocr_par' dir='ltr' id='par_1_9' title="bbox 201 2725 1547 2808">
     <span class='ocr_line' id='line_1_46' title="bbox 203 2725 1078 2760; baseline -0.003 -1"><span class='ocrx_word' id='word_1_377' title='bbox 203 2738 269 2760; x_wconf 90' lang='lat' dir='ltr'>non</span> <span class='ocrx_word' id='word_1_378' title='bbox 295 2729 436 2759; x_wconf 81' lang='lat' dir='ltr'>habebat</span> <span class='ocrx_word' id='word_1_379' title='bbox 462 2728 579 2758; x_wconf 81' lang='lat' dir='ltr'>solere.-</span> <span class='ocrx_word' id='word_1_380' title='bbox 611 2726 696 2756; x_wconf 77' lang='lat' dir='ltr'>sieut</span> <span class='ocrx_word' id='word_1_381' title='bbox 718 2735 808 2756; x_wconf 78' lang='lat' dir='ltr'>meus</span> <span class='ocrx_word' id='word_1_382' title='bbox 833 2735 899 2755; x_wconf 92' lang='lat' dir='ltr'>non</span> <span class='ocrx_word' id='word_1_383' title='bbox 941 2725 1078 2756; x_wconf 78' lang='lat' dir='ltr'>dundat.</span> 
     </span>
     <span class='ocr_line' id='line_1_47' title="bbox 201 2767 1547 2808; baseline -0.002 -6"><span class='ocrx_word' id='word_1_384' title='bbox 201 2771 385 2802; x_wconf 72' lang='lat' dir='ltr'>sollicitum.</span> <span class='ocrx_word' id='word_1_385' title='bbox 407 2770 509 2800; x_wconf 85' lang='lat' dir='ltr'>Recte</span> <span class='ocrx_word' id='word_1_386' title='bbox 523 2767 669 2799; x_wconf 81' lang='lat' dir='ltr'>Graevius</span> <span class='ocrx_word' id='word_1_387' title='bbox 683 2769 782 2798; x_wconf 78' lang='lat' dir='ltr'>solere</span> <span class='ocrx_word' id='word_1_388' title='bbox 797 2767 896 2798; x_wconf 88' lang='lat' dir='ltr'>deleri</span> <span class='ocrx_word' id='word_1_389' title='bbox 981 2771 998 2802; x_wconf 87' lang='lat'><strong>7</strong></span> <span class='ocrx_word' id='word_1_390' title='bbox 1015 2767 1212 2808; x_wconf 77' lang='lat' dir='ltr'>consolatur]</span> <span class='ocrx_word' id='word_1_391' title='bbox 1237 2768 1290 2800; x_wconf 89' lang='lat' dir='ltr'>An</span> <span class='ocrx_word' id='word_1_392' title='bbox 1304 2770 1519 2801; x_wconf 79' lang='lat' dir='ltr'>consolabitur</span> <span class='ocrx_word' id='word_1_393' title='bbox 1533 2770 1547 2794; x_wconf 64' lang='grc' dir='ltr'>Ρ</span> 
     </span>
    </p>
   </div>
   <div class='ocr_carea' id='block_1_10' title="bbox 204 2811 897 2852">
    <p class='ocr_par' dir='ltr' id='par_1_10' title="bbox 204 2811 897 2852">
     <span class='ocr_line' id='line_1_48' title="bbox 204 2811 897 2852; baseline -0.006 -8"><span class='ocrx_word' id='word_1_394' title='bbox 204 2813 332 2844; x_wconf 74' lang='lat' dir='ltr'>volebat</span> <span class='ocrx_word' id='word_1_395' title='bbox 345 2823 354 2844; x_wconf 73' lang='grc' dir='ltr'>ι</span> <span class='ocrx_word' id='word_1_396' title='bbox 369 2811 455 2852; x_wconf 88' lang='lat' dir='ltr'>quod</span> <span class='ocrx_word' id='word_1_397' title='bbox 469 2812 570 2843; x_wconf 82' lang='lat' dir='ltr'>etiarn</span> <span class='ocrx_word' id='word_1_398' title='bbox 581 2811 733 2843; x_wconf 81' lang='lat' dir='ltr'>nonsatis</span> <span class='ocrx_word' id='word_1_399' title='bbox 743 2811 897 2841; x_wconf 86' lang='lat' dir='ltr'>convenit</span> 
     </span>
    </p>
   </div>
  </div>
 </body>
</html>
