1817 3196
433 93 512 131 AD
535 89 878 130 METELLUM
904 89 978 127 ET
1004 89 1288 127 CETEROS.
1511 95 1583 130 123

150 196 282 248 enim,
304 210 401 238 cum
423 206 534 237 esset
563 194 701 249 major
729 204 773 235 et
810 193 1015 258 virorum,
1049 202 1092 233 et
1113 192 1274 233 civium
1296 192 1521 244 bonorum,
1543 205 1588 236 et

145 254 436 316 jucundorum
471 253 711 301 hominum,
733 260 777 292 et
798 251 1034 291 amantium
1056 249 1140 290 mei
1163 249 1304 304 copia,
1334 258 1475 289 tamen
1498 262 1588 292 erat

154 325 295 361 nemo,
317 323 491 364 quicum
523 320 658 349 essem
681 308 898 357 libentius,
921 322 1048 363 quam
1072 316 1237 357 tecum;
1268 317 1310 347 et
1333 307 1474 362 pauci,
1493 308 1588 361 qui-

156 367 334 408 buscum
364 380 497 407 essem
534 378 656 420 ecque
685 365 892 405 libenter:
925 365 1008 405 hoc
1042 377 1140 404 vero
1166 373 1373 427 tempore,
1396 377 1494 404 cum
1516 363 1586 405 alii

154 424 406 473 interierint,
426 422 495 463 alii
519 423 676 472 absint,
699 421 770 462 alii
791 422 946 462 mutati
973 421 1190 462 voluntate
1210 422 1308 471 sint,
1332 435 1480 471 unum,
1499 435 1589 461 me-

152 481 248 521 dius
272 481 412 530 fidius,
435 488 578 520 tecum
600 480 712 520 diem
736 479 938 519 libentius
962 480 1192 535 posuerim,
1210 492 1339 533 quam
1362 478 1444 519 hoc
1461 491 1589 519 omne

153 547 324 593 tempus
356 550 456 578 cum
490 536 701 600 plerisque
730 550 893 586 eorum,
926 536 1180 590 quibuscum
1208 536 1306 576 vivo
1334 535 1587 576 necessario.

157 593 258 634 Noli
288 593 403 634 enim
436 594 698 658 existimare,
720 592 826 633 mihi
860 592 1135 633 solitudinem
1170 607 1254 632 nou
1283 592 1588 647 jucundiorem

153 664 260 701 esse,
281 665 366 705 qua
387 659 530 691 tamen
555 653 647 707 ipsa
671 650 733 691 uti
765 664 850 690 non
873 648 988 700 licet,
1022 663 1150 704 quam
1185 663 1400 690 sermones
1424 663 1588 700 eorum,

154 707 228 762 qui
253 707 526 762 frequentant
547 708 722 748 domum
746 721 901 756 meam,
918 716 1108 770 excepto
1136 720 1237 757 uno,
1270 717 1343 747 aut
1374 721 1586 747 summum

151 763 299 804 altero.
362 763 513 820 Itaque
536 775 632 805 utor
654 763 803 805 eodem
829 762 1041 819 perfugio,
1064 778 1150 826 quo
1167 764 1244 804 tibi
1266 764 1471 805 utendum
1490 778 1590 804 cen-

155 834 242 871 seo,
264 820 461 862 ]itterulis
491 822 662 869 nostris,
695 831 902 876 praeterea
935 821 1201 862 couscientia
1230 821 1359 861 etiam
1389 821 1591 862 consilio-

155 891 249 918 rum
272 892 479 919 meorum.
543 877 638 934 Ego
659 892 774 919 enim
797 878 831 918 is
862 892 971 929 sum,
994 877 1357 932 quemadmodum
1391 889 1435 919 tu
1470 877 1591 919 facil-

155 933 257 974 lime
281 945 401 989 potes
422 936 683 986 existimare,
706 935 778 990 qui
803 934 910 975 nihil
931 949 1136 998 umquam
1160 949 1254 975 mea
1274 935 1432 990 potius,
1462 950 1591 990 quam

154 1004 346 1031 meorum
380 993 540 1033 civium
573 1007 702 1033 causa
744 992 945 1033 fecerim:
997 995 1038 1025 95
1053 1007 1122 1032 cui
1163 992 1243 1032 nisi
1283 992 1506 1033 invidisset
1542 993 1592 1043 is,

157 1062 284 1103 quem
323 1058 365 1089 tu
407 1063 641 1104 numquam
682 1051 860 1099 amasti3
893 1053 982 1101 (me
1019 1049 1134 1089 enim
1172 1050 1345 1090 amabas
1358 1051 1389 1100 ς)
1419 1059 1463 1090 et
1502 1050 1593 1105 ipse

157 1105 308 1146 beatus
329 1115 455 1157 esset,
476 1115 519 1146 et
541 1120 688 1146 omnes
710 1107 829 1147 boni.
879 1105 972 1161 Ego
992 1120 1101 1155 sum,
1120 1106 1191 1161 qui
1216 1106 1372 1146 nullius
1393 1107 1479 1147 vim
1499 1106 1592 1170 plus

155 1161 295 1202 valere
316 1162 447 1214 volui,
470 1177 597 1217 quam
617 1163 844 1203 honestum
869 1164 1032 1203 otium:
1056 1162 1269 1216 idemque,
1288 1178 1386 1204 cum
1410 1163 1510 1204 illa
1502 1178 1596 1220 lpsa

159 1233 290 1269 arma,
312 1234 407 1274 quae
431 1233 596 1274 semper
615 1220 857 1268 timueram,
892 1219 985 1274 plus
1016 1232 1142 1273 posse
1171 1220 1296 1269 sensi,
1325 1234 1453 1274 quam
1475 1220 1596 1261 illum

157 1289 413 1316 consensum
455 1277 682 1326 bonorum,
718 1290 845 1338 quem
888 1289 971 1331 ego
1009 1275 1123 1316 idem
1159 1275 1412 1317 effeceram:
1445 1277 1595 1332 quavis

159 1340 253 1373 tuta
274 1332 523 1373 conditione
560 1346 706 1387 pacem
742 1333 938 1388 accipere
970 1331 1118 1383 malui,
1139 1347 1266 1387 quam
1303 1333 1464 1374 viribus
1497 1348 1596 1374 cuin

156 1388 392 1430 valentiore
413 1403 621 1445 pugnare.
682 1389 766 1430 Sed
788 1399 831 1429 et
855 1389 964 1438 haec,
986 1399 1029 1429 et
1053 1388 1188 1429 multa
1209 1389 1291 1430 alia
1312 1405 1457 1431 coram
1479 1391 1596 1431 brevi

157 1453 351 1510 tempore
370 1446 531 1487 licebit.
594 1445 747 1502 Neque
768 1460 836 1486 me
858 1455 1001 1486 tamen
1034 1446 1120 1486 ulla
1145 1460 1209 1487 res
1239 1446 1322 1487 alia
1355 1446 1509 1488 Romae
1533 1457 1596 1487 te-

158 1512 246 1553 net,
270 1503 348 1544 uisi
374 1503 642 1558 exspectatio
665 1517 805 1543 rerum
827 1502 1144 1544 Africanarum.
1163 1503 1333 1544 videtur
1353 1505 1466 1544 enim
1489 1504 1594 1545 mihi

158 1574 223 1601 res
255 1561 298 1600 in
335 1562 620 1624 propinquum
654 1560 840 1601 adducta
871 1560 1117 1601 discximen.
1178 1559 1292 1601 Puto
1326 1570 1469 1602 autem
1499 1575 1597 1603 mea

159 1616 357 1658 nonnihil
378 1617 606 1658 interesse:
638 1621 917 1672 (quamquam
940 1617 1011 1657 id
1003 1631 1158 1672 ipsum,
1181 1617 1312 1672 quid
1305 1619 1486 1669 mtersit,
1509 1626 1637 1659 nonb.

161 1688 262 1715 sane
294 1674 488 1729 intelligo
505 1675 534 1725 :)
565 1674 929 1724 96verumtamen‚
962 1674 1167 1729 quicquid
1199 1673 1315 1716 illinc
1350 1650 1595 1716 nuntiatum

162 1731 233 1782 sit,
256 1746 340 1772 non
374 1731 504 1787 longe
536 1731 683 1772 abesse
715 1747 740 1772 a
772 1731 962 1772 consiliis
985 1731 1237 1772 amicorum.
1305 1730 1378 1772 Est
1397 1732 1512 1772 enim
1535 1747 1599 1773 res

153 1787 247 1843 jam
271 1788 314 1829 in
336 1803 433 1829 eum
465 1789 608 1830 locum
630 1789 831 1839 adducta,
852 1800 915 1839 ut,
937 1802 1198 1843 quamquam
1229 1789 1410 1829 multum
1433 1790 1599 1830 intersit

159 1846 271 1886 inter
293 1859 439 1887 eorum
459 1860 622 1896 causas,
641 1847 716 1901 qui
738 1846 961 1896 dimicant,
985 1856 1129 1886 tamen
1152 1846 1264 1886 inter
1287 1846 1487 1887 victorias
1512 1861 1600 1887 non

158 1902 342 1943 multum
366 1902 670 1944 inter-futumm
692 1914 855 1960 putem.
899 1903 982 1943 Sed
1007 1903 1130 1957 plane
1149 1903 1331 1951 animus,
1354 1904 1426 1958 qui
1452 1904 1595 1945 dubiis

162 1961 288 2001 rebus
321 1959 502 2001 forsitan
536 1960 665 2002 fuerit
700 1960 924 2011 infirmior,
954 1960 1189 2015 desperatis
1226 1961 1506 2001 confirmatus
1536 1971 1602 2002 est

160 2017 369 2059 multum:
402 2032 528 2073 quern
552 2018 681 2058 etiam
716 2028 802 2059 tuae
830 2017 1068 2073 superiores
1089 2016 1244 2057 litterae
1277 2017 1600 2067 confirmarunt,

161 2075 318 2130 quibus
360 2074 568 2125 intellexi,
606 2089 734 2130 quam
768 2075 939 2115 fortiter
977 2074 1181 2128 inJuriam
1220 2073 1373 2116 ferres:
1399 2075 1603 2130 juvitque

163 2145 248 2182 me,
271 2131 350 2172 tibi
371 2146 467 2173 cum
489 2146 700 2173 summam
712 2132 1052 2196 humanitatem,
1068 2140 1158 2172 tum
1181 2131 1310 2173 etiam
1327 2142 1420 2173 tuas
1440 2132 1602 2173 litteras

164 2187 391 2244 profuisse.
451 2189 611 2230 Verum
653 2189 768 2229 enim
810 2190 1020 2230 scribam:
1064 2189 1273 2230 teneriore
1305 2189 1413 2231 mihi
1457 2190 1603 2231 animo

165 2244 390 2286 videbazre
424 2247 535 2287 sicut
555 2260 703 2286 omnes
725 2246 828 2295 fere,
850 2247 923 2301 qui
948 2246 1036 2286 vita
1057 2246 1259 2303 ingenua,
1282 2246 1325 2287 in
1349 2247 1476 2288 beata
1496 2247 1603 2289 civi-

165 2312 255 2343 tate
275 2306 313 2337 97
326 2312 370 2343 et
390 2302 523 2344 libera
546 2302 748 2344 viximus.
809 2303 908 2353 Sed,
927 2312 975 2343 ut
993 2302 1064 2344 illa
1087 2304 1274 2344 secunda
1296 2304 1514 2346 moderate
1536 2314 1603 2345 tu-

164 2359 314 2401 limus:
347 2360 380 2401 si
405 2360 516 2401 hanc
544 2374 630 2401 non
661 2360 797 2402 solum
821 2361 1056 2412 adversam,
1089 2362 1162 2402 sed
1196 2360 1390 2402 funditus
1411 2375 1602 2402 eversam

165 2415 384 2458 fortunam
409 2417 579 2458 fortiter
598 2417 707 2458 ferre
728 2418 959 2469 debemus;
992 2427 1039 2459 ut
1061 2417 1143 2460 hoc
1166 2418 1315 2460 saltem
1333 2419 1377 2460 in
1401 2417 1601 2459 maximis

165 2473 288 2515 malis
311 2475 414 2515 boni
435 2489 761 2530 consequamur,
786 2485 833 2516 ut
853 2485 1051 2527 mortem,
1074 2490 1202 2531 quam
1221 2477 1351 2517 etiam
1370 2476 1482 2517 beati
1497 2490 1599 2516 con-

164 2539 354 2572 temnere
370 2532 614 2583 debeamus,
630 2542 855 2589 propterea
867 2532 980 2588 quod
997 2533 1159 2575 nullum
1172 2548 1343 2575 sensum
1356 2542 1466 2574 esset
1481 2531 1603 2573 habi-

167 2596 276 2639 tura,
294 2603 424 2641 nunc,
446 2589 507 2631 sic
526 2589 685 2642 affecti,
705 2604 790 2631 non
815 2591 944 2632 modo
966 2601 1241 2632 contemnere
1262 2591 1508 2640 debeamus,
1530 2589 1604 2630 sed

207 2704 247 2736 95
269 2703 323 2732 cui
347 2703 411 2733 nisi
433 2703 596 2734 invzdisset
618 2705 647 2734 is
669 2703 741 2743 &c.]
767 2704 866 2734 Pom·
948 2706 990 2738 96
1012 2704 1252 2743 ιεηιηιίαηιεη]
1278 2714 1308 2734 v.
1324 2702 1416 2733 Clav.
1434 2701 1518 2733 inb.
1533 2712 1563 2733 v.

162 2743 274 2781 peium
288 2745 494 2784 intelligunt,
517 2750 576 2776 aut
597 2746 771 2777 catonem.
801 2748 862 2776 mi·
946 2751 986 2781 97
1009 2752 1040 2777 et
1053 2747 1168 2786 libera]
1196 2746 1310 2777 Delevi
1333 2746 1381 2782 in,
1405 2743 1491 2784 quod
1512 2744 1604 2777 abest

165 2783 201 2814 hi
208 2787 374 2832 posterius
391 2787 498 2828 placet
510 2789 625 2837 magis.
643 2798 749 2829 neque
763 2789 861 2820 Potn-
905 2799 924 2820 a
939 2789 1004 2822 Ms.
1020 2799 1108 2828 meo,
1124 2790 1188 2820 Gu.
1205 2791 1236 2821 2.
1253 2792 1288 2820 et
1304 2786 1377 2819 edd.
1393 2797 1443 2829 pr.

166 2825 238 2866 peio
253 2829 452 2861 conveniunt
467 2830 648 2870 sequentia.
