1817 3196
550 100 634 138 AD
673 96 1056 140 LENTULUM.
1124 98 1126 100 ’
1467 106 1518 143 ΩΙ

90 204 413 260 prehensionem
447 202 556 244 illius
592 204 832 245 tribunatus
853 221 862 246 :
891 205 987 246 40in
1010 219 1096 259 quo
1121 206 1266 246 omnia
1287 206 1402 247 dicta
1420 217 1519 249 sunt

89 261 285 303 libertate
305 262 532 315 animoque
553 262 756 312 maximo,
774 263 827 301 de
845 261 964 311 vi,de
983 263 1265 317 auspiciis‚de
1287 264 1518 305 donatione

88 332 330 374 regnorum.
393 318 543 372 Neque
566 332 664 358 vero
688 318 711 358 h
718 333 766 358 ic
789 319 830 358 in
853 332 980 359 causa
1003 320 1145 369 inodo,
1168 321 1238 360 sed
1263 322 1296 350 4¹
1319 331 1520 360 constan-

89 384 152 415 ter
173 389 287 431 saepe
310 376 350 415 in
374 385 536 415 senatu.
557 375 658 429 quin
682 375 825 426 etiam,
850 374 1104 416 Marcellino
1126 386 1168 416 et
1193 376 1396 432 Philippo
1415 391 1518 417 con-

89 432 266 482 sulibus,
287 433 409 472 nonis
432 431 568 486 April.
592 431 696 471 mihi
728 442 791 472 est
823 442 992 472 senatus
1023 447 1231 484 assensus,
1254 443 1301 474 ut
1331 434 1382 474 de
1414 448 1518 489 agro

89 487 326 553 Campano,
350 488 558 542 frequenti
584 498 746 539 senatu,
771 487 918 529 Idibus
945 488 1075 530 Maiis
1099 490 1518 531 1·eferretui.Num

119 547 209 585 otui
235 546 368 602 magis
391 546 432 585 in
456 559 595 586 arcem
623 545 732 586 illius
762 560 902 586 causae
926 547 1147 609 invadere,
1170 557 1243 588 aut
1273 547 1411 603 magis
1442 548 1519 588 ob·

84 559 222 643 iivisci
246 612 484 666 temporum
508 616 723 653 meorum3
753 604 794 633 42
809 616 1050 644 meminisse
1072 605 1318 646 actionum?
1344 582 1472 646 ζἨειε
1494 620 1519 645 a

86 672 155 699 me
191 660 401 700 sententia
433 660 764 715 dicta,1nagnus
797 659 1036 700 animorum
1072 661 1210 702 lactus
1243 672 1307 702 est
1344 671 1517 713 motus;

86 729 182 756 cum
217 730 379 766 eorum,
400 730 581 771 quorum
613 692 818 772 oportuit,
843 726 931 756 tuin
964 716 1131 759 illorum
1169 718 1314 769 etiam,
1336 732 1519 773 quorum

84 786 319 836 numquam
351 785 561 837 putaram.
619 776 659 804 43
677 773 788 814 Nam
819 773 900 814 hoc
923 775 1323 816 senatusconsulto
1315 790 1357 815 in
1380 789 1520 817 meam

86 831 339 870 sententiam
379 830 510 881 facto,
551 829 797 885 Pompeius,
835 845 933 871 cum
969 832 1075 872 mihi
1118 833 1225 873 nihil
1265 833 1521 873 ostendisset

85 901 129 926 se
161 901 251 928 esse
287 887 512 951 offensum,
554 901 596 927 m
637 886 876 928 Sardiniam
911 896 953 928 et
995 889 1036 929 in
1071 889 1262 930 Africam
1303 889 1520 945 profectus

83 953 162 995 est,
183 958 320 999 eoque
351 945 501 985 itinere
534 944 692 985 Lucam
725 944 774 985 ad
810 944 1024 986 Caesarem
1049 947 1179 987 ιειιίι.
1212 946 1271 987 ibi
1305 947 1439 987 multa
1467 947 1520 988 de

83 1014 176 1042 mea
200 1002 411 1042 sententia
432 1011 606 1056 questus
638 1011 702 1042 est
735 1001 770 1041 C
776 1016 896 1052 aesar,
917 1003 1078 1058 quippe
1099 1004 1171 1058 qui
1194 1004 1323 1045 etiam
1349 1003 1520 1045 Raven-

84 1072 152 1099 nae
178 1058 378 1099 Crassum
409 1067 509 1099 ante
531 1059 720 1108 vidisset,
743 1059 797 1099 ab
827 1073 963 1113 eoque
995 1074 1038 1100 ιιι
1069 1074 1137 1100 me
1167 1070 1277 1101 esset
1307 1061 1519 1102 incensus
1533 1076 1564 1107 b.

84 1114 196 1156 Sane
236 1115 416 1156 moleste
460 1115 715 1171 Pompeium
757 1115 799 1155 id
842 1116 950 1157 ferre
988 1118 1228 1169 constabat,
1266 1118 1381 1173 quod
1422 1132 1520 1182 ego,

84 1187 183 1213 cum
219 1173 428 1213 audissem
463 1186 516 1212 ex
551 1173 658 1222 aliis,
693 1173 880 1212 maxime
914 1187 968 1213 ex
1005 1188 1100 1214 meo
1140 1174 1270 1215 fr·at1e
1305 1176 1520 1230 cognovi:

85 1243 213 1284 quem
235 1244 332 1270 cum
356 1230 398 1269 in
432 1229 628 1270 Sardinia
660 1228 892 1292 Pompeius
916 1231 1063 1284 paucis
1087 1240 1193 1295 post
1206 1231 1371 1282 diebus,
1393 1247 1523 1286 quam

84 1285 204 1327 Luca
239 1285 503 1349 discesserat,
542 1285 836 1326 convenisset:
877 1285 952 1337 Te,
992 1287 1146 1351 inquit,
1185 1288 1325 1343 ipsum
1366 1289 1521 1345 cupio·

81 1342 191 1384 nihil
231 1343 515 1398 opportunius
558 1342 700 1398 potuit
740 1343 957 1395 accidere3
989 1344 1069 1384 nisi
1110 1359 1208 1385 cum
1246 1344 1399 1386 Marco
1437 1346 1523 1386 fra-

85 1408 149 1440 tre
179 1399 408 1455 diligenter
437 1399 589 1455 egeriS‚
611 1399 937 1455 dependendum
972 1401 1052 1441 tibi
1077 1411 1156 1452 est,
1177 1402 1293 1457 quod
1315 1403 1420 1443 mihi
1445 1418 1522 1459 pro

81 1456 155 1498 illo
191 1457 477 1512 spopondisti
539 1457 656 1503 Quid
693 1456 861 1498 multa?
893 1467 1067 1512 questus
1101 1468 1166 1499 est
1203 1459 1414 1523 graviter:
1447 1475 1523 1501 sua

81 1513 236 1555 merita
267 1514 646 1555 commemoravit·
678 1514 831 1568 44quid
870 1515 1030 1570 egisset
1063 1517 1298 1570 saepissime
1330 1517 1382 1557 de
1414 1518 1521 1558 actis

85 1570 269 1612 Caesaris
299 1585 397 1612 cum
430 1571 523 1626 ipso
553 1585 649 1611 meo
680 1568 824 1617 fratre
846 1572 1035 1626 quidque
1066 1573 1147 1613 sibi
1179 1574 1214 1613 is
1244 1573 1297 1614 de
1317 1588 1385 1614 me
1407 1588 1523 1616 rece-

81 1629 228 1683 pisset,
264 1627 308 1668 in
341 1628 592 1668 memoriam
625 1627 822 1683 redegit:
856 1642 998 1692 seque,
1031 1644 1129 1684 quae
1165 1629 1218 1670 de
1254 1644 1349 1670 mea
1387 1631 1521 1672 salute

82 1685 255 1741 egisset,
278 1684 498 1726 voluntate
520 1684 703 1725 Caesaris
731 1685 883 1740 egisse,
907 1686 1047 1741 ipsum
1079 1700 1222 1729 meum
1253 1686 1427 1728 fratrem
1459 1698 1522 1729 te-

82 1751 217 1783 status
248 1751 336 1784 est:
368 1741 491 1798 cujus
522 1755 693 1782 eausam
724 1742 1068 1797 dignitatemque
1090 1743 1196 1784 mihi
1228 1753 1276 1783 ut
1303 1759 1522 1786 commen-

79 1798 213 1849 daret,
235 1799 420 1855 rogavit,
445 1809 490 1839 ut
521 1813 613 1839 eam
647 1813 700 1839 ne
731 1813 1044 1854 oppugnarem,
1067 1800 1100 1840 si
1137 1800 1291 1841 nollem
1327 1811 1401 1842 aut
1434 1817 1520 1844 non

81 1870 250 1912 possem
275 1856 397 1897 tueri.
451 1855 562 1897 Haec
584 1870 682 1897 cum
705 1856 757 1896 ad
785 1870 850 1897 me
872 1856 1003 1897 frater
1021 1857 1280 1912 pertulisset,
1303 1868 1346 1899 et
1366 1862 1521 1901 45cu111

80 1923 181 1954 ante
202 1923 344 1955 tamen
369 1912 600 1969 Pompeius
631 1913 684 1954 ad
717 1927 784 1953 me
814 1928 912 1954 cum
944 1914 1156 1954 mandatis
1179 1915 1414 1956 Vibullium
1440 1917 1519 1957 mi-

81 1970 218 2023 sisset,
240 1980 288 2011 ut
319 1971 533 2026 integrum
564 1969 671 2010 mihi
702 1970 754 2011 de
783 1985 913 2011 causa
942 1970 1166 2027 Campana
1187 1972 1238 2012 ad
1263 1987 1386 2013 suum
1410 1974 1520 2014 redi-

79 2035 172 2068 tum
201 2042 483 2069 reservarem:
516 2027 670 2083 collegi
703 2027 793 2083 ipse
824 2042 906 2078 me,
930 2037 972 2068 et
1002 2043 1098 2069 cum
1133 2043 1226 2084 ipsa
1246 2031 1366 2084 quasi
1393 2045 1518 2086 repu-

80 2083 195 2126 blica
214 2085 452 2126 collocutus
483 2099 604 2126 sum:
639 2094 685 2124 ut
715 2084 836 2134 mihi,
861 2094 947 2125 tam
970 2085 1011 2115 4⁶
1025 2085 1161 2126 multa
1182 2100 1259 2140 pro
1282 2100 1325 2126 se
1348 2101 1519 2143 perpes-

82 2155 129 2182 so
158 2150 286 2197 atque
314 2141 557 2198 perfuncto,
579 2142 847 2192 concederet,
871 2151 918 2182 ut
951 2141 1142 2182 officium
1174 2157 1332 2194 meum,
1357 2158 1520 2185 memo-

80 2211 256 2254 remque
280 2199 324 2239 in
358 2199 641 2240 benemeritos
672 2198 879 2250 animum,
901 2198 1115 2254 fidemque
1138 2198 1280 2240 fratris
1302 2201 1385 2241 mei
1409 2216 1520 2257 prae-
1570 2227 1573 2229 Δ

118 2333 162 2362 40
183 2334 218 2362 in
233 2332 307 2372 quo]
333 2333 445 2364 Potest
460 2333 610 2364 defendit
635 2332 691 2363 sed
706 2343 775 2364 ma-
819 2342 863 2363 5ο.
877 2342 897 2364 a
919 2342 972 2363 me
996 2341 1062 2364 non
1085 2333 1316 2375 impugnandis
1339 2341 1374 2367 et
1395 2335 1515 2367 labefa-

79 2371 138 2404 lim
153 2375 188 2404 in
199 2385 277 2414 qua.
820 2375 958 2405 ctandis.

119 2418 158 2446 41
182 2421 366 2448 constanter
379 2426 461 2457 soepe
480 2418 515 2447 in
536 2416 618 2456 sem]
644 2417 778 2448 Durum
860 2420 901 2448 45
923 2427 998 2448 eum
1013 2422 1089 2448 ante
1104 2423 1215 2450 tamen
1233 2420 1305 2460 &c.]
1325 2425 1435 2451 tamen
1451 2430 1518 2451 non

80 2455 154 2489 hoc.
168 2467 248 2498 soepe
263 2459 343 2490 mihi
360 2466 547 2500 suspectum
569 2465 630 2490 est.
646 2460 712 2490 sive
729 2461 779 2490 in·
821 2466 938 2499 aptum
948 2460 1132 2490 sententiat».
1150 2463 1230 2502 Conj
1234 2473 1360 2493 ecel-am
1374 2463 1516 2493 scriben-

78 2500 318 2549 tei-ponendum
333 2505 374 2532 et.
817 2501 896 2531 dum
910 2512 1002 2542 Jam.
1047 2502 1129 2532 Edd.
1153 2513 1200 2543 pr.
1223 2474 1260 2534 ¹et.
1282 2505 1344 2536 Ms
1366 2505 1431 2535 Gu.
1449 2514 1516 2535 non

119 2543 162 2573 42
184 2543 366 2573 meminisse
379 2542 558 2583 actionum]
580 2542 708 2584 Nempe
722 2553 775 2574 ea-
817 2543 942 2574 habent
968 2548 1052 2574 ante.
1076 2545 1123 2575 ita
1148 2549 1260 2576 tamen
1284 2553 1370 2577 stare
1396 2553 1516 2584 potest.

78 2592 166 2620 rum,
188 2594 266 2623 quas
292 2590 369 2615 ante
395 2585 527 2615 exilium
552 2586 774 2625 suscepissem.
818 2596 862 2616 sc.
876 2586 937 2616 etsi
945 2587 1015 2626 iam
1031 2596 1107 2617 cum
1122 2587 1224 2618 fratre
1238 2588 1308 2620 haec
1322 2589 1453 2628 egisset,
1466 2595 1517 2620 ta·

80 2633 156 2655 mox
159 2624 280 2665 sactus
294 2631 340 2657 est
357 2632 460 2657 motus
480 2627 563 2657 edidi
588 2637 663 2657 cum
686 2628 777 2657 Grae-
819 2637 894 2658 men
910 2619 950 2658 ad
966 2638 1018 2659 me
1034 2629 1134 2660 misit.

79 2667 145 2704 vic,
158 2678 216 2716 pro
232 2673 337 2699 motus
350 2668 530 2709 estfactus.
546 2673 597 2700 est
619 2670 708 2700 enim
723 2680 777 2700 ve·
859 2670 901 2700 46
924 2672 1031 2700 multa
1043 2680 1192 2710 perpesso
1214 2675 1310 2711 atque
1327 2671 1514 2713 perfuncto]

80 2710 860 2742 nustius.1n
871 2711 1045 2751 pez-fimeto
1060 2723 1118 2753 pro
1138 2712 1288 2752 defzmcto
1304 2723 1370 2744 non
1386 2714 1516 2745 haereo.

120 2754 161 2782 43
185 2752 280 2782 Nam
297 2753 354 2783 hoc
369 2751 480 2784 SCto
469 2762 561 2783 mm
578 2763 603 2783 s.
609 2752 659 2793 s.]
685 2753 776 2785 Hoc.-
820 2763 897 2784 nam
924 2760 959 2784 et
986 2755 1063 2785 alibi
1089 2755 1135 2785 sic
1160 2760 1233 2785 est·
1266 2766 1377 2787 verum
1405 2757 1518 2788 durius

80 2792 171 2824 nulla
186 2798 263 2824 ante
278 2795 404 2825 mentio
419 2795 509 2826 SCti.
524 2799 574 2826 est
589 2796 776 2827 delendum.
821 2806 894 2826 cum
916 2806 1066 2836 perpesso
1089 2798 1195 2826 multa
1214 2798 1382 2839 jungitur.
1405 2808 1518 2831 vereor

123 2837 166 2866 44
185 2836 265 2875 quid
290 2837 493 2876 egisset—do
519 2839 602 2869 accis
628 2838 775 2878 Caesaris]
822 2847 863 2869 ne
877 2837 999 2879 aliquid
1011 2839 1081 2870 vitii
1094 2837 1147 2868 hie
1162 2838 1220 2871 sit.

762 2885 836 2921 03
