1817 3196
375 84 458 123 AD
485 85 527 121 C.
555 80 892 125 CURIONEM,
919 81 996 119 ET
1020 81 1208 120 ALIOS.
1459 86 1510 127 47

82 184 174 228 fore
196 188 250 229 ab
278 187 328 228 iis
356 182 591 237 molestiis,
611 201 714 241 quas
742 185 940 226 libertate
976 199 1051 225 sua
1085 191 1373 234 contraxerat,
1406 184 1510 227 libe-

82 257 190 285 rum.
240 243 380 285 Velim
402 259 581 299 quaeras,
605 257 711 297 quos
732 242 798 283 ille
820 243 910 283 dies
933 241 1194 290 sustinuerit,
1219 240 1260 280 in
1285 242 1388 281 urbe
1410 242 1512 284 dum

83 300 190 342 fuit:
222 315 348 356 quam
373 301 548 342 acerbos
571 301 667 350 sibi,
701 314 827 354 quam
866 299 970 339 milii
1003 299 1082 353 ipsi
1106 311 1252 338 socero
1275 312 1359 338 non
1381 298 1512 338 hone-

81 367 183 398 stos.
244 357 395 412 ltaque
426 371 561 412 neque
597 371 677 411 ego
700 357 867 397 23hunc
905 355 1236 411 Hispaniensem
1259 369 1404 394 casum
1438 370 1514 395 ex-

83 426 245 469 specto,
278 415 329 454 de
363 429 448 468 quo
483 414 586 454 mihi
607 413 875 469 exploratum
899 422 962 453 est
994 414 1053 453 ita
1084 425 1187 461 esse,
1213 421 1259 451 ut
1282 420 1324 451 tu
1349 412 1514 462 scribis,

82 485 160 511 nec
195 471 424 526 quidquam
461 479 599 512 astute
636 471 798 526 cogito.
859 470 902 510 Si
934 469 1104 524 quando
1138 468 1218 509 erit
1246 468 1412 518 civitas,
1436 469 1516 508 crit

82 526 278 581 profecto
303 529 424 569 nobis
449 528 591 568 loeus:
625 528 687 568 sin
712 538 853 567 autem
876 541 959 567 non
982 527 1076 576 erit,
1100 525 1141 565 in
1167 526 1334 566 easdem
1366 525 1515 565 solitu-

83 584 202 625 dines
239 594 282 626 tu
318 587 406 641 ipse
428 588 496 637 (ut
516 586 717 634 arbitror)
752 584 906 634 venies,
930 584 972 623 in
998 584 1152 638 quibus
1177 597 1252 622 nos
1275 582 1517 624 consedisse

84 641 243 682 audies.
305 642 387 683 Sed
425 657 506 698 ego
541 642 719 683 fortasse
743 641 978 682 vaticinor:
1011 650 1053 680 et
1077 639 1170 680 haec
1193 640 1337 679 omnia
1368 639 1518 680 melio-

82 712 146 739 res
170 698 390 740 habebunt
411 700 568 740 exitus.
632 699 849 739 Recordor
881 698 995 738 enim
1017 697 1333 752 desperationes
1356 710 1518 748 eorum,

84 755 156 809 qui
192 770 310 796 senes
341 765 474 807 erant,
511 756 781 797 adolescente
814 770 895 796 me.
959 753 1043 795 Eos
1083 768 1164 810 ego
1196 752 1376 794 fortasse
1406 768 1520 795 nunc

86 811 246 864 imitor,
268 822 311 854 et
335 823 429 854 utor
452 813 591 854 aetatis
613 813 732 853 vitio.
794 812 934 853 Velim
968 812 1028 852 ita
1050 811 1118 852 sit.
1180 811 1263 852 Sed
1289 820 1430 851 tamen
1453 820 1520 851 to-

87 883 187 924 gam
221 878 473 925 praetextam
503 871 590 911 texi
616 869 777 926 Oppio,
812 880 916 925 puto
945 878 986 909 te
1007 869 1189 910 audisse.
1220 882 1319 909 nain
1343 867 1519 908 Curtius

86 938 231 967 noster
253 927 487 983 dibaphum
511 927 702 982 cogitat:
735 927 806 967 sed
829 941 926 967 eum
950 924 1135 967 infector
1157 933 1360 967 moratur.
1421 924 1523 966 Hoc

88 983 292 1039 adspersi,
329 996 375 1025 ut
402 985 544 1036 scires,
586 999 652 1024 me
685 994 824 1025 tamen
864 984 906 1024 in
947 982 1170 1024 stomacho
1203 982 1336 1024 solere
1372 982 1523 1023 ridere.

88 1038 341 1091 Dolabellas,
361 1042 475 1097 quod
514 1043 678 1097 scripsi,
707 1042 862 1082 suadeo
888 1041 1045 1090 videas,
1068 1049 1285 1095 tamquam
1309 1039 1342 1079 si
1365 1048 1439 1080 tua
1459 1053 1524 1080 res

88 1107 254 1152 agatur.
318 1097 569 1139 Extremum
604 1098 704 1139 illud
729 1099 830 1140 erit:
864 1113 940 1138 uos
976 1097 1084 1138 nihil
1115 1097 1393 1147 turbulenter,
1415 1095 1522 1137 nihil

89 1162 248 1196 temere
270 1153 490 1196 faciemus.
545 1155 606 1195 Te
630 1165 770 1196 tamen
794 1169 978 1205 oramus,
1001 1155 1344 1209 quibuscumque
1365 1154 1521 1194 erimus
1535 1156 1633 1196 P·28-

89 1210 132 1251 in
158 1212 293 1262 terris,
324 1222 371 1252 ut
405 1227 481 1253 nos
512 1213 753 1267 liberosque
785 1221 951 1252 nostros
984 1211 1044 1251 ita
1074 1220 1233 1263 tueare,
1258 1221 1304 1251 ut
1334 1209 1565 1252 amicitiara·

92 1280 237 1309 nostra
256 1280 299 1309 et
321 1280 393 1310 tua
415 1270 518 1310 fides
542 1269 791 1325 postulabit.
851 1267 970 1309 Vale.

603 1357 1009 1396 ARGUMENTUM.
1547 1359 1595 1401 17

90 1420 272 1465 Sallustii,
292 1425 354 1470 qui
373 1423 497 1459 Bibuli
522 1423 748 1471 proconsulis
781 1422 897 1470 Syriae
925 1425 1080 1469 quaestor
1104 1425 1196 1462 erat,
1217 1421 1307 1457 binis
1326 1421 1459 1457 litteris
1476 1431 1532 1457 re-

141 1475 305 1522 spondet,
322 1476 516 1522 prioribus,
536 1476 584 1510 ad
600 1476 746 1521 singula
764 1487 803 1510 eo
823 1475 948 1509 ordine
976 1485 1044 1520 quo
1073 1478 1292 1520 rogaverat:
1319 1474 1533 1521 posteriori-

145 1527 218 1568 bus,
238 1539 363 1562 causas
381 1528 599 1574 exponendo,
620 1539 732 1574 quare
749 1527 854 1564 illum
884 1525 1015 1561 Bibulo
1038 1526 1285 1561 commendare
1302 1537 1374 1561 non
1393 1525 1532 1567 debeat,

144 1580 202 1614 cui
220 1583 340 1615 tamen
358 1591 492 1614 morem
508 1581 615 1626 gerit.

491 1701 972 1751 PROQUAESTORI,
1005 1701 1049 1741 S.
1076 1700 1133 1741 D.
1301 1698 1305 1702 ’

98 1755 410 1811 LITTERAS
451 1786 476 1811 a
514 1779 555 1811 te
590 1769 697 1810 mihi
729 1778 865 1810 stator
896 1778 994 1809 tuus
1036 1768 1221 1809 reddidit
1259 1766 1380 1809 Tarsi
1419 1783 1458 1810 a.
1491 1768 1533 1811 d.

97 1840 199 1869 xvi.
242 1827 422 1868 Kalend.
456 1827 654 1868 Sextiles.
717 1825 799 1868 His
838 1841 920 1882 ego
954 1825 1117 1875 ordine,
1141 1835 1189 1866 ut
1223 1826 1376 1866 videris
1410 1825 1533 1878 velle,

95 1885 379 1941 respondebo.
442 1884 508 1926 De
543 1898 786 1925 successore
824 1898 920 1924 meo
952 1883 1060 1923 nihil
1093 1882 1252 1934 audivi,
1277 1897 1354 1924 nec
1385 1897 1536 1938 quem-

97 1956 224 1997 quam
258 1941 348 1982 fore
376 1943 573 1982 arbitror.
625 1942 755 1988 Quin
787 1941 840 1981 ad
876 1941 990 1981 diem
1028 1940 1247 1990 decedam,
1272 1939 1385 1980 nulla
1406 1955 1535 1981 causa

98 2008 177 2050 est,
201 1999 444 2054 praesertim
463 2000 630 2040 sublato
646 2008 759 2039 metu
784 1997 1004 2038 Parthico.
1066 1995 1441 2038 Commoraturum
1466 2012 1535 2039 me

97 2070 308 2111 nusquam
347 2071 447 2097 sane
485 2056 682 2098 arbitror.
744 2054 964 2106 Rhodum,
998 2052 1260 2095 Ciceronum
1282 2068 1411 2095 causa
1434 2069 1538 2109 pue-

101 2126 259 2164 rorum,
282 2127 547 2154 accessurum
574 2123 703 2169 puto:
736 2126 874 2168 neque
905 2113 946 2152 id
973 2121 1112 2151 tamen
1136 2120 1315 2152 eertum.
1376 2110 1445 2152 Ad
1470 2125 1539 2152 ur-

102 2168 199 2210 bem
224 2170 319 2210 volo
341 2185 468 2225 quam
493 2171 677 2225 primum
701 2171 871 2211 venire:
906 2169 975 2209 sed
1002 2180 1142 2209 tamen
1178 2169 1259 2208 iter
1291 2182 1432 2209 meum
1456 2168 1539 2209 rei-

103 2226 288 2281 publicae
311 2235 354 2266 et
377 2241 512 2267 rerum
549 2228 807 2267 urbanarum
843 2227 950 2266 ratio
973 2226 1247 2281 gubernabit.
1308 2225 1539 2266 Successor

105 2292 204 2324 tuus
226 2298 311 2324 non
337 2294 477 2338 potest
500 2284 559 2324 ita
582 2294 792 2324 maturare
826 2283 910 2324 ullo
936 2284 1079 2334 modo,
1103 2293 1150 2324 ut
1182 2292 1226 2323 tu
1262 2297 1330 2324 me
1366 2282 1408 2322 in
1433 2281 1541 2323 Asia

104 2340 240 2396 possis
273 2342 518 2381 convenire.
580 2340 648 2381 De
681 2341 917 2381 rationibus
951 2339 1198 2391 referendis,
1230 2354 1318 2380 non
1350 2347 1441 2380 erat
1473 2340 1540 2379 in-

102 2398 394 2448 commodum,
418 2407 459 2438 te
478 2397 636 2439 nullam
659 2397 837 2439 referre:
870 2411 999 2453 quam
1030 2397 1109 2438 tibi
1140 2397 1290 2438 scribis
1324 2412 1349 2437 a
1379 2395 1539 2437 Bibulo

104 2453 195 2494 fieri
214 2464 496 2510 potestatem:
530 2456 600 2496 sed
636 2455 678 2495 id
702 2454 774 2495 vix
801 2454 906 2495 mihi
928 2454 1081 2494 videris
1115 2469 1190 2510 per
1218 2454 1355 2510 legem
1377 2453 1542 2494 Juliam

107 2509 246 2552 facere
272 2526 418 2567 posse:
451 2527 580 2567 quain
605 2512 785 2552 Bibulus
807 2521 924 2552 certa
950 2511 1134 2566 quadam
1157 2512 1322 2552 ratione
1346 2525 1430 2550 non
1456 2523 1542 2550 ser-

109 2576 206 2620 vat3
256 2569 336 2609 tibi
380 2583 644 2625 magnopere
685 2569 938 2610 servandam
974 2582 1144 2609 censeo.
1206 2567 1336 2615 Quod
1376 2566 1546 2619 scribis,

148 2694 188 2722 33
211 2693 297 2723 hune
324 2690 420 2732 Hisp.
444 2692 571 2732 casum]
610 2702 655 2723 se.
676 2692 715 2723 de
738 2703 801 2732 quo
845 2693 1019 2732 quiequam
1034 2696 1140 2723 astute
1154 2693 1269 2730 cogito,
1284 2701 1327 2721 se.
1344 2690 1383 2720 de
1398 2690 1547 2731 partibus

105 2733 229 2771 scribis,
256 2735 289 2764 id
310 2739 372 2771 est,
397 2735 520 2765 exitum
550 2735 639 2771 belli,
671 2735 757 2774 quod
784 2745 804 2766 a
846 2735 995 2775 Pompeii
1024 2739 1083 2766 aut
1122 2734 1258 2764 Caesaris
1296 2732 1547 2772 amplectendis,

107 2776 234 2806 Caesare
273 2781 390 2808 contra
424 2777 588 2808 Petreium
616 2781 650 2807 et
675 2777 805 2807 Afrani·
847 2782 947 2819 prout
962 2786 1012 2809 res
1026 2777 1062 2809 in
1077 2776 1238 2818 Hispania
1251 2774 1439 2809 ceciderint.

107 2825 177 2855 um,
192 2818 337 2860 Pompeii
358 2819 497 2860 legato&
520 2819 807 2861 gembertum—nec
