1817 3196
229 110 282 146 36
382 88 385 92 ’
599 109 779 150 mmm
806 111 993 153 LIBER
1019 113 1303 154 QUARTUS

227 210 310 254 cile
345 227 544 269 passurus
581 224 705 267 esset,
743 225 798 268 te,
834 226 1049 258 carentem
1087 218 1227 274 patria
1262 226 1306 258 et
1342 214 1526 257 fortunis
1563 213 1662 264 tuis,

226 268 371 324 quiete
397 278 440 311 et
468 270 599 313 libere
622 273 788 315 vivere:
821 274 1100 329 cogitandum
1134 275 1214 315 tibi
1248 283 1390 314 tamon
1423 280 1547 321 esset,
1571 269 1663 310 Ro-

224 339 366 367 maene
388 336 431 368 et
466 328 582 369 domi
615 340 715 380 tuae,
740 329 981 384 cujusmodi
1009 345 1071 371 res
1096 341 1220 381 esset,
1243 346 1296 371 an
1332 328 1558 384 Mitylenis
1585 335 1662 368 aut

225 381 371 424 Rhodi
394 384 541 425 malles
564 386 720 426 vivere.
764 386 847 427 Sed
869 401 967 428 cum
991 387 1050 427 ita
1071 387 1155 428 late
1178 397 1322 443 pateat
1343 387 1434 441 ejus
1459 393 1663 440 potestas,

223 453 352 494 quem
389 456 596 492 veremur,
629 451 676 482 ut
714 451 919 483 terrarum
958 444 1105 484 orbem
1144 443 1372 500 complexa
1405 443 1486 483 sit:
1521 453 1663 481 nonne

221 497 359 538 mavis
384 499 474 538 sine
497 498 685 552 periculo
708 499 823 539 domi
848 509 932 540 tuae
955 513 1060 550 esse,
1077 514 1205 554 quam
1227 515 1325 541 cum
1349 496 1538 556 periculo
1561 496 1663 537 alie-

220 555 318 594 nae?
371 553 599 609 Equidem,
621 555 789 596 etiarnsi
823 556 1067 611 oppetenda
1098 571 1212 597 mors
1240 566 1364 606 esset,
1385 555 1502 596 domi
1532 564 1662 607 atque

219 608 265 649 in
288 611 427 665 patria
448 611 631 662 mallem,
654 627 781 666 quam
805 612 848 653 in
870 613 1058 653 externis
1081 622 1210 668 atque
1232 613 1379 653 alienis
1400 612 1520 653 loeis.
1559 610 1664 652 Hoc

219 664 334 706 idem
370 682 532 718 omnes,
556 669 629 722 qui
654 678 694 709 te
721 669 922 724 diligunt,
944 669 1135 710 sentiunt
1156 687 1164 711 :
1197 684 1377 724 quorum
1401 679 1464 710 est
1487 681 1661 723 magna,

217 736 297 778 pro
321 724 404 764 tuis
428 725 628 765 maximis
651 725 982 780 clarissimisque
1004 727 1249 776 virtutibus,
1275 725 1518 767 multitudo.
1568 723 1670 777 Ηει-Δ

217 779 368 821 bemus
391 781 520 821 etiam
545 781 753 822 rationem
777 782 835 822 rei
859 782 1081 823 familiaris
1104 793 1204 834 tuae,
1219 797 1346 837 quam
1366 781 1563 837 dissipari
1585 795 1663 822 no-

215 834 371 879 lumus.
434 837 546 878 Nam
569 837 648 878 etsi
673 837 831 879 nullam
855 848 998 895 potest
1019 841 1213 895 accipere
1235 839 1452 894 iujuriam,
1473 852 1569 892 quae
1592 836 1662 878 fu-

216 901 312 932 tura
334 902 540 948 perpetua
562 894 642 936 sit:
676 904 916 951 propterea,
937 897 1051 951 quod
1076 911 1213 952 neque
1235 897 1284 946 is,
1306 895 1378 951 qui
1412 903 1529 935 tenet
1551 908 1661 935 rem-

213 949 449 1003 publicam,
473 951 673 1006 patietur,
696 966 834 1007 neque
857 953 949 1008 ipsa
971 954 1210 1008 respublica
1229 970 1237 994 :
1272 962 1413 993 tamen
1448 951 1659 1006 impetum

213 1007 469 1061 praedonum
492 1009 538 1048 in
560 1018 652 1048 tuas
675 1008 870 1049 fortunas
893 1009 982 1050 fieri
1008 1009 1122 1051 nolo.
1156 1010 1216 1052 Hi
1240 1019 1382 1050 autem
1405 1008 1477 1064 qui
1501 1015 1659 1058 essent,

212 1063 411 1104 auderem
447 1065 647 1116 scribere,
685 1065 766 1105 nisi
804 1075 846 1106 te
879 1065 1118 1121 intelligere
1150 1066 1426 1107 confiderem.
1488 1064 1576 1108 Hic
1614 1074 1657 1105 te

211 1120 339 1160 unius
361 1120 686 1172 sollicitudines,
711 1122 834 1163 unius
857 1123 986 1164 etiam
1012 1123 1158 1164 multae
1181 1133 1224 1163 et
1255 1122 1437 1163 assiduae
1469 1121 1661 1175 lacrimae·

212 1174 266 1216 C.
291 1176 505 1228 Marcelli,
527 1177 670 1219 fratris
692 1179 862 1234 optimi,
886 1180 1194 1235 deprecantur:
1229 1194 1303 1220 nos
1326 1193 1428 1219 cura
1448 1186 1491 1218 et
1512 1178 1672 1221 dolore,

210 1233 402 1288 proximi
438 1249 607 1276 sumus:
642 1237 840 1290 precibus
863 1237 1105 1287 ‚tarcum-es,
1144 1237 1259 1291 quod
1298 1235 1419 1290 ‘lssjus
1457 1234 1669 1288 adeundi,-

209 1304 309 1330 cum
349 1291 431 1346 ipsi
467 1291 769 1347 deprecatione
808 1294 1067 1349 eguerimus,
1101 1308 1187 1334 non
1222 1293 1443 1333 habemns.
1505 1292 1667 1343 Gratia:

162 1345 196 1378 b·
210 1356 377 1388 tantum
405 1363 643 1404 possumUS,
665 1359 874 1404 quantum
898 1350 1000 1392 victi
1022 1367 1030 1391 :
1064 1351 1137 1391 sed
1172 1360 1314 1391 tamen
1350 1348 1546 1400 consilio,
1569 1359 1659 1388 stu-.

208 1402 297 1453 dio,
331 1404 541 1446 Marcello
575 1420 661 1446 non
693 1406 909 1447 desumus.
968 1406 1009 1446 A
1037 1407 1120 1447 tuis
1154 1407 1326 1465 reliquis
1361 1420 1448 1447 non
1479 1405 1660 1447 adhibe-

206 1473 330 1503 mur:
362 1461 416 1502 ad
438 1463 585 1503 omnia
607 1463 745 1518 parati
769 1477 930 1507 sumus,
991 1462 1112 1505 Vale.

166 1550 191 1586 8
724 1550 1131 1589 ARGUMENTUM.

207 1611 383 1650 Lauclata
415 1613 588 1650 Marcelli
618 1615 828 1662 prudentia,
856 1616 1051 1663 pollicetur
1081 1614 1202 1663 officia
1229 1626 1307 1654 sua,
1340 1619 1388 1657 et,
1420 1619 1461 1650 ut
1496 1614 1656 1658 domum,

310 1668 513 1714 quicunque
529 1671 646 1702 status
664 1668 869 1714 reipublicoe
885 1669 948 1709 sit,
967 1672 1183 1708 revertatur,
1204 1669 1333 1702 iterum
1353 1667 1532 1702 admonet.
1663 1683 1666 1685 ·

505 1731 573 1773 M.
593 1732 644 1774 T.
666 1732 717 1774 C.
752 1734 796 1775 S.
817 1732 874 1774 D.
909 1733 976 1774 M.
998 1732 1357 1774 MARCELLO.

209 1786 443 1846 NEQUE
480 1814 655 1841 monere
691 1808 733 1840 te
771 1800 924 1851 audeo,
963 1800 1186 1856 praestanti
1225 1799 1453 1856 prudentia
1489 1800 1653 1853 virum;

206 1870 287 1902 nec
321 1857 591 1907 confirmare,
615 1858 792 1898 maximi
827 1857 959 1897 animi
994 1856 1228 1907 hominem,
1261 1871 1478 1912 unumque
1508 1856 1653 1898 fortis-

208 1914 390 1963 simuun
422 1913 633 1954 consolari
657 1928 756 1955 vero
791 1914 907 1955 nullo
941 1914 1085 1955 modo.
1148 1914 1260 1955 Nam
1297 1915 1328 1955 si
1362 1928 1426 1964 ea,
1449 1928 1546 1968 quae
1580 1928 1652 1955 ac-

207 1970 419 2022 ciderunt,
443 1971 504 2011 ita
536 1970 634 2021 fers,
657 1981 705 2012 ut
734 1971 878 2021 audio,
912 1971 1115 2027 gratulari
1152 1972 1291 2026 magis
1316 1971 1464 2011 virtuti
1498 1970 1651 2023 debeo,

206 2042 337 2081 quam
370 2027 581 2069 consolari
614 2027 806 2069 dolorem
847 2036 984 2069 tuum.
1023 2029 1088 2068 sin
1128 2038 1168 2068 te
1207 2037 1328 2068 tanta
1365 2026 1476 2067 mala
1510 2027 1652 2082 reipu-

205 2084 333 2125 blicae
368 2083 607 2140 frangunt:
640 2099 726 2125 non
762 2085 823 2126 ita
854 2084 1028 2125 abundo
1062 2084 1253 2140 ingenio,
1288 2093 1334 2126 ut
1368 2092 1408 2124 te
1440 2083 1652 2135 consoler,

207 2155 305 2184 cum
331 2142 422 2198 ipse
444 2156 512 2182 me
535 2156 619 2182 non
645 2141 819 2197 possim.
882 2141 1114 2196 Reliquum
1147 2151 1211 2182 est
1242 2142 1389 2197 igitur,
1412 2149 1460 2181 ut
1481 2140 1561 2181 tibi
1584 2154 1661 2182 me.

207 2197 252 2238 in
275 2199 392 2239 omni
417 2213 460 2240 re
481 2213 578 2239 eum
601 2202 640 2232 29
653 2199 868 2253 praebeam
892 2210 1192 2254 praestemque,
1216 2209 1263 2238 ut
1285 2198 1336 2239 ad
1368 2197 1528 2247 omnia,
1550 2211 1658 2254 quaev

186 2251 272 2303 'tui
295 2255 442 2305 velint,
466 2255 526 2296 ita
547 2255 681 2296 adsim
707 2264 880 2310 praesto,
900 2266 947 2296 ut
967 2270 1036 2296 nie
1059 2270 1145 2296 non
1168 2254 1303 2296 solum
1328 2254 1473 2295 omnia
1494 2254 1651 2301 debere

207 2318 284 2352 tua
312 2326 454 2362 causa,
485 2312 557 2353 secl
592 2326 642 2351 ea
663 2326 849 2366 quoque,
872 2312 1002 2354 etiam
1030 2327 1126 2368 quae
1157 2326 1244 2354 non
1277 2311 1450 2367 possim,
1484 2320 1662 2367 putem,-

208 2366 321 2414 Illud
361 2378 502 2409 tamen
535 2369 601 2409 vel
634 2379 679 2409 tu
713 2383 781 2409 me
819 2369 1050 2420 monuisse,
1079 2368 1144 2410 vel
1179 2369 1393 2410 censuisse
1427 2376 1546 2422 puta,
1581 2366 1648 2409 vel

206 2433 383 2481 propter
420 2425 754 2468 benivolentiam
790 2435 930 2467 tacere
966 2441 1051 2467 non
1082 2426 1302 2483 potuisse:
1337 2434 1396 2474 ut,
1418 2423 1534 2479 quod
1562 2437 1646 2480 ego

248 2552 288 2583 28
302 2549 364 2590 jus
383 2550 630 2585 adeundi—non
654 2549 820 2588 hahemus]
847 2549 905 2580 ad-
947 2553 1027 2586 (ent,
1042 2549 1162 2589 plnres,
1177 2549 1276 2579 etiam
1292 2549 1409 2585 nostri,
1435 2557 1495 2578 scr.
1516 2551 1551 2578 et
1572 2547 1646 2593 edd.

206 2593 304 2623 eundi
327 2593 366 2623 ad
389 2592 628 2632 deprecandum
653 2602 710 2631 pro
734 2591 816 2622 aliis.
844 2592 904 2621 hoc
947 2601 997 2630 pr.
1016 2597 1053 2621 ut
1074 2594 1162 2624 1471.
1184 2593 1270 2624 1477.
1286 2595 1417 2629 putem:
1442 2590 1528 2629 quod
1552 2590 1646 2619 resti-

207 2644 252 2664 sc.
268 2644 334 2665 uon
350 2634 484 2664 decebat
499 2644 588 2671 eum,
602 2635 656 2673 qui
673 2634 738 2673 ipse
753 2632 904 2672 ‹lepreea-
947 2634 1008 2662 tui.
1027 2643 1103 2663 nam
1123 2631 1270 2663 Marcelli
1288 2642 1380 2667 uxor,
1396 2632 1486 2662 liberi
1504 2634 1562 2662 ἃς.
1579 2641 1645 2662 non

207 2678 299 2706 tione
314 2680 461 2716 eguerat.
947 2679 1101 2714 poterant
1125 2680 1251 2714 putare,
1270 2674 1459 2705 Ciceronem
1477 2683 1515 2703 ea
1529 2673 1643 2704 debere

251 2722 291 2751 29
308 2719 470 2757 proebeam
490 2714 717 2757 prm-temque]
742 2715 820 2745 Non
836 2715 902 2746 val·
947 2721 1112 2755 praestare,
1129 2726 1201 2755 quie
1224 2725 1290 2745 non
1314 2720 1432 2754 posset.
1477 2716 1644 2746 Ciceronis

206 2758 246 2790 de
277 2760 383 2800 placet
407 2765 632 2800 prwstemque,
664 2763 796 2798 propter
827 2767 903 2787 mox
945 2758 1007 2787 hoc
1043 2763 1093 2788 est
1129 2759 1286 2798 cogitare,
1319 2766 1352 2789 Se
1386 2758 1479 2799 plura
1513 2756 1643 2796 debere,

207 2811 344 2840 nequens
355 2807 480 2840 prasio.
498 2812 572 2831 mox
589 2809 710 2840 quoque
726 2800 840 2835 etiam,
857 2799 903 2829 al·
946 2809 1043 2840 quam
1059 2801 1173 2841 possit.

208 2849 315 2875 terum
326 2844 511 2876 delendum.
524 2843 661 2883 denique
674 2852 732 2884 pro
744 2841 831 2882 vulg.
839 2851 903 2882 pu-
