1903 3218
176 474 209 504 p.
227 463 296 493 152.

265 514 295 534 a.

251 1086 267 1120 1
275 1086 301 1122 4

250 2051 299 2087 15

304 101 382 137 250
679 82 859 136 EmsT.
889 96 1075 135 LIBER
1099 98 1368 138 nummus

755 200 989 243 CICERO
1022 200 1284 244 PLANCO.

309 257 409 311 UT
445 269 630 326 primum
671 278 857 325 potestas
896 269 996 310 data
1031 279 1095 309 est
1129 270 1337 326 augendae
1375 269 1598 327 dignitatis
1631 279 1732 324 tuae,

306 326 413 368 nihil
443 326 695 382 praetermisi
732 327 776 366 in
811 335 853 366 te
882 326 1087 377 ornando,
1110 327 1276 382 44quod
1313 327 1497 383 positum
1530 338 1639 370 esset
1660 339 1734 372 aut

307 384 351 425 in
385 384 562 440 praemio
596 379 877 433 virtutis,‘aut
909 382 952 423 in
984 382 1147 423 honore
1169 384 1409 425 verborum.
1471 383 1520 426 Id
1553 400 1606 427 ex
1640 386 1733 442 ipso

309 450 478 483 senatus
511 439 706 481 consulto
741 439 900 494 poteris
935 452 1208 494 cognoscere.
1245 440 1304 481 ita
1331 441 1443 482 enim
1466 451 1529 483 est
1556 444 1735 498 perscri-

310 507 446 554 ptum,
470 506 517 538 ut
542 512 566 538 a
594 510 663 536 me
686 496 738 536 de
762 495 921 550 scripto
951 495 1067 536 dicta
1099 498 1309 538 sententia
1339 508 1426 540 est:
1459 514 1586 554 quam
1614 514 1734 543 sena-

308 564 376 596 tus
410 554 605 609 frequens
638 560 842 607 sequutus
878 560 941 591 est
973 566 1140 592 summo
1170 553 1326 605 studio,
1361 570 1601 612 magnoque
1633 572 1736 599 con·

308 626 447 653 sensu.
510 609 604 666 Ego
626 622 883 664 quamquam
918 623 972 648 ex
1007 609 1090 649 tuis
1123 608 1288 660 litteris,
1311 625 1414 666 quas
1440 614 1544 655 mihi
1567 614 1736 667 misisti,

308 681 623 723 perspexeram,
646 678 687 706 te
721 665 857 721 magis
883 664 1052 719 judicio
1086 666 1312 716 bonorum,
1333 682 1462 722 quam
1494 671 1736 727 insignibus

309 721 458 781 :gloriae
481 723 679 765 delectari
702 740 711 764 ;
745 732 886 762 tamen
910 722 1266 763 considerandum
1289 726 1547 778 existimavi,
1569 729 1736 771 etiamsi

309 793 355 822 tu
389 781 496 822 nihil
535 779 784 836 postulareS,
820 787 1028 833 quantum
1067 779 1145 819 tibi
1185 796 1209 821 a
1247 781 1466 835 republica
1497 784 1736 827 deberetur.

308 838 373 879 Tu
406 847 610 879 contexes
646 846 839 876 extrema
877 850 974 876 cum
1011 836 1173 891 primiS.
1236 836 1323 883 Qui
1361 839 1476 879 enim
1511 839 1578 881 M.
1601 841 1738 884 Anto·

308 895 428 936 nium
461 893 734 949 oppresserit,
766 893 799 933 is
835 892 990 933 bellum
1025 893 1273 934 confecerit.
1338 893 1489 950 Itaque
1522 896 1739 941 Homerus

308 966 395 992 non
411 949 620 1043 &Ajacenb
650 964 728 991 nec
756 948 983 1000 Achillem,
1012 950 1081 991 sed
1120 950 1315 1006 Ulyssem
1352 953 1582 1009 appellavit
1605 957 1645 986 45
1658 976 1740 998 orro-

309 1007 408 1059 λίπος
437 1023 477 1045 ον.

824 1059 1226 1097 ARGUMENTUM.

313 1124 459 1160 Laudat
481 1123 610 1159 Planci
626 1123 783 1158 studium
803 1128 838 1159 et
857 1124 1077 1159 celeritatem
1095 1124 1130 1158 z'n
1150 1123 1298 1159 auxiliis
1317 1124 1434 1160 Bruto
1452 1125 1597 1173 collegae
1612 1125 1740 1176 seren·

561 1176 627 1215 dis,
650 1175 900 1223 hortaturque,
920 1180 960 1211 ut
980 1175 1062 1211 belli
1081 1176 1253 1223 reliquias
1273 1178 1490 1224 exstinguat.

725 1240 958 1283 CICERO
991 1241 1254 1294 PLANCO,
1287 1242 1330 1284 S.

311 1298 361 1350 Ο
399 1309 662 1351 GRATAM
694 1309 851 1350 famam
886 1310 1017 1351 biduo
1050 1320 1148 1350 ante
1189 1311 1427 1363 victoriam,
1462 1312 1515 1354 de
1551 1313 1743 1355 subsidio

311 1377 400 1417 tuo,
422 1368 474 1408 de
504 1367 662 1417 studio,
684 1367 736 1408 de
770 1367 1001 1418 celeritate,
1029 1367 1081 1407 de
1109 1368 1273 1422 copiis!
1325 1367 1470 1424 Atque
1500 1369 1631 1416 etiam
1666 1370 1744 1412 ho-

309 1423 446 1465 stibus
470 1423 590 1474 fusis,
612 1437 706 1479 spes
729 1424 867 1465 omnis
890 1424 932 1464 in
956 1433 997 1464 te
1018 1432 1097 1464 est.
1159 1424 1336 1480 Fugisse
1365 1426 1479 1467 enim
1507 1441 1562 1467 ex
1586 1427 1742 1483 proelio

310 1479 552 1521 Mutinensi
575 1481 774 1521 dicuntur
806 1481 1017 1521 notissimi
1049 1480 1260 1521 latronum
1288 1481 1432 1523 duces.
1494 1482 1571 1524 Est
1598 1494 1740 1526 autem

310 1548 397 1578 non
424 1537 564 1578 minus
595 1547 765 1593 gratum
797 1546 991 1578 extrema
1021 1538 1174 1588 delere,
1197 1552 1323 1593 quam
1353 1540 1492 1594 prima
1519 1539 1743 1595 depellere.

311 1593 523 1649 Equidem
545 1594 896 1650 46exspeetabam
921 1594 1013 1649 jam
1050 1606 1141 1635 tuas
1164 1595 1339 1644 litteraS‚
1365 1596 1493 1651 idque
1512 1611 1612 1639 cum
1634 1597 1743 1639 mul-

310 1652 390 1693 tis:
422 1652 730 1707 sperabamque
765 1653 910 1701 etiam,
944 1652 1169 1707 Lepidum,
1195 1652 1443 1707 reipublicae
1480 1655 1745 1710 temporibus

309 1708 593 1759 admonitum,
626 1711 663 1743 47
678 1719 816 1750 tecum
852 1710 1100 1765 reipublicae
1139 1709 1240 1750 satis
1274 1724 1363 1750 esse
1402 1709 1630 1753 facturum.
1692 1711 1744 1753 In

310 1765 424 1806 illam
460 1765 590 1821 igitur
619 1780 764 1806 curam
796 1766 1012 1814 incumbe,
1037 1767 1091 1806 mi
1128 1766 1298 1817 Plance,
1321 1776 1368 1808 ut
1387 1769 1493 1807 48ne
1519 1783 1603 1823 qua
1629 1769 1745 1810 scin-

311 1822 401 1863 tilla
423 1821 630 1863 teterrimi
666 1822 761 1863 belli
793 1823 1069 1877 relinquatur.
1132 1823 1261 1870 Quod
1299 1823 1332 1864 si
1366 1824 1447 1864 erit
1480 1823 1670 1867 factum:
1702 1836 1745 1867 et

310 1879 620 1935 rempublicam
658 1879 805 1920 divino
844 1879 1054 1921 beneficio
1092 1879 1298 1930 affeceris,
1330 1889 1374 1921 et
1411 1881 1501 1937 ipse
1538 1891 1743 1923 aeternam

311 1936 490 1992 gloriam
513 1950 787 1991 consequere.
849 1936 906 1978 D.
932 1951 992 1978 111
1020 1936 1134 1977 Non.
1161 1937 1269 1978 Mai.

827 2027 1172 2065 ARGUMENTU
1173 2027 1229 2064 M.

363 2091 535 2134 Nuntiat,
555 2102 633 2138 quae
650 2092 698 2126 ad
716 2092 990 2139 opprimendum
1006 2092 1207 2127 Antonium
1234 2096 1268 2127 et
1287 2093 1401 2139 egerit
1419 2096 1454 2128 et
1472 2097 1617 2128 acturus
1633 2095 1692 2129 sit.

711 2156 991 2199 PLANCUS
1026 2156 1347 2199 CICERONI.

317 2213 429 2265 HIS
461 2225 613 2266 litteris
647 2225 831 2280 scriptis,
853 2240 950 2280 quae
986 2235 1135 2281 postea
1166 2226 1437 2277 accidissent,
1465 2226 1574 2268 scire
1608 2234 1665 2278 te,
1693 2227 1747 2268 ad

314 2282 621 2338 rempublicam
661 2283 807 2338 putavi
845 2283 1070 2339 pertinere.
1131 2282 1344 2324 Sedulitas
1381 2297 1490 2334 mea,
1525 2293 1570 2325 ut
1607 2297 1747 2340 spero,

351 2414 399 2441 =44
429 2412 515 2451 quod
534 2411 677 2451 positum
705 2411 765 2450 est]
797 2411 1010 2442 Scribendum
1055 2421 1121 2442 non
1137 2417 1198 2448 est,
1213 2411 1299 2452 quod
1313 2416 1347 2442 et
1362 2412 1453 2442 abest
1476 2413 1537 2444 Ms.
1556 2422 1642 2449 meo,
1659 2412 1750 2443 Grae-

316 2458 414 2484 esset.-
437 2454 512 2492 quia
532 2453 687 2493 prm-edit
708 2455 913 2493 p⁷·oetermr'si.
959 2451 1011 2484 Sic
1053 2455 1123 2484 vius
1139 2455 1241 2485 etiam
1256 2455 1335 2494 reip.
1351 2461 1539 2494 suspectum
1555 2453 1665 2485 habet.
1684 2455 1747 2487 Sed

317 2500 367 2526 est
383 2497 416 2526 in
432 2496 494 2526 Ms.
511 2505 597 2532 meo,
615 2495 678 2525 Gu.
700 2499 726 2526 l.
739 2500 773 2525 et
791 2496 840 2526 ed.
857 2496 946 2526 Med.
1054 2496 1101 2527 ita
1125 2504 1238 2526 sensus
1267 2495 1457 2527 commodus
1481 2501 1516 2527 et
1539 2495 1655 2537 plenus
1680 2506 1749 2528 non

357 2540 398 2568 45
422 2537 636 2587 πτολίποςθυ]
665 2537 718 2568 Sic
744 2537 920 2575 Homerus,
944 2547 1010 2568 non
1053 2543 1114 2569 est.
1157 2537 1342 2586 Dicendum
1356 2544 1439 2575 erat,
1455 2539 1508 2585 cui
1521 2538 1749 2570 satisfacturus

318 2580 426 2612 mador.
443 2586 481 2611 ut
495 2585 544 2611 est
559 2591 593 2611 ιιι
607 2579 658 2610 ed.
675 2579 771 2610 Grut.
1055 2584 1150 2611 esset.
1167 2579 1279 2611 malim
1295 2585 1372 2610 ante
1387 2580 1498 2611 delen.

358 2624 400 2654 46
430 2621 669 2663 exspectabam]
709 2621 798 2652 Male
831 2620 879 2651 ed.
915 2622 1011 2652 Grut.
1098 2625 1137 2654 48
1160 2631 1201 2652 ne
1213 2631 1283 2661 quae
1297 2622 1454 2661 scintilla]
1480 2623 1566 2658 Scio,
1582 2622 1749 2654 interdum

317 2666 500 2704 spectabam
514 2677 524 2695 .·
556 2665 642 2704 quod
671 2663 862 2694 Gebhardus
892 2665 1013 2703 recepit
1056 2664 1239 2704 legitimam
1262 2662 1400 2694 formam
1424 2664 1550 2695 relativi
1571 2670 1644 2704 post
1664 2665 1691 2695 si
1712 2669 1747 2695 et

318 2717 336 2736 e
361 2707 552 2746 quibusdam
576 2707 679 2742 libris,
706 2706 821 2745 quibus
847 2706 1013 2736 consentit
1056 2716 1096 2736 ne
1122 2705 1266 2745 negligi:
1302 2711 1339 2736 at
1366 2706 1418 2737 hic
1444 2706 1566 2737 habent
1590 2716 1656 2747 qua
1680 2707 1744 2738 Ms.

319 2749 381 2779 Gu.
399 2752 427 2779 2.
444 2749 626 2790 repudiavit
639 2754 674 2780 et
690 2748 847 2779 Graevius.
1057 2758 1161 2784 meu5‚
1177 2747 1241 2779 Gu.
1270 2752 1297 2780 1.
1320 2750 1351 2779 2.
1367 2753 1401 2780 et
1426 2747 1498 2780 edd.
1517 2758 1566 2790 pr.
1582 2749 1690 2790 itaque
1715 2748 1747 2780 id

360 2794 399 2824 47
424 2795 531 2822 tecum
550 2796 581 2822 et
596 2792 677 2831 reip.
691 2792 772 2821 satis
793 2801 819 2820 e.
823 2789 874 2830 f]
890 2790 943 2820 Sic
957 2789 1013 2820 Vi-
1055 2789 1151 2821 edidi.

318 2833 466 2865 ctoriana
494 2839 528 2865 et
554 2834 650 2864 Grut.
680 2837 710 2864 et
738 2832 869 2873 quidem
899 2842 1012 2863 verum
