1860 3228
325 102 399 136 156
670 100 851 137 EPIST.
878 100 1065 138 LIBER
1090 101 1388 141 SEPTIMUS

324 203 561 258 praesertim
585 203 828 245 innocenti:
861 204 934 245 ubi
953 204 1069 246 nulla
1091 205 1295 261 adjuncta
1316 215 1381 247 est
1402 206 1649 263 turpitudo:
1673 207 1747 248 ad-

324 259 380 300 do
401 260 548 310 etiam,
570 275 667 301 cum
691 275 741 301 ea
760 261 865 302 urbe
886 275 1042 312 careas,
1071 263 1116 303 in
1137 278 1222 318 qua
1243 263 1348 304 nihil
1372 263 1441 314 sit,
1464 263 1581 318 quod
1603 262 1745 304 videre

326 317 462 371 possis
484 317 574 357 sine
594 317 753 358 dolore.
815 316 910 372 Ego
939 333 1036 359 cuni
1066 319 1171 360 meis
1199 320 1252 372 (si
1283 320 1515 376 quidquam
1538 334 1652 361 nunc
1673 334 1748 361 cu-

319 373 523 428 jusquam
553 377 635 424 est)
665 375 794 415 etiam
825 374 869 414 in
900 375 1005 415 meis
1036 389 1127 416 esse
1148 377 1292 418 malui.
1354 378 1465 424 Quae
1488 377 1749 427 acciderunt,

326 430 472 470 omnia
492 429 582 471 dixi
607 431 764 471 futura.
824 430 933 470 Veni
955 431 1145 482 domum,
1175 447 1259 474 non
1282 448 1368 489 quo
1391 434 1554 490 optima
1576 433 1747 475 vivendi

326 486 518 528 conditio
540 497 673 527 esset:
707 487 779 528 sed
802 495 960 536 tamen,
983 488 1017 527 si
1039 497 1150 529 esset
1167 489 1308 544 aliqua
1326 490 1464 532 forma
1485 490 1748 546 reipublicae,

327 551 545 598 tamquam
576 544 619 583 in
648 543 786 599 patria
808 552 854 583 ut
876 557 1030 585 essem:
1064 545 1097 585 si
1121 545 1250 596 nulla,
1273 556 1489 602 tamquam
1514 548 1554 588 in
1578 546 1746 588 exsilio.

328 598 520 640 Mortem
543 599 648 640 mihi
672 614 747 640 cur
767 600 1091 652 consciscerem,
1115 616 1244 642 causa
1264 603 1378 644 nulla
1401 606 1488 645 visa
1509 613 1597 655 est3
1619 606 1660 634 20
1672 617 1749 643 cur

326 665 534 711 optarem,
558 656 718 698 multae.
761 657 895 697 Vetus
917 667 981 698 est
1003 657 1133 708 enim,
1154 658 1226 699 ubi
1247 673 1326 699 non
1346 660 1397 700 sis
1418 659 1646 717 quifneris,
1667 674 1750 700 non

285 723 403 753 b.esse
423 728 494 754 cnr
513 713 609 754 velis
630 714 775 754 vivere.
836 714 919 754 Sed
942 724 1084 755 tamen
1110 729 1258 756 vacare
1279 716 1419 771 culpa,
1449 732 1654 774 magnum
1684 726 1750 757 est

326 769 524 810 solatium
544 788 553 812 z
585 770 819 825 praesertim
853 784 950 810 cum
976 771 1155 812 habeam
1177 773 1282 813 duas
1304 787 1382 824 res,
1413 775 1567 828 quibus
1590 788 1656 814 mc
1679 788 1747 814 su-

324 837 533 877 stente1n;
565 827 824 881 optimarum
853 827 1008 868 artium
1039 829 1276 881 scientiam,
1306 840 1348 870 et.
1377 831 1661 871 maximarum
1683 845 1747 871 re-

324 897 417 923 rum
440 883 643 938 gloriam:
666 898 846 937 quarum
865 884 995 925 altera
1020 886 1122 925 milii
1145 887 1242 927 vivo
1265 901 1497 942 numquam
1520 888 1748 942 eripietur;

324 940 455 980 altera
476 954 528 980 ne
561 950 730 981 mortuo
753 940 941 994 quidem.
1005 941 1114 983 Haec
1137 943 1189 983 ad
1211 953 1254 983 te
1275 944 1424 999 scripsi
1448 944 1682 994 verbosius,
1705 954 1748 983 et

323 997 404 1037 tibi
425 997 628 1037 molestus
645 997 722 1047 fui,
743 997 858 1051 quod
883 1008 923 1037 te
942 1013 1039 1038 cum
1063 999 1161 1049 mei,
1183 1009 1271 1041 tum
1293 1001 1540 1056 reipublicae
1560 1000 1747 1056 cognovi

323 1054 679 1095 amantissimum.
743 1054 907 1094 Notum
941 1055 1019 1095 tibi
1053 1070 1179 1096 omne
1217 1071 1359 1097 mcum
1393 1057 1619 1098 consilium
1657 1070 1748 1098 esse

323 1110 454 1161 volui,
477 1121 523 1150 ut
547 1111 729 1166 primum
753 1111 895 1163 scires,
918 1126 985 1152 me
1008 1127 1239 1167 numquam
1265 1114 1446 1155 voluisse
1476 1114 1570 1170 plus
1599 1127 1747 1169 quem-

321 1182 450 1222 quam
473 1183 611 1223 posse,
634 1182 762 1223 quam
785 1169 1025 1209 universam
1048 1170 1371 1225 rempublicam.
1413 1171 1570 1212 Postea
1590 1180 1750 1221 autem,

323 1239 452 1279 quam
484 1225 663 1279 alicujus
695 1225 822 1281 culpa
852 1234 1017 1266 tantum
1043 1227 1199 1267 valeret
1221 1242 1343 1278 unus,
1365 1231 1467 1269 5-'1ut
1487 1227 1638 1270 obsisti
1662 1242 1749 1269 non

325 1291 481 1336 posset,
505 1297 572 1322 nic
597 1282 778 1323 voluisse
801 1296 964 1337 pacem.
996 1284 1152 1324 amisso
1175 1286 1384 1335 exercitu,
1416 1297 1460 1326 et
1480 1300 1531 1327 eo
1553 1285 1676 1335 duce,
1705 1285 1748 1326 in

323 1354 408 1392 quo
431 1353 527 1394 spes
550 1340 687 1379 fuerat
721 1353 819 1390 uno,
852 1354 920 1380 me
944 1340 1126 1381 voluisse
1156 1342 1284 1382 etiam
1318 1341 1489 1397 reliquis
1521 1342 1749 1392 omnibus;

324 1407 550 1451 postquam
584 1410 668 1436 non
708 1397 937 1451 potuerim,
969 1397 1128 1437 ‘lssmihi
1162 1398 1240 1453 ipsi
1278 1398 1404 1439 finem
1440 1399 1591 1440 fecisse
1625 1397 1748 1440 belli:

321 1467 437 1493 nunc
459 1463 617 1503 autem,
640 1453 672 1493 si
697 1452 791 1494 liaec
819 1453 971 1493 civitas
992 1464 1070 1504 est,
1093 1455 1231 1495 civem
1253 1470 1343 1496 esse
1366 1471 1459 1506 me3
1491 1456 1525 1496 si
1548 1470 1649 1506 non,
1672 1469 1750 1495 ex-

320 1510 456 1550 sulem
477 1524 567 1550 esse
587 1524 671 1550 non
689 1510 1028 1550 incommodiore
1044 1510 1154 1562 loco,
1178 1526 1306 1566 quam
1327 1515 1368 1543 2⁷3
1382 1513 1415 1553 si
1438 1512 1657 1563 Rhodum,
1675 1522 1751 1552 aut

321 1566 558 1622 Mitylenas
580 1567 873 1608 contulissem.
925 1566 1037 1608 Haec
1057 1577 1199 1608 tecum
1217 1583 1362 1609 coram
1384 1570 1641 1610 malueram:
1675 1569 1748 1609 sed

318 1624 420 1678 quia
440 1623 610 1679 longius
633 1624 778 1673 fiebat,
804 1623 916 1665 volui
941 1638 1014 1679 per
1040 1624 1202 1666 litteras
1223 1626 1397 1678 eadem3
1429 1629 1471 1659 24
1484 1638 1531 1667 ut
1553 1626 1748 1676 haberes,

317 1681 433 1735 quod
465 1680 642 1730 diceres,
675 1681 709 1721 si
742 1680 914 1735 quando
945 1682 988 1722 in
1020 1682 1329 1737 vituperatores
1361 1697 1478 1724 meos
1510 1683 1745 1724 incidisses.

319 1738 429 1778 Sunt
450 1739 581 1789 enim,
609 1738 699 1792 qui,
726 1752 823 1778 cum
848 1752 966 1778 meus
989 1738 1187 1779 interitus
1218 1739 1325 1780 nihil
1347 1739 1475 1781 fuerit
1499 1739 1746 1796 reipublicae

318 1794 582 1850 profuturus,
606 1794 797 1835 criminis
819 1794 915 1836 loco
939 1805 1092 1850 putent
1113 1809 1217 1846 esse,
1239 1798 1353 1851 quod
1380 1797 1534 1838 vivam.
1575 1797 1747 1843 Quibus

316 1865 398 1907 ego
420 1861 538 1893 certo
562 1852 650 1892 scio
674 1866 760 1892 non
784 1852 918 1892 videri
950 1853 1052 1893 satis
1083 1853 1240 1893 multos
1272 1854 1455 1909 perisse:
1488 1854 1578 1909 qui,
1611 1853 1645 1894 si
1678 1867 1747 1894 me

315 1909 547 1959 audissent,
577 1909 772 1964 quamvis
806 1909 953 1963 iniqua
985 1924 1104 1964 pace,
1142 1909 1320 1951 honeste
1360 1922 1503 1952 tamen
1538 1911 1746 1951 viverent.

314 1964 458 2006 Armis
481 1967 593 2007 enim
619 1965 855 2016 inferiores,
879 1980 962 2006 non
985 1981 1113 2007 causa
1142 1966 1337 2009 fuissent.
1401 1968 1549 2010 Habes
1583 1968 1746 2024 episto-

310 2021 397 2063 {am
421 2023 710 2064 verbosiorem
735 2022 928 2073 fortasse,
959 2038 1086 2077 quam
1111 2023 1251 2066 velles.
1283 2025 1397 2080 quod
1427 2027 1505 2066 tibi
1531 2026 1589 2066 ita
1611 2024 1746 2065 videri

314 2081 493 2135 putabo,
517 2080 596 2120 nisi
620 2079 726 2120 mihi
751 2079 990 2136 longiorem
1011 2081 1237 2122 remiseris,
1300 2081 1410 2137 Ego,
1433 2083 1483 2134 si,
1513 2097 1608 2138 quae
1634 2081 1745 2132 volo,

313 2137 562 2194 expediero,
586 2137 704 2178 brevi
728 2145 920 2193 tempore
944 2146 1000 2188 te,
1023 2148 1070 2179 ut
1089 2152 1229 2194 spero,
1254 2139 1423 2180 videbo.

345 2253 385 2280 20
397 2260 458 2280 cur
466 2254 625 2290 optarem,
639 2251 750 2280 multoe
761 2249 879 2289 causoe]
898 2250 1009 2281 Causa:

308 2292 379 2322 sine
401 2291 499 2322 dubio
521 2297 571 2322 est
593 2303 612 2322 a
634 2292 824 2331 glossatore,
847 2292 1007 2332 frigctque

308 2333 412 2364 valde.
436 2334 511 2373 quia
534 2335 624 2365 abest
648 2345 667 2364 a
689 2334 778 2364 libris
800 2334 1006 2373 quibusdam,

1052 2251 1138 2281 ribus
1153 2262 1212 2292 par
1226 2262 1292 2282 non
1308 2256 1403 2282 essct.

1092 2295 1133 2324 ⁶22
1150 2295 1230 2324 milri
1243 2295 1317 2334 ipsi]
1340 2294 1402 2324 Hic
1418 2294 1564 2324 Graevius
1579 2303 1689 2324 verum
1704 2293 1750 2323 vi-

1050 2335 1111 2372 dit,
1128 2336 1339 2375 praetulitque
1352 2337 1514 2376 mihiipsi,
1524 2336 1658 2374 vulgato
1670 2340 1748 2366 ante

308 2373 422 2406 delevi.

350 2421 386 2449 21
404 2422 442 2450 ut
457 2419 562 2448 obsisti
578 2428 638 2447 uon
651 2417 768 2457 posset]
795 2419 856 2447 int.
872 2418 914 2454 ei,
931 2429 1005 2458 pro.

308 2465 383 2500 pter
401 2461 596 2500 potentiam,
620 2470 718 2499 quam
741 2459 838 2500 culpa
860 2461 1005 2499 Pompeii

309 2507 502 2533 consecutus
531 2507 614 2539 erat,
644 2512 702 2532 nec
733 2502 880 2542 impediri
912 2503 1004 2540 adeo,

309 2555 372 2583 quo
397 2545 505 2575 minus
527 2555 564 2575 ca
587 2545 646 2585 ipsi
669 2544 907 2581 tribuerentur,
934 2556 1005 2584 quae

307 2587 417 2618 vellet.
461 2586 608 2617 Graevius
633 2586 777 2616 malebat
801 2587 882 2623 sisti,
909 2597 1004 2617 sensu

307 2630 364 2660 illo
379 2629 579 2668 exquisitiori
601 2639 652 2668 ap.
676 2628 818 2663 Livium,
846 2628 890 2668 (v.
915 2629 1005 2659 Clav.

307 2673 341 2702 in
355 2670 492 2711 sistere.)
511 2676 549 2701 ut
563 2670 603 2701 ad
616 2670 849 2710 rempublicam
863 2671 1005 2710 pertine-

306 2719 367 2744 ret.
413 2713 476 2744 Sed
490 2713 545 2743 ille
560 2722 672 2743 sensus
695 2717 743 2742 est
765 2712 798 2742 h.
823 2711 844 2741 l.
867 2712 1002 2742 alienus.

306 2757 420 2786 Cicero
432 2755 535 2785 voluit
548 2765 675 2795 pacem,
688 2755 765 2793 quia
776 2753 918 2791 videbat,
933 2755 1003 2784 (Σω-

306 2808 411 2829 sarem
438 2798 468 2827 vi
499 2802 765 2833 consecuturum,
793 2805 866 2835 quae
891 2795 1005 2833 vellet,

306 2841 427 2872 frustra
441 2844 646 2880 repugnante
661 2838 829 2879 Pompeio,
843 2838 896 2877 qui
912 2839 941 2869 ei
956 2839 1003 2871 vi-

1052 2379 1132 2408 milzi
1145 2379 1222 2418 ipse,
1231 2379 1317 2418 quod
1326 2378 1500 2418 dupliciter
1513 2378 1667 2408 vitiosum
1683 2383 1747 2415 est,

1049 2421 1191 2459 primum
1220 2421 1298 2460 quia
1331 2421 1533 2451 constructio
1569 2419 1751 2458 requireret

1048 2462 1166 2500 ipsum,
1193 2462 1292 2501 (qnod
1315 2462 1478 2492 Graevium
1503 2462 1633 2500 movit,)
1659 2461 1684 2491 si
1701 2461 1748 2491 di·

1048 2504 1130 2534 versi
1161 2514 1252 2534 casus
1281 2513 1349 2534 esse
1377 2503 1531 2534 deberent
1545 2516 1554 2541 3
1592 2503 1747 2540 secundo,

1048 2549 1124 2584 quia
1139 2551 1189 2576 est
1203 2547 1237 2576 in
1253 2546 1470 2586 oppositione,
1494 2546 1750 2586 reliquis—mihi

1047 2597 1057 2616 ι
1081 2597 1117 2617 ει.

1054 2597 1080 2627 p
1090 2633 1130 2660 23
1144 2631 1172 2660 si
1187 2630 1339 2661 Rhodum
1351 2634 1410 2659 (ml
1423 2629 1487 2669 M]
1504 2630 1581 2660 Post
1595 2629 1747 2660 Rhodum

1047 2672 1202 2702 excidisse
1217 2677 1298 2712 puto
1315 2682 1375 2701 me.
1413 2672 1464 2701 Sic
1479 2677 1528 2702 est
1543 2673 1576 2702 in
1592 2672 1657 2702 Gu.

1089 2715 1129 2744 24
1142 2719 1181 2745 ut
1196 2714 1327 2744 haberes
1342 2713 1420 2753 qnid
1433 2713 1566 2753 diceres]
1594 2713 1657 2743 Hic
1669 2724 1748 2753 quo-

1048 2765 1109 2794 que
1123 2756 1206 2795 quod
1219 2755 1424 2786 scribendum
1441 2760 1502 2786 est.
1527 2756 1565 2785 ln
1580 2755 1670 2786 libris
1685 2766 1746 2787 scr.

1047 2804 1097 2829 est
1110 2798 1161 2839 qd.
1179 2798 1211 2829 id
1227 2802 1366 2838 utroque
1381 2797 1476 2829 modo
1492 2797 1556 2838 legi
1572 2803 1691 2839 potest.
