1817 3196
435 83 514 121 AD
538 77 881 119 METELLUM
906 77 982 115 ET
1008 76 1288 115 CETEROS.
1500 85 1572 120 111

676 162 954 219 ARGUMEN
963 180 1096 218 TUM
1597 190 1644 227 13

153 238 398 283 Consolationi
416 238 616 285 respondet,
636 247 706 282 qua
726 246 762 270 se
782 236 868 270 mire
887 235 1041 269 levatum
1060 244 1136 269 esse
1144 231 1306 281 fatetur,
1325 231 1476 282 utsorti
1497 236 1575 270 ani·

179 303 236 327 mo
253 293 315 334 sit,
333 292 400 327 etsi
417 291 460 326 de
477 288 661 336 republica
679 288 748 334 des
745 291 851 323 meret.
908 286 1044 321 Casan
1064 283 1127 320 IV.
1147 284 1288 320 consule
1304 286 1381 320 siue
1400 285 1514 332 colleg
1494 297 1549 321 ma

445 354 512 395 Μ.
537 353 588 394 C.
613 354 656 394 S.
682 352 738 394 D.
769 353 812 394 L.
842 350 1130 401 LUCCEIO‚
1154 351 1283 397 Q-F.

153 412 537 474 QUAMQUAM
582 421 675 476 ipsa
714 419 951 461 consolatio
991 419 1226 460 litterarum
1267 428 1433 459 tuarum
1475 419 1583 460 mihi

150 480 394 532 gratissima
413 488 501 519 est:
533 477 720 518 declarat
741 478 854 518 enim
879 491 1086 517 summam
1112 475 1461 525 benivolentiam,
1480 490 1584 516 con-

144 535 342 587 junctam
378 536 469 590 pari
502 534 758 590 prudentia:
792 544 931 575 tamen
966 534 1080 573 illum
1118 532 1304 573 fructum
1343 546 1397 572 ex
1436 533 1484 573 iis
1515 532 1585 574 lit-

150 593 251 632 teris
277 591 340 632 vel
362 592 595 632 maximum
621 590 863 646 cep1,quod
886 600 926 630 te
951 589 1150 645 praeclare
1166 604 1230 630 res
1253 589 1459 629 humanus
1481 604 1586 630 con-

151 657 426 698 temnentem,
450 659 492 689 et
517 649 680 704 optime
706 657 856 688 contra
883 646 1099 687 fortunam
1131 655 1325 701 paratum
1353 660 1398 685 ιι
1402 655 1586 686 matum-

150 719 234 759 que
263 705 474 760 cognovi:
507 720 635 760 quam
665 704 836 758 quidem
869 703 1033 744 laudem
1068 703 1288 758 sapientise
1321 713 1463 743 statuo
1494 717 1586 744 esse

150 761 400 812 maximam,
431 776 515 802 non
548 762 717 802 aliunde
742 760 940 815 pendere,
973 775 1050 800 nec
1077 761 1342 800 extrinsecus
1372 770 1446 800 aut
1477 760 1586 800 bene

149 827 224 860 aut
243 818 351 859 male
364 819 532 860 vivendi
557 832 780 875 suspensis
803 817 958 858 habere
982 817 1180 857 rationes.
1224 817 1336 862 Quae
1358 817 1584 872 cogitatio,

151 889 248 916 cum
270 875 373 916 mihi
394 891 478 916 non
506 876 682 916 omnino
711 874 943 916 excidisset
963 874 1140 926 (etenim
1165 875 1334 937 penitus
1355 873 1586 923 insederat)

153 931 193 971 vi
229 941 370 972 tamen
413 942 717 987 tempestatum
748 942 791 972 et
821 945 1030 972 concursu
1063 931 1356 971 calamitatum
1389 939 1477 970 erat
1509 930 1586 972 ali-

152 997 358 1042 quantum
383 988 510 1029 labef·
501 999 641 1029 notata
661 998 790 1043 atque
812 988 1040 1029 convulsa:
1073 988 1142 1028 cui
1170 997 1211 1027 te
1234 987 1434 1041 opitulari
1459 997 1500 1027 et
1524 988 1586 1026 Χι-

151 1045 248 1096 de0‚
266 1056 309 1086 et
324 1045 364 1086 id
380 1045 530 1086 fecisse
548 1046 674 1086 etiam
693 1045 902 1101 proximis
916 1044 1082 1095 litteris,
1101 1044 1366 1098 multumque
1382 1043 1588 1099 profecis-

147 1115 192 1142 se
211 1102 364 1142 sentio.
399 1101 550 1156 Itaque
571 1102 654 1143 hoe
674 1102 830 1158 saepius
855 1101 1098 1151 (licendum,
1122 1101 1288 1155 tibique
1311 1115 1395 1141 non
1420 1100 1586 1147 sio-nifi-

150 1159 336 1199 candum
359 1158 511 1210 solum,
534 1159 606 1200 sed
636 1159 765 1199 etiam
788 1158 1088 1199 decimandum
1118 1158 1316 1207 arbitror,
1351 1157 1455 1197 nihil
1480 1158 1586 1197 mihi

151 1229 241 1256 esse
266 1216 454 1270 potuisse
476 1216 560 1256 tuis
591 1216 741 1255 litteris
764 1215 942 1270 gratius,
1002 1215 1071 1254 Ad
1102 1214 1411 1254 consolandum
1443 1224 1587 1254 autem

153 1286 251 1312 cum
285 1272 353 1312 illa
381 1272 539 1322 vz,rlent
572 1286 668 1326 quae
702 1272 919 1326 eleganter
951 1272 1210 1325 copioseque
1243 1269 1470 1325 collegisti,
1496 1280 1586 1310 tum

151 1327 260 1368 nihil
295 1328 402 1383 plus,
424 1343 553 1383 quun
583 1327 697 1382 quod
736 1327 1041 1368 firmitudinem
1077 1327 1421 1391 graxitatemque
1454 1327 1587 1368 animi

151 1384 213 1425 tui
237 1385 460 1440 perspexi:
493 1399 621 1440 quam
645 1399 699 1425 no
706 1399 729 1424 ιι
754 1384 910 1424 imitari
935 1385 1227 1440 turpissimum
1248 1384 1466 1424 existimo.
1500 1383 1589 1424 Ita-

1 1448 46 1510 ἡ,
151 1455 235 1496 que
267 1442 350 1482 hoc
383 1442 512 1482 etiam
546 1441 767 1482 fortimem
793 1455 860 1481 me
896 1451 1015 1496 puto,
1037 1455 1165 1495 quam
1200 1440 1400 1496 teipsum,
1429 1455 1588 1496 praece-

6 1514 10 1520 ·
154 1508 319 1552 ptorem
339 1498 630 1539 fortitudinis·
621 1498 818 1553 ,⁵4quod
843 1507 885 1538 tu
912 1512 965 1537 mx
972 1498 1015 1537 'ni
1038 1498 1180 1539 xidere
1199 1511 1317 1552 spem
1342 1511 1424 1537 non
1433 1497 1588 1538 nnllam

152 1554 325 1606 habere,
351 1555 444 1596 haec
465 1571 500 1595 ιι
492 1555 693 1610 iqnando
717 1555 832 1595 futm
837 1570 859 1595 ιι
880 1555 1070 1595 meliora.
1133 1554 1180 1595 C¹
1173 1569 1268 1594 ιι5ιι5
1291 1554 1402 1594 enim
1428 1554 1653 1615 gladia-1·
1644 1554 1695 1580 0

153 1611 266 1661 torii,
289 1611 675 1666 similitudinesque
697 1626 774 1662 ραι,
809 1621 900 1652 tum
936 1612 1120 1651 nationes
1145 1612 1187 1651 in
1220 1625 1270 1650 ea
1292 1611 1529 1665 disputatio
1536 1614 1608 1652 z'ie
1613 1617 1633 1624 “

153 1683 178 1709 ιι
201 1678 242 1708 te
263 1668 470 1719 collectae,
493 1669 698 1709 xetabant
715 1683 783 1708 me
806 1668 1054 1723 reipubli(ae
1078 1668 1248 1723 penitus
1271 1667 1478 1708 diffidere.
1505 1667 1592 1708 Ita-

153 1739 237 1780 que
270 1725 450 1766 alterum
482 1725 623 1766 minus
658 1725 828 1776 mirum,
854 1725 1074 1765 fortiorem
1099 1734 1139 1764 te
1169 1738 1274 1774 esse,
1299 1738 1397 1765 cum
1430 1724 1591 1779 aliquid

152 1795 322 1846 speres:
355 1782 534 1822 alterum
556 1782 727 1833 mir,urn
750 1796 824 1838 spe
846 1782 931 1822 ulla
954 1781 1102 1822 teneri.
1151 1781 1269 1827 Quid
1288 1790 1352 1821 est
1372 1796 1437 1821 em
1445 1796 1485 1821 ιιι
1505 1797 1592 1822 non

150 1837 213 1879 ita
234 1837 452 1890 affectum,
477 1849 523 1879 ut
546 1839 588 1879 id
612 1854 697 1879 non
729 1839 914 1879 deletum
939 1839 1269 1892 extinctumque
1291 1852 1382 1878 esse
1406 1838 1593 1880 limene?

155 1894 452 1951 Circumspice
506 1896 653 1936 omnia
694 1897 886 1936 membra
927 1895 1190 1951 reipublicae,
1233 1910 1330 1950 quae
1370 1896 1594 1936 notissima

154 1961 255 1992 sunt.
286 1952 379 1993 tibi.
411 1951 575 1993 nullum
610 1953 791 2008 reperies
825 1952 1036 2008 profecte,
1059 1952 1173 2008 quod
1198 1967 1283 1993 non
1315 1952 1498 1992 fractum
1521 1953 1593 1993 de-

155 2008 427 2050 bilitatumve
449 2010 518 2051 sit.
550 2024 646 2065 quae
671 2024 957 2064 persequerer,
981 2009 1013 2049 si
1045 2018 1120 2049 aut
1142 2009 1292 2049 melius
1313 2023 1362 2050 ea
1391 2009 1593 2060 viderem,

154 2080 283 2120 quam
326 2076 371 2107 tu
413 2066 546 2118 vides,
587 2075 662 2107 aut
699 2081 1035 2107 commemorare
1077 2080 1244 2121 possem
1288 2067 1378 2106 sine
1420 2066 1592 2107 dolmc:

156 2136 415 2177 quamquam
431 2123 514 2164 tuis
528 2124 804 2164 monimentis
820 2124 1134 2179 praeceptisque
1149 2123 1288 2162 omnis
1303 2132 1367 2163 est
1385 2123 1594 2177 abjicien-

156 2179 235 2219 dus
257 2179 393 2220 dolor.
454 2179 569 2235 Engo
598 2191 641 2221 et
671 2181 908 2221 domestica
931 2180 1131 2230 feremus,
1159 2190 1206 2219 ut
1240 2194 1412 2221 censes·
1443 2190 1486 2220 et
1517 2195 1593 2235 pu-

157 2235 269 2276 blica
291 2235 432 2291 paullo
465 2237 596 2277 etiam
633 2237 786 2277 fortius
819 2237 1013 2285 fortasse,
1036 2251 1165 2291 quam
1189 2245 1233 2276 tu
1259 2237 1364 2292 ipse,
1387 2251 1432 2292 (ιι
1421 2237 1459 2276 ιί
1487 2252 1594 2292 prae-

155 2292 279 2348 cipis.
340 2291 401 2332 Te
422 2293 535 2333 enim
561 2309 688 2349 spes
677 2294 819 2348 aliqua
841 2294 1100 2358 consolatur,
1125 2303 1173 2333 ut
1203 2295 1381 2335 scribis:
1415 2309 1492 2334 nos
1520 2310 1594 2334 ιιιι-

157 2357 243 2389 tem
277 2349 434 2390 erimus
465 2350 595 2390 etiam
619 2351 715 2392 55ιιι
741 2351 935 2391 omnium
966 2352 1108 2406 despe:
1109 2350 1264 2391 atione
1300 2351 1447 2401 fortes,
1467 2360 1514 2391 ut
1549 2361 1593 2391 tu

140 2415 296 2463 ‘tamen
316 2406 429 2447 idem
452 2416 495 2448 et
519 2407 700 2448 hortaris
723 2417 765 2448 et
784 2408 998 2464 praecipis.
1061 2406 1152 2448 Das
1174 2409 1289 2448 enim
1313 2407 1419 2448 mihi
1435 2408 1596 2463 jucun-

199 2557 240 2585 54
260 2557 345 2595 quod
354 2561 390 2587 tu
406 2559 487 2588 mihi
498 2558 620 2597 videre]
648 2558 681 2588 ετό
696 2562 731 2588 tu
748 2559 853 2597 reqni-
895 2558 944 2588 dit
959 2558 1106 2589 Graevius
1121 2568 1180 2598 pro
1196 2559 1364 2596 omnibns3
1395 2567 1595 2597 quamquam
1643 2589 1645 2591 ι

159 2597 202 2627 rit
215 2600 430 2636 contrarium,
445 2610 542 2640 nem}
545 2611 562 2630 e
579 2610 649 2638 ego,
662 2607 698 2630 ut
715 2608 792 2630 ante
804 2607 854 2631 est
896 2600 958 2630 hoc
973 2607 1023 2631 est
1039 2600 1072 2630 in
1087 2606 1193 2636 textu,
1210 2610 1319 2630 errore
1334 2609 1518 2640 operarum.
1542 2600 1596 2629 Sic

146 2637 324 2678 juniorem
345 2650 397 2672 me
412 2646 505 2681 puto,
521 2652 619 2679 quam
644 2644 779 2680 teipsum
796 2644 854 2673 ὃς.
898 2643 964 2673 Ms.
981 2643 1044 2673 Gu.
1061 2648 1094 2672 et
1109 2642 1160 2673 ed.
1187 2642 1275 2672 Med.
1301 2642 1364 2672 Alii
1387 2641 1514 2672 edidere
1529 2651 1596 2671 om-

157 2685 192 2710 et
207 2687 280 2720 post
293 2691 390 2722 saepe.
406 2693 482 2714 nam
496 2684 575 2714 alias
587 2694 653 2714 nnn
668 2683 852 2715 addidisset.
897 2685 944 2721 mi,
968 2684 1053 2723 quod
1068 2691 1102 2714 et
1127 2690 1238 2714 noster
1261 2685 1325 2714 Ms.
1345 2684 1444 2714 habet
1467 2688 1501 2713 et
1522 2683 1594 2714 edd.

159 2720 244 2752 Puto
269 2723 422 2755 exeidiss«
449 2725 484 2755 in
506 2726 593 2756 fine:
630 2736 689 2765 ego
712 2729 854 2764 nullam,
897 2726 937 2757 R.
969 2728 1059 2760 1469.
1091 2729 1183 2760 1471.
1209 2736 1276 2756 non
1303 2725 1404 2763 male,
1433 2725 1489 2757 sed
1515 2725 1598 2756 illud

159 2767 218 2792 aut
233 2767 271 2794 tu
288 2764 1027 2800 de!en‹1·11n.melius.
1602 2784 1607 2790 ·

202 2807 242 2834 55
265 2806 302 2836 in
318 2809 461 2839 omnium
486 2808 586 2849 desp]
621 2810 674 2840 Sic
690 2815 778 2841 recte
791 2811 858 2842 edi-
