1865 3223
336 121 414 154 346
571 116 749 155 EPIST.
777 119 963 157 LIBER
988 120 1523 162 TERTIUSDECIMUS

336 227 485 275 postea
512 220 767 275 jucundum.
830 222 1064 265 Hominem
1092 224 1206 265 enim
1238 239 1403 267 summa
1428 226 1658 282 probitate,
1679 218 1759 265 hu-

335 278 556 329 manitate,
578 279 933 336 observantiaque
956 295 1205 336 cognosces.

269 371 324 472 J
846 393 1247 430 ARGUMENTUM.

337 454 488 490 Gratias
514 458 604 503 agit,
634 456 730 503 quod
754 466 820 489 sua
847 456 1151 491 commendatione
1169 455 1302 503 Lysoni
1321 458 1549 506 offensionem
1568 459 1760 500 remiserit,

733 515 882 552 eumque
899 507 1108 553 diligentius
1125 510 1358 545 commendat.

202 582 233 611 p.
251 573 322 603 214.
766 571 998 613 CICERO
1031 571 1256 615 SERVIO
1288 575 1332 615 S

291 626 477 681 a'CUM
508 647 633 680 antea
659 640 880 695 capiebam
904 653 956 680 ex
980 640 1125 681 officio
1158 654 1255 681 meo
1278 640 1555 697 voluptatem,
1588 645 1628 674 52
1641 641 1753 698 quod

331 696 622 747 memineram,
640 711 767 752 quam
792 697 870 738 tibi
895 697 1120 752 diligenter
1145 697 1373 752 Lysonem,
1396 698 1605 756 hospitem
1629 711 1672 740 et
1694 699 1755 739 fa-

330 752 536 793 miliarem
562 768 720 802 meum,
743 754 1132 804 commendassem3
1166 764 1253 795 tum
1280 769 1378 794 vero
1403 767 1677 811 posteaquam
1700 770 1752 796 ex

331 808 482 850 litteris
504 811 597 864 ejus
620 810 821 865 cognovi,
845 810 923 850 tibi
945 823 1040 850 eum
1066 810 1171 851 falso
1195 822 1438 866 suspectum
1464 811 1607 863 fuisse,
1630 813 1755 854 vehe-

329 867 593 907 mentissime
616 867 784 908 laetatus
808 881 917 917 sum,
940 882 1007 907 me
1031 877 1113 908 tam
1135 867 1383 924 diligentem
1405 869 1446 910 in
1469 882 1520 909 eo
1539 883 1756 910 commen-

329 922 470 963 danclo
496 922 640 964 fuisse.
680 923 747 964 Ita
769 925 879 964 enim
905 924 1074 979 scripsit
1097 924 1148 965 ad
1173 939 1253 975 me,
1277 924 1356 964 sibi
1382 939 1517 966 meam
1538 939 1755 966 commen-

328 979 547 1020 dationem
568 982 759 1022 maximo
781 980 1031 1036 adjumento
1051 980 1194 1031 fuisse,
1217 981 1329 1036 quod
1348 981 1397 1022 ad
1420 991 1461 1023 te
1482 981 1667 1022 delatum
1692 983 1756 1022 di-

329 1046 458 1087 ceret,
482 1051 571 1078 sese
591 1048 743 1079 contra
763 1037 1017 1093 dignitatem
1051 1047 1165 1081 tuam
1200 1038 1350 1079 Romae
1382 1039 1434 1080 de
1457 1049 1497 1079 te
1522 1039 1633 1094 loqui
1659 1039 1756 1079 soli-

330 1105 420 1134 tum
454 1109 558 1135 esse.
621 1094 688 1136 De
721 1109 821 1150 quo,
852 1095 930 1135 etsi
967 1109 1042 1150 pro
1075 1104 1147 1135 tua
1177 1094 1382 1136 facilitate
1413 1105 1456 1136 et
1490 1095 1756 1136 humanitate

329 1161 557 1206 purgatum
593 1166 636 1192 se
671 1152 747 1193 tibi
784 1152 933 1193 scribit
965 1166 1078 1194 esse:
1114 1162 1253 1193 tamen
1295 1152 1494 1208 primurn,
1527 1161 1574 1192 ut
1603 1153 1757 1203 debeo,

329 1208 408 1248 tibi
441 1208 597 1262 gratias
630 1223 729 1264 ago,
761 1223 858 1250 cum
891 1219 1056 1249 tantum
1088 1208 1241 1250 litterae
1276 1223 1382 1250 meae
1418 1219 1663 1265 potuerunt,
1694 1219 1755 1260 ut,

327 1263 393 1304 his
416 1264 551 1315 lectis,
584 1279 756 1306 omnem
784 1265 1065 1306 offensionem
1096 1266 1366 1321 suspicionis,
1396 1281 1523 1320 quam
1548 1266 1755 1307 habueras

327 1322 380 1362 de
406 1321 587 1376 Lysone,
610 1322 864 1378 deponeres:
888 1323 1040 1363 deinde
1061 1323 1207 1363 eredas
1231 1322 1334 1364 mihi
1358 1323 1586 1365 affirmanti
1613 1324 1755 1374 velim,

328 1392 395 1418 me
418 1378 500 1419 hoc
522 1393 606 1420 non
632 1394 707 1434 pro
734 1379 901 1434 Lysone
918 1381 1070 1434 magis,
1092 1394 1219 1435 quam
1242 1394 1317 1435 pro
1336 1380 1536 1421 omnibus
1556 1381 1755 1431 scribere,

326 1435 544 1475 hominem
571 1450 663 1476 esse
685 1437 913 1485 neminem,
943 1437 1015 1491 qui
1050 1451 1251 1491 umquam
1282 1438 1543 1478 mentionem
1578 1437 1638 1477 tui
1663 1438 1755 1478 sine

326 1502 402 1532 tua
431 1506 596 1532 sumina
626 1493 749 1533 laude
783 1492 945 1533 fecerit.
1010 1492 1120 1548 Lyso
1157 1507 1255 1533 vero
1287 1508 1385 1533 cum
1421 1507 1587 1533 mecum
1621 1509 1753 1550 prope

325 1549 520 1602 quotidie
541 1559 667 1598 esset,
689 1563 857 1604 unaque
884 1550 1057 1599 viveret,
1081 1564 1164 1590 non
1189 1549 1340 1600 solum,
1363 1550 1463 1604 quia
1485 1563 1552 1590 me
1574 1549 1754 1590 libenter

326 1608 365 1635 53
379 1606 525 1647 audire
563 1606 866 1656 arbitrabatur,
897 1606 968 1647 sed
1000 1606 1100 1661 quia
1130 1606 1332 1647 libentius
1365 1606 1454 1661 ipse
1485 1606 1752 1662 loquebatur,

324 1662 472 1703 omnia
492 1663 597 1704 mihi
622 1672 694 1703 tua
714 1672 756 1704 et
779 1663 892 1704 facta
913 1674 953 1704 et
976 1663 1091 1703 dicta
1109 1662 1324 1705 laudabat.
1377 1663 1653 1720 Quapropter
1674 1665 1753 1705 etsi

325 1734 351 1759 a
381 1730 422 1760 te
453 1721 513 1761 ita
539 1729 758 1771 tractatur,
791 1730 836 1760 ut
865 1721 957 1775 jam
992 1734 1075 1760 non
1099 1720 1311 1761 desideret
1334 1721 1752 1764 commendationem

324 1790 480 1827 meam,
514 1777 694 1831 unisque
726 1791 769 1816 se
801 1776 952 1818 litteris
986 1777 1089 1817 meis
1119 1778 1263 1818 omnia
1295 1786 1570 1818 consecutum
1605 1788 1750 1833 putet:

325 1843 466 1874 tamen
491 1849 515 1874 a
537 1844 578 1874 te
599 1844 700 1888 peto
732 1834 773 1874 in
809 1834 1012 1889 majorem
1048 1834 1238 1884 modum,
1270 1845 1318 1874 ut
1352 1848 1446 1874 eum
1471 1834 1597 1874 etiam
1623 1845 1751 1890 atque

323 1890 452 1930 etiam
477 1891 560 1931 tuis
591 1890 760 1941 officiis,
790 1890 1044 1933 liberalitate
1065 1890 1365 1946 complectare.
1426 1891 1662 1931 Scriberem
1696 1893 1746 1932 ad

322 1956 380 1996 te,
416 1947 552 2002 qualis
585 1948 646 1987 vir
682 1956 807 1998 esset,
845 1958 893 1988 ut
931 1947 1219 2003 superioribus
1251 1947 1403 1988 litteris
1436 1946 1634 1998 feceram,
1668 1949 1749 1993 nisi

321 2017 417 2045 eum
435 2004 529 2062 jain
553 2018 627 2060 per
649 2005 835 2064 seipsum
858 2004 935 2049 tibi
961 2005 1060 2047 satis
1082 2018 1172 2046 esse
1194 2014 1344 2047 notum
1367 2005 1608 2047 arbitrarer.

254 2118 307 2154 25
834 2105 1236 2144 ARGUMENTUM.

559 2169 818 2216 Hegesaretum
838 2169 1001 2210 breviter,
1018 2170 1080 2204 sed
1098 2173 1266 2204 accurate
1283 2171 1517 2208 commendat.

280 2243 300 2274 b
752 2235 985 2277 CICERO
1018 2235 1244 2277 SERVIO
1277 2237 1321 2278 S.

325 2289 783 2344 HEGESARETUS
808 2303 1053 2353 Larissams,
1076 2304 1243 2359 magnis
1266 2304 1370 2345 meis
1387 2305 1606 2348 beneficiis
1627 2321 1749 2348 ornn-

322 2370 391 2400 tus
414 2359 454 2400 in
476 2361 700 2400 consulatu
724 2374 835 2411 meo,
864 2375 1026 2400 mernor
1055 2371 1097 2401 et.
1126 2371 1271 2416 gratus
1292 2361 1388 2412 fuit,
1418 2376 1568 2416 meque
1604 2376 1749 2418 postea

320 2416 646 2470 diligentissime
679 2416 826 2457 coluit.
888 2416 995 2458 Eum
1028 2418 1104 2457 tibi
1130 2432 1389 2473 magnopere
1410 2421 1679 2471 commendo,
1704 2433 1749 2461 ut

321 2484 365 2513 et
398 2472 610 2527 hospitem
645 2487 784 2513 mcum
816 2483 857 2513 et
893 2474 1160 2523 l'ainiliarem,
1190 2486 1232 2516 et
1257 2486 1424 2530 gratum
1450 2475 1680 2525 hominem,
1704 2489 1747 2518 et

324 2532 459 2570 virum
485 2531 659 2580 bonum,
688 2539 730 2569 et
752 2529 986 2586 principem
1023 2531 1209 2572 civitatis
1232 2547 1334 2579 sues,
1356 2542 1398 2572 et
1423 2541 1494 2573 tua
1518 2536 1745 2575 necessitu-

320 2587 421 2628 dine
442 2586 756 2642 dignissimum.
809 2586 1062 2642 Pergratum
1086 2588 1189 2629 mihi
1215 2588 1379 2638 feceris,
1403 2588 1433 2628 si
1458 2590 1621 2631 dederis
1645 2606 1747 2647 ope-

364 2712 403 2741 52
425 2711 508 2751 quod
531 2710 758 2750 memineram]
784 2710 835 2740 Sic
859 2709 1006 2741 latinitas
1049 2710 1164 2741 deinde
1187 2715 1219 2741 fet
1244 2712 1276 2741 in
1300 2711 1396 2742 Rom.
1414 2712 1550 2753 denique
1574 2714 1606 2744 in
1630 2715 1692 2746 Gu.
1716 2719 1745 2747 Ἰ.

320 2752 466 2792 postulat
484 2753 591 2788 scribi,
607 2762 672 2783 non
690 2753 904 2788 meminerim,
921 2752 1006 2791 quod
1051 2755 1080 2783 Ξ.

320 2799 370 2824 est
386 2795 418 2824 in
434 2795 591 2834 vulgati&
615 2801 649 2825 et
663 2796 709 2826 sie
724 2794 845 2824 dudum
861 2804 1007 2828 correxc-
1095 2797 1132 2825 53
1146 2796 1262 2826 audire
1272 2797 1452 2838 arbff-ipse
1465 2799 1668 2839 loquebatur]
1683 2801 1744 2832 int.

321 2847 403 2874 ram,
428 2846 502 2867 eum
522 2837 607 2870 idem
629 2837 732 2878 reperi
751 2837 785 2867 in
800 2836 849 2868 ed.
874 2836 1009 2868 Mediol.
1056 2837 1166 2868 laudes
1184 2842 1270 2870 tuas.
