1860 3228
377 77 458 116 AD
482 73 861 116 TORQUATUM
886 75 960 112 ET
986 73 1270 114 CETEROS.
1482 84 1551 117 141

507 174 575 219 M.
593 177 645 219 C.
675 175 1012 228 TREBIANO,
1044 178 1088 218 S.
1110 177 1168 219 D.
1568 186 1597 216 b.

132 234 567 291 DOLABELLAM
602 254 727 286 antea
760 245 1059 287 tantummodo
1095 245 1359 301 diligebam:
1391 246 1557 304 obliga..

131 313 198 346 tus
220 306 257 347 ei
292 304 399 346 nihil
431 317 560 346 eram.
583 317 661 344 nec
693 303 807 343 enirn
841 302 1054 344 acciderat
1087 302 1192 343 mihi
1227 317 1334 358 opus
1368 317 1483 344 esse:
1515 314 1558 345 et

128 360 198 403 ille
218 362 321 403 mihi
343 361 540 410 debebat,
562 359 695 423 quod
701 374 786 401 non
806 359 1020 401 defueram
1042 359 1134 414 ejus
1154 360 1366 415 periculis.
1429 360 1559 403 Nunc

130 425 251 460 tanto
282 431 374 461 sum
404 417 628 458 devinctus
658 415 751 471 ejus
783 416 1008 468 beneficio,
1030 419 1069 447 53
1082 417 1196 471 quod
1219 425 1261 457 et
1283 426 1408 457 antea
1434 417 1475 458 in
1497 432 1556 469 re,

127 483 172 515 et
208 475 291 517 hoc
326 484 518 529 tempore
552 474 593 514 in
634 474 768 514 salute
809 484 882 514 tua
919 472 1256 514 cumulatissime
1290 473 1397 514 mihi
1435 475 1558 515 satis-

129 530 246 583 fecit,
269 540 316 572 ut
345 531 505 571 nemini
537 529 630 586 plus
661 531 855 572 debeam.
917 530 1016 577 Qua
1049 530 1089 570 in
1118 544 1161 571 re
1184 531 1263 572 tibi
1286 530 1477 587 gratulor
1499 532 1560 572 ita

129 588 414 637 vehementer,
450 596 498 628 ut
537 598 578 628 te
617 601 806 651 quoque
825 587 931 628 mihi
974 587 1192 643 gratulaii,
1231 602 1360 642 quam
1399 587 1558 644 gratias

128 658 254 700 agere
286 644 447 686 malim.
479 644 660 685 alterum
693 644 869 685 omnino
902 658 987 684 non
1021 644 1230 695 desidero,
1259 620 1439 685 alterum
1464 660 1560 686 vere

129 678 270 742 facere
300 701 474 757 poteris.
536 701 666 748 Quod
700 701 909 756 reliquum
942 710 1021 752 est,
1043 701 1216 756 quando
1248 701 1329 742 tibi
1353 702 1486 743 virtus
1516 712 1560 743 et

127 756 316 813 dignitas
352 768 426 800 tua
459 758 643 799 reditum
675 759 729 800 ad
762 768 858 799 tuos
896 759 1090 823 aperuit:
1122 768 1187 799 est
1226 766 1311 800 tuae
1334 759 1559 815 sapientias

125 816 523 871 magnitudinisque
553 815 700 866 animi,
731 816 833 871 quid
865 817 1070 866 amiseris,
1101 815 1329 867 oblivisci3
1360 816 1464 871 quid
1495 830 1560 857 re-

127 874 359 927 cuperariS,
381 874 588 929 cogitare,
647 872 778 913 Vives
809 887 906 914 cum
939 873 1040 938 tuis,
1062 872 1178 913 vives
1201 873 1442 915 nobiscum.
1464 873 1559 937 plus

128 929 348 984 acquisisti
372 929 611 993 dignitati5‚
632 944 794 984 quam
782 930 961 971 amisisti
983 930 1043 970 rei
1067 928 1315 972 familiaris:
1348 945 1444 985 quae
1467 931 1561 986 ipsa

128 994 220 1026 tum
243 996 353 1027 esset
368 986 619 1042 jucundior,
642 987 675 1026 si
700 987 783 1028 ulla
804 1001 867 1028 res
890 996 1000 1028 esset
1023 987 1208 1043 publica.
1269 989 1309 1018 ³4
1321 987 1560 1038 Vestorius,

127 1051 273 1083 noster
302 1043 538 1094 familiaris,
561 1044 614 1084 ad
645 1058 713 1084 me
745 1045 928 1100 scripsit,
952 1053 992 1085 tc
1024 1043 1129 1085 mihi
1159 1043 1369 1085 maximas
1400 1044 1560 1100 gratias

128 1113 269 1154 agere.
331 1099 443 1141 Haec
468 1101 718 1156 pia-dicatio
742 1110 814 1142 tua
845 1101 949 1142 mihi
976 1101 1096 1142 valde
1120 1111 1242 1157 grata
1262 1110 1340 1152 est,
1362 1115 1496 1156 eaque
1520 1111 1561 1142 te

129 1157 192 1196 uti
215 1155 340 1198 facile
363 1157 517 1213 patior,
538 1171 635 1198 eum
667 1158 780 1214 apud
812 1156 930 1208 alios,
953 1167 1044 1198 tum
1073 1158 1314 1199 mehercule
1344 1159 1458 1214 apud
1481 1158 1562 1214 Sy-

131 1226 292 1276 ronem,
315 1223 508 1255 nostrum
539 1214 739 1255 amicum.
801 1214 913 1260 Quae
940 1214 1055 1255 enim
1088 1213 1284 1266 facimus,
1305 1229 1356 1255 ea
1378 1215 1562 1279 pruden-

130 1269 294 1310 tissimo
331 1271 487 1325 cuique
518 1271 708 1312 maxime
743 1271 924 1327 probata
955 1285 1046 1312 esse
1069 1271 1278 1313 volumus
1337 1270 1400 1312 Te
1432 1272 1561 1327 cupio

130 1326 271 1367 videre
292 1341 419 1382 quam
443 1327 644 1383 primum.

642 1416 1047 1455 ARGUMENTUM.
1582 1421 1630 1457 12

131 1483 352 1519 Gratulatur
379 1484 423 1519 de
448 1482 568 1518 reditu
593 1493 658 1529 per
688 1481 838 1516 Caesaris
865 1482 997 1517 amicos
1024 1483 1232 1529 impetrato,
1252 1482 1403 1530 ideoque
1429 1495 1564 1520 cessare

182 1535 474 1576 consolationem,
493 1546 533 1570 ‘re
552 1532 725 1582 confecta.
780 1533 868 1568 Esse
891 1537 1009 1568 tamen
1029 1534 1083 1568 vel
1100 1535 1268 1570 restituto
1287 1535 1431 1582 aliquid
1436 1535 1564 1584 feren-

181 1588 277 1626 dum,
298 1587 501 1635 reipublicae
519 1586 778 1627 calamitatem,
798 1587 836 1620 in
855 1597 926 1632 qua
953 1585 1094 1622 nullum
1110 1586 1281 1622 solatium
1306 1590 1476 1635 supersit,
1495 1591 1566 1625 nisi

182 1640 279 1686 quod
295 1651 337 1675 ex
355 1639 562 1675 litterarum
578 1639 708 1673 studiis
726 1639 905 1685 capiatur.

539 1703 607 1745 M.
626 1703 677 1744 T.
698 1703 749 1744 C.
780 1701 1004 1755 AMPIO,
1037 1703 1081 1745 3.
1104 1704 1160 1745 D.

120 1760 485 1814 GRATULOR
516 1772 612 1823 tibi,
642 1772 702 1812 mi
734 1771 884 1822 Balbe,
911 1785 1094 1826 vereque
1124 1771 1329 1828 gratulor.
1361 1787 1440 1814 nec
1471 1787 1565 1814 sum

132 1838 220 1870 tam
256 1829 426 1881 stultus,
463 1838 510 1870 ut
546 1839 588 1870 te
623 1843 750 1869 usura
782 1828 875 1869 falsi
915 1829 1061 1884 giudii
1100 1804 1183 1869 f1ui
1222 1829 1380 1882 velim;
1410 1830 1565 1872 deinde

131 1886 273 1943 frangi
311 1895 501 1951 repente,
530 1895 659 1941 atque
694 1886 756 1926 ita
793 1886 958 1935 cadere,
997 1894 1046 1926 ut
1084 1886 1199 1927 nulla
1236 1901 1300 1928 res
1338 1887 1391 1928 ad
1430 1888 1564 1942 aequi-

131 1952 263 1985 tatem
287 1952 328 1984 te
362 1943 493 1984 animi
526 1942 664 1999 possit
689 1952 839 1999 postea
861 1941 1080 1984 extollere.
1142 1942 1225 1999 Egi
1249 1953 1365 1985 tuam
1389 1958 1562 1986 causam

129 2000 343 2064 apertius,
365 2015 491 2056 quarn
524 2014 620 2041 mea
654 2008 850 2055 tempora
879 1998 1088 2041 ferebant.
1149 2000 1416 2042 Vincebatur
1446 2002 1562 2043 enim

129 2057 303 2100 fortuna
333 2057 427 2113 ipsa
455 2057 691 2099 debilitatae
722 2057 874 2113 gratiae
904 2065 1063 2099 nostrae
1087 2057 1149 2097 tui
1180 2058 1374 2110 caritate,
1400 2067 1444 2099 et
1467 2072 1606 2109 meop.
1620 2070 1671 2104 89.

129 2122 337 2178 perpetuo
359 2128 462 2171 erga
486 2123 527 2155 te
547 2128 706 2165 amore,
735 2113 852 2155 culto
879 2128 904 2154 a
933 2123 975 2154 te
1000 2114 1342 2170 diligentissime.
1403 2115 1594 2157 Omniaa

128 2185 354 2228 promissa,
374 2148 642 2222 confirmata,
664 2180 782 2213 certa
801 2180 845 2211 et
866 2180 957 2211 rata
980 2180 1091 2222 sunt,
1113 2186 1211 2226 quae
1233 2172 1287 2213 ad
1307 2172 1493 2214 reditum
1519 2182 1564 2214 et

131 2228 182 2269 ad
207 2227 385 2268 salutem
414 2237 531 2269 tuam
563 2228 793 2284 peitinent.
852 2227 969 2278 Vidi,
999 2229 1202 2284 cognovi,
1232 2229 1425 2271 interfui.
1486 2229 1565 2271 Et-

130 2285 247 2326 enim
268 2299 416 2326 omnes
439 2283 622 2326 Caesaris
655 2284 884 2326 familiares
918 2284 1019 2325 satis
1050 2295 1293 2349 oppottune
1319 2285 1493 2328 habeo
1482 2301 1563 2328 lm-

130 2342 312 2398 plicatos
334 2341 645 2383 consuetudine
672 2350 717 2382 et
738 2341 1042 2407 benivolentia,
1071 2357 1146 2393 Sic,
1181 2352 1241 2394 ut,
1273 2358 1374 2384 eum
1404 2344 1459 2385 ab
1489 2344 1562 2385 illo

129 2399 415 2451 discesserint,
446 2413 516 2440 me
546 2398 734 2440 habeant
763 2400 1025 2454 proximum.
1085 2402 1124 2431 55
1143 2398 1244 2442 Hoc
1269 2400 1425 2453 Pansa,
1457 2400 1562 2442 Hir-

170 2536 210 2564 53
231 2533 317 2573 qnod
327 2537 360 2564 et
373 2537 471 2564 antea
492 2533 528 2563 in
548 2531 598 2572 re]
623 2532 645 2563 i.
659 2543 688 2564 e.
705 2532 741 2563 in
757 2533 824 2564 for·
865 2542 939 2563 meo
953 2537 987 2565 et
1002 2531 1073 2564 edd.
1089 2532 1153 2574 pr.)
1169 2533 1254 2565 edidi
1276 2543 1350 2565 cum
1374 2533 1514 2564 Graevio.
1528 2543 1560 2565 v.

128 2577 218 2606 tunis
231 2575 396 2608 Trebiano
411 2574 639 2606 conservandis
660 2575 768 2615 gratia
788 2581 823 2606 et
866 2574 955 2606 Clav.
1001 2576 1176 2606 Consentit
1189 2576 1255 2607 Ms.
1274 2576 1337 2606 Gu.

129 2617 356 2657 deprecatione
369 2617 455 2658 apud
470 2618 651 2649 Caesarem:
667 2618 704 2648 in
716 2619 823 2648 salute
907 2620 947 2648 55
971 2617 1044 2648 Hoc
1066 2617 1183 2649 Pansa
1205 2618 1280 2657 &c.]
1305 2616 1378 2648 Hoc
1400 2616 1481 2648 mihi
1496 2625 1564 2648 non

131 2663 203 2696 tua,
218 2660 423 2691 revocatione
438 2660 478 2689 ab
490 2658 600 2691 exilio.
865 2658 984 2700 placet.
1028 2660 1114 2690 Puto
1138 2660 1326 2691 delendum.
1369 2659 1448 2690 Non
1472 2659 1563 2690 enim

172 2703 213 2732 54
243 2700 417 2741 Vestorius]
455 2703 508 2732 Sic
540 2711 600 2741 pro
635 2700 823 2738 Nestorius,
865 2701 1036 2732 commode
1056 2702 1096 2733 ad
1111 2701 1328 2743 praecedentia
1349 2701 1490 2734 refertur
1508 2706 1563 2733 to-

134 2742 234 2781 (quod
257 2753 277 2773 a
298 2744 470 2774 Gebhardo
489 2748 602 2774 ortum
625 2750 688 2780 est,
709 2749 823 2782 estque
864 2746 940 2775 tum
952 2743 1026 2775 hoc.
1049 2745 1148 2776 estin
1164 2744 1226 2774 hoe
1239 2743 1404 2784 exergasia
1416 2744 1563 2785 superio—

130 2783 164 2814 'm
186 2783 275 2816 libris
297 2786 511 2825 quibusdain3
534 2785 625 2819 velut
645 2790 679 2817 et
702 2786 736 2817 in
757 2785 822 2817 Ms.
865 2785 920 2817 ris.
