1865 3223
355 95 430 130 416
587 90 767 130 EPIST.
795 90 982 129 LIBER
1008 92 1519 136 SEXTUSDECIMUS

716 194 784 237 Μ.
807 195 857 237 Τ.
882 196 934 237 C.
965 195 1186 239 TIRONI
1221 199 1265 240 S.
1291 199 1339 242 P.
1368 199 1425 241 D.

352 250 690 305 SEPTIMUM
730 264 821 319 jam
865 264 976 304 diem
1023 264 1224 320 Corcyra}
1272 268 1546 321 tenebamur3
1597 271 1786 317 Quintus

351 330 494 360 autem
539 332 656 375 pater
698 331 741 361 ct
783 321 893 361 filius
934 321 1151 362 Buthroti.
1212 324 1392 364 Solliciti
1431 340 1595 367 eramus
1629 328 1680 368 de
1715 337 1786 369 tua

351 377 585 418 valitudine
618 378 771 418 mirum
809 378 849 417 in
883 378 1083 419 modum:
1126 392 1202 419 uec
1235 382 1508 433 mirabamur,
1547 383 1652 424 nihil
1685 400 1709 424 a
1743 395 1785 426 te

350 432 602 475 litterarum.
666 434 722 474 lis
752 433 862 474 euim
889 434 1027 474 ventis
1062 435 1187 475 istinc
1215 438 1455 493 navigatur,
1478 439 1549 494 qui
1574 441 1607 480 si
1629 453 1785 492 essent,

349 504 426 532 nos
449 491 649 546 Corcyrae
675 505 758 530 non
783 490 1036 531 sederemus.
1098 491 1213 532 Cura
1243 493 1375 549 igitur
1407 506 1461 546 te,
1484 506 1526 536 et
1550 498 1780 539 confirma:

347 557 406 599 et,
428 563 526 589 cum
558 547 799 597 commode,
821 556 863 587 et
896 562 969 602 per
991 546 1284 600 valitudinem,
1306 560 1348 592 et
1380 567 1453 607 per
1484 553 1584 593 anui
1614 564 1782 610 tempus

347 607 552 660 navigare
588 604 761 659 poteris,
797 604 847 644 ad
881 619 972 655 nOS,
1007 606 1322 647 amantissimos
1357 610 1433 658 tui,
1468 610 1578 650 veni.
1642 611 1781 652 Nemo

346 676 425 702 nos
448 669 576 710 amat,
596 661 667 714 qui
694 670 734 701 te
758 675 841 702 non
865 661 1034 716 diligat.
1055 676 1175 702 carus
1199 665 1398 705 omuibus
1420 676 1780 723 exspectatusque

348 717 506 759 venies.
568 717 696 767 Cura,
731 729 776 758 ut
812 717 948 758 valeas
983 718 1110 759 etiam
1146 729 1273 774 atque
1306 721 1451 773 etiam,
1486 722 1587 764 Tiro
1623 734 1777 765 noster.

349 774 468 815 Vale.
530 789 592 815 xv
621 774 800 815 Kalend.
828 774 1062 816 Novembr.
1105 775 1309 832 Corcyra.

310 866 335 903 8
866 866 1012 903 ARGU
1018 866 1059 903 M
1064 866 1256 903 ENTUM
1261 897 1266 903 .

424 928 466 969 Q.
488 929 621 969 Cicero,
641 933 779 976 quanta
795 929 861 964 sibi
887 930 1027 966 Tironis
1046 931 1213 966 valetudo
1233 931 1292 973 sit,
1313 932 1569 966 amantissimis
1588 933 1700 969 verbis

979 984 1146 1019 ostendit.

828 1050 883 1096 Q.
909 1050 960 1091 C.
991 1050 1213 1092 TIRONI
1247 1052 1291 1092 S.

346 1104 608 1157 MAGNAE
639 1116 764 1156 nobis
795 1127 858 1156 est
890 1117 1166 1159 sollicitudini
1193 1118 1380 1159 valitudo
1413 1128 1499 1158 tua.
1532 1133 1644 1169 nam,
1670 1129 1777 1160 tam·

343 1173 422 1213 etsi
456 1174 528 1228 qui
560 1173 750 1223 veniunt,
772 1176 926 1213 ἀκίνδυνοι
951 1177 1018 1225 μὲν,
1037 1178 1230 1229 χςονιώτεςκ
1258 1177 1289 1214 δὲ
1320 1176 1534 1226 nuntiant,
1559 1186 1699 1216 tamen
1735 1178 1773 1217 iu

342 1244 502 1285 magna
536 1230 829 1271 consolatione
866 1230 1016 1285 ingens
1051 1231 1159 1271 inest
1193 1231 1450 1280 sollicitudo,
1487 1233 1519 1272 si
1556 1233 1716 1273 diutius
1753 1250 1778 1274 a

343 1287 468 1327 nobis
491 1286 685 1327 afuturus
708 1297 771 1328 est
794 1287 842 1336 is,
865 1287 987 1341 cujus
1021 1302 1142 1328 usum
1174 1298 1217 1328 et
1249 1290 1502 1329 suavitatem
1535 1289 1777 1330 desideran-

342 1344 398 1384 do
432 1345 652 1384 sentimus.
715 1343 914 1384 Attamen
947 1359 1204 1399 quamquam
1231 1345 1372 1385 videre
1411 1355 1452 1386 te
1487 1356 1578 1387 tota
1610 1347 1776 1401 cogitu-

343 1401 460 1441 tione
482 1401 625 1456 cupio,
650 1413 790 1441 tamen
824 1410 864 1440 te
896 1401 1065 1455 penitus
1098 1416 1217 1455 rogo,
1243 1416 1293 1441 nc
1317 1413 1357 1441 te
1381 1412 1465 1442 tam
1492 1403 1633 1458 longa·
1658 1404 1776 1443 navi-

342 1458 507 1513 gationi
530 1468 573 1498 ct
596 1458 675 1498 viae
708 1473 780 1511 per
814 1457 1012 1506 hiemem,
1037 1458 1115 1497 nisi
1153 1458 1258 1498 bcue
1293 1458 1476 1508 firmum,
1499 1460 1744 1500 committas
1765 1478 1772 1501 :

342 1529 448 1555 neve
471 1514 660 1570 naviges,
685 1514 764 1554 nisi
792 1513 1073 1569 ¹0explorate.
1135 1514 1219 1555 Vix
1245 1515 1287 1554 in
1314 1515 1415 1569 ipsis
1441 1516 1563 1556 tectis
1586 1526 1628 1556 et
1650 1518 1774 1572 oppi—

340 1571 404 1611 dis
436 1571 570 1627 frigus
605 1571 772 1611 infirma
795 1570 1028 1611 valitudine
1052 1571 1234 1612 vitatur:
1268 1572 1424 1612 nedum
1448 1572 1490 1612 in
1513 1572 1617 1613 mari
1642 1584 1683 1614 et
1708 1574 1775 1613 via

341 1628 396 1669 sit
418 1628 541 1670 facile
564 1629 710 1669 abesse
733 1628 787 1668 ab
812 1627 969 1682 injuria
992 1628 1211 1684 temporis.

594 1700 706 1750 ψύχος
726 1699 758 1737 δὲ
782 1704 811 1732 ll
828 1701 940 1750 λεπτᾷἱ
958 1703 1065 1753 xeo-irc*
1085 1700 1345 1749 πολεμιώτατον,

339 1765 477 1820 inquit
520 1763 760 1819 Euripides
824 1762 905 1803 Cui
948 1772 992 1803 tu
1037 1773 1244 1817 quantum
1287 1764 1447 1815 credas,
1491 1765 1649 1806 nescio.
1689 1780 1770 1821 ego

337 1832 451 1863 certe
487 1822 676 1876 singulos
711 1820 804 1875 ejus
835 1834 993 1869 versus,
1025 1821 1192 1875 singula
1231 1821 1321 1875 ejus
1367 1822 1610 1862 testimonia
1652 1835 1770 1878 puto.

339 1879 488 1929 Effice,
511 1879 542 1919 si
570 1892 635 1918 me
656 1877 814 1933 diligis,
840 1887 885 1917 ut
909 1877 1060 1927 valeas,
1085 1887 1127 1916 ct
1148 1887 1193 1917 ut
1215 1879 1265 1917 ad
1291 1892 1366 1918 nos
1391 1878 1535 1918 firmus
1558 1894 1607 1919 ac
1629 1879 1769 1919 valens

336 1951 461 1991 quam
493 1935 677 1991 primum
700 1934 859 1975 venias.
919 1933 1031 1974 Ama
1055 1948 1146 1985 nos',
1166 1943 1208 1974 et
1232 1934 1337 1975 vale.
1400 1935 1456 1980 Q.
1479 1935 1524 1975 1².
1551 1936 1627 1976 tibi
1661 1935 1769 1977 salu—

337 2004 422 2034 tem
446 1993 566 2034 dicit.

297 2070 325 2109 9
850 2063 1251 2100 ARGUMENTUM.

437 2128 695 2176 Navigationis
713 2128 919 2176 descriptio,
938 2132 970 2163 et
990 2129 1038 2163 acl
1056 2129 1251 2164 curandam
1270 2128 1510 2163 valetudinem
1525 2128 1667 2176 plenior

945 2180 1161 2216 cohortatio.

542 2246 609 2288 M.
631 2246 682 2288 T.
716 2245 789 2287 ET
822 2246 873 2288 C.
908 2246 981 2287 ET
1015 2246 1071 2292 Q.
1102 2245 1325 2287 TIRONI
1359 2245 1403 2286 S.
1427 2244 1476 2286 P.
1502 2245 1560 2287 D.

336 2304 473 2357 NOS
499 2330 523 2355 a
556 2326 612 2366 te,
633 2325 681 2356 ut
715 2315 809 2366 scis,
834 2314 1104 2356 discessimus
1137 2330 1174 2354 a.
1209 2314 1251 2354 d.
1282 2328 1346 2354 lv.
1376 2313 1491 2354 Non.
1528 2313 1763 2356 Novembr.

337 2372 574 2414 Leucadem
608 2373 798 2412 venimus
835 2388 872 2413 a.
903 2373 944 2413 d.
974 2386 1084 2412 vul.
1118 2371 1218 2412 Idus
1255 2371 1490 2411 Novembr.
1519 2386 1557 2412 a.
1587 2372 1628 2412 d.
1661 2371 1763 2412 VII.

333 2429 526 2471 Actium.
550 2429 609 2469 ibi
647 2439 820 2484 propter
853 2439 1148 2485 tempestatem
1180 2443 1218 2468 a.
1241 2428 1281 2468 d.
1309 2441 1354 2467 vi
1384 2427 1483 2468 Idus
1517 2429 1665 2468 :norati
1697 2443 1764 2468 su-

334 2502 445 2528 mus.
489 2485 596 2528 Inde
617 2501 655 2527 a.
678 2487 720 2527 d.
743 2487 940 2540 quintum
966 2487 1057 2526 idus
1082 2486 1314 2541 Corcyram
1342 2485 1567 2525 bellissime
1589 2486 1766 2540 naviga-

335 2545 490 2586 vimus.
530 2542 733 2599 Corcyra:
759 2543 915 2584 fuimus
939 2558 1072 2598 usque
1094 2559 1131 2583 a.
1156 2543 1196 2582 (l.
1219 2556 1303 2582 xm
1328 2540 1508 2581 Kalend.
1539 2541 1763 2583 Decembr.

289 2609 322 2641 b.
337 2600 662 2658 tempestatibus
684 2601 853 2641 retenti.
902 2600 956 2641 A.
979 2601 1020 2641 cl.
1045 2614 1107 2641 xv
1134 2599 1315 2641 Kalend.
1340 2597 1570 2639 Decembr.
1592 2614 1616 2639 a
1638 2609 1763 2654 portu

375 2782 414 2810 10
435 2778 616 2819 explorate]
635 2789 664 2809 v.
680 2779 720 2810 ad
736 2779 780 2817 X,
798 2781 828 2810 8.
1069 2776 1165 2807 malit
1197 2775 1405 2818 λιπτὸχςωτιε
1443 2776 1653 2807 consentiunt
1689 2775 1764 2807 edd.

376 2823 410 2853 11
434 2823 538 2863 λεπτῷ
551 2823 661 2864 χρωτὶ]
684 2822 830 2853 Graevius
844 2831 861 2853 e
876 2820 938 2851 Ms.
957 2819 1024 2851 Pal.
1069 2819 1163 2850 Rom.
1179 2819 1260 2850 Vm.
1283 2822 1369 2851 ΗΠ.
