1860 3228
265 91 339 126 180
636 88 817 127 EPIST.
845 87 1026 126 LIBER
1053 84 1325 126 OCTAVUS

214 208 250 238 b·
754 202 836 256 M.
888 194 1200 255 ¹COELII

285 298 1620 383 ‘EPISTULARUM

954 447 1006 470 AD

456 537 526 584 M.
577 532 942 582 TULLIUM
991 531 1466 579 CICERONEM

685 638 903 682 LIBER
937 636 1276 679 OCTAVUS.

222 839 239 873 1
763 829 1169 868 ARGUMENTUM.

257 898 562 937 Commentarium
581 896 697 931 mittit
715 906 834 930 rerum
853 894 1085 934 urbanarum,
1113 896 1149 928 et
1166 897 1310 928 excusat
1333 905 1371 928 se
1388 895 1484 941 quod
1501 896 1610 933 alteri
1627 909 1688 934 ne.

304 952 443 999 gotium
462 950 564 986 illius
582 948 777 995 colligendi
796 947 945 982 dederit.
1000 945 1132 986 Addit,
1162 945 1205 980 de
1232 946 1387 981 comitiis
1411 946 1687 996 Transpadano-

304 1015 386 1039 rum
404 1014 476 1038 esse
493 1011 684 1041 rumorem,
714 999 757 1034 de
781 999 999 1033 successione
1023 1001 1145 1032 autem
1169 997 1375 1032 Galliarum
1394 998 1487 1034 nihil
1503 1001 1658 1036 relatum
1672 1017 1686 1038 .-

306 1056 349 1091 de
368 1054 542 1103 Pompeio
561 1063 689 1100 cupere
701 1062 738 1086 se
753 1050 895 1097 aliquid
913 1060 1140 1096 cognoscere:
1161 1049 1205 1084 de
1220 1049 1358 1085 Coesare
1371 1053 1475 1086 varia
1491 1052 1662 1099 dissipari
1669 1067 1683 1094 ;

305 1107 452 1154 aliaque
479 1104 666 1141 nonnulla.
722 1102 820 1138 Huic
847 1101 1008 1149 epistolae
1033 1101 1218 1148 respondit
1246 1112 1299 1140 ea,
1330 1113 1408 1150 quae
1435 1103 1526 1139 libro
1554 1105 1607 1141 11,
1634 1109 1687 1141 ρει

306 1163 446 1195 octava.

505 1207 572 1249 M.
607 1204 849 1248 COELIUS
883 1205 949 1246 M.
974 1203 1280 1245 CICERONI
1314 1203 1356 1245 S.
1383 1203 1439 1246 D.

256 1266 458 1343 QUOD
482 1282 502 1312 2
518 1280 593 1321 tibi
615 1278 838 1320 decedenti
860 1277 1075 1333 pollicitus
1095 1291 1204 1327 sum,
1225 1291 1291 1316 me
1310 1291 1457 1317 omnes
1478 1292 1541 1318 res
1561 1279 1686 1320 urba-

252 1355 328 1382 nas
360 1337 689 1395 diligentissime
720 1335 799 1376 tibi
834 1333 1197 1390 perscripturum:
1231 1333 1331 1373 data
1362 1329 1492 1389 operia
1525 1337 1685 1390 paravi,

252 1398 326 1453 qui
349 1397 409 1436 sic
440 1394 586 1436 omnia
622 1401 960 1449 persequeretur,
985 1401 1030 1430 ut
1054 1404 1212 1440 verear,
1237 1405 1288 1430 ne
1313 1391 1391 1431 tibi
1417 1391 1597 1432 nimium
1620 1407 1687 1433 ar-

253 1464 359 1511 guta
377 1453 471 1493 haec
492 1450 695 1492 sedulitas
717 1449 924 1489 videatur.
966 1446 1153 1488 Tametsi
1176 1456 1237 1496 tu,
1261 1448 1365 1496 scio,
1387 1463 1513 1502 quam
1538 1450 1593 1489 sis
1613 1464 1687 1490 cu-

252 1512 405 1560 rioms,
435 1519 478 1549 et
500 1521 629 1563 quam
653 1507 854 1547 omnibus
879 1504 1252 1560 peregrinantibus
1274 1513 1444 1558 gratum
1468 1505 1537 1555 sit,
1561 1506 1687 1546 mini-

253 1580 419 1608 marum
443 1578 615 1619 quoque
638 1577 793 1613 rerum,
826 1576 924 1617 quae
946 1561 1062 1602 domi
1087 1570 1305 1616 gerantur,
1336 1560 1424 1600 fieri
1458 1562 1686 1614 certiores;

253 1634 397 1665 tamen
421 1625 439 1653 3
454 1623 498 1663 in
520 1621 604 1661 hoc
629 1629 669 1660 te
691 1620 911 1675 deprecor,
935 1632 987 1659 ne
1009 1631 1149 1658 meum
1175 1617 1257 1658 hoc
1273 1617 1463 1658 officium
1482 1632 1687 1675 arrogan-

254 1682 328 1722 tiae
360 1679 634 1726 condemnes,
671 1676 787 1731 quod
820 1676 935 1716 hunc
968 1675 1157 1715 laborem
1188 1674 1308 1715 alteri
1340 1675 1560 1730 delegavi:
1598 1691 1686 1718 non

254 1737 359 1794 quin
382 1736 487 1777 mihi
512 1735 810 1775 suavissimum
835 1733 904 1782 sit,
937 1742 980 1773 et
1002 1739 1230 1786 occupato,
1253 1740 1296 1771 et
1317 1731 1370 1772 ad
1393 1732 1553 1773 litteras
1583 1734 1687 1774 scri-

255 1794 432 1843 bendas,
454 1801 502 1833 ut
525 1802 568 1832 tu
594 1791 721 1840 nosti,
754 1790 1002 1846 pigerrimo,
1025 1798 1110 1829 tuae
1133 1788 1352 1830 memoriae
1374 1788 1474 1829 dare
1495 1804 1685 1845 operam.

252 1855 273 1883 4
299 1851 381 1892 Sed
415 1850 555 1906 ipsum
583 1847 796 1896 volumen,
828 1846 941 1901 quod
976 1846 1055 1886 tibi
1089 1845 1199 1895 misi,
1224 1844 1363 1895 facile,
1385 1855 1433 1886 ut
1462 1860 1544 1901 ego
1573 1847 1686 1888 arbi-

254 1919 357 1959 tror,
378 1922 447 1948 me
468 1914 661 1947 excusat.
723 1903 882 1944 Nescio
907 1906 925 1934 5
942 1902 1064 1958 cujus
1084 1901 1161 1942 otii
1185 1911 1309 1952 esset,
1332 1916 1416 1942 non
1441 1903 1570 1945 modo
1591 1919 1686 1961 per-

299 2025 308 2052 l
334 2020 436 2060 Coelii]
452 2019 558 2050 Totus
572 2018 625 2049 hic
641 2017 722 2047 llbex·
736 2016 949 2057 epistolarum

255 2063 350 2095 Coelii
365 2064 456 2094 abest
471 2073 491 2092 a
511 2062 573 2092 Ms.
599 2066 711 2090 nostro
725 2065 759 2090 et
773 2060 836 2090 Gu.
861 2061 892 2089 2.
915 2059 949 2089 in

255 2107 319 2136 Gu.
349 2109 376 2136 l.
401 2105 519 2135 'lacuna
533 2110 581 2135 est
598 2103 638 2133 ab
652 2112 704 2142 ep.
720 2105 751 2131 2.
769 2101 808 2131 ad
822 2106 852 2136 9.
871 2101 948 2130 item

254 2147 378 2178 Gorlic.
404 2147 443 2177 In
456 2146 526 2177 edd.
544 2154 592 2185 pr.
609 2144 716 2184 plures
728 2154 801 2183 epp.
820 2144 951 2179 absunt,

255 2189 403 2229 quaedam
419 2198 486 2219 non
501 2189 639 2226 integrae
654 2196 691 2217 ac
707 2191 800 2222 totae,
824 2190 857 2216 et
872 2185 951 2215 ordo

255 2232 356 2263 etiam
372 2235 421 2261 est
437 2231 590 2260 diversus,

299 2275 319 2304 2
332 2273 390 2303 tibi
407 2271 582 2310 decedenti]
600 2272 652 2301 Sic
665 2269 766 2300 edidit
777 2270 901 2310 primus
914 2268 950 2298 P.

258 2314 430 2346 Manutius
449 2317 538 2344 1541.
560 2312 645 2351 quod
660 2312 762 2342 secuti
785 2317 863 2341 sunt
882 2321 953 2341 om-

259 2367 317 2390 nes
329 2357 370 2387 ad
381 2355 589 2386 Gebhardum
603 2364 716 2393 usque,
729 2354 782 2392 qui
796 2360 888 2384 vetus
900 2354 952 2382 de-

259 2400 372 2430 cedens
385 2398 543 2433 restituit,
559 2406 631 2435 quae
647 2396 725 2426 adeo
737 2395 832 2427 hodie
844 2395 953 2435 vulga-

259 2446 298 2472 ta
322 2440 421 2471 lectio
451 2446 513 2475 est,
540 2438 596 2469 sed
624 2438 796 2468 manifeste
825 2438 953 2468 vitiosa.

261 2493 339 2523 nam
363 2483 477 2514 Cicero
497 2480 646 2515 decessit,
675 2489 741 2509 non
765 2479 898 2516 Coelius,
921 2485 956 2510 et

261 2525 384 2556 iterum
399 2534 449 2564 ep.
469 2526 517 2554 10.
531 2523 565 2553 in
579 2522 643 2552 fine
658 2528 725 2551 est:
743 2531 808 2560 qua
821 2522 954 2552 obtesta-

262 2569 348 2598 tione
369 2565 518 2597 decedens
540 2565 620 2594 milii
636 2564 816 2594 mandaris.
861 2563 955 2600 Vide,

264 2609 415 2640 decedens
437 2613 488 2639 est
514 2608 638 2639 Cicero.
672 2615 749 2644 ergo
778 2606 957 2636 necessario

265 2651 428 2693 decfdenti
448 2650 549 2681 etiam
572 2652 688 2679 contra
709 2647 807 2677 libros
821 2648 959 2687 scriptos

266 2693 441 2733 legendum
457 2696 517 2722 est.
541 2689 727 2721 mirandum
747 2689 831 2719 viros
847 2689 959 2719 doctos

266 2736 315 2765 ita
332 2735 456 2766 deditos
474 2746 483 2764 ‹
493 2743 541 2764 sse
555 2732 698 2773 potuisse
713 2731 803 2762 libris
818 2731 959 2771 scriptis,

266 2782 305 2807 ut
321 2777 495 2808 manifesta
508 2775 589 2818 vitia
601 2774 724 2806 ferrent
738 2777 796 2805 aut
811 2773 962 2805 defende-

268 2823 356 2864 pent.

1035 2019 1053 2046 3
1075 2017 1110 2045 in
1133 2018 1189 2046 hoc
1209 2020 1241 2045 te
1261 2015 1349 2055 depr.
1373 2025 1412 2044 ne
1426 2025 1533 2047 meum
1549 2018 1606 2047 Ιιοι·
1618 2017 1689 2058 ‘ffl-

992 2058 1094 2098 cium]
1121 2058 1266 2088 Graevius
1289 2068 1327 2087 ex
1350 2067 1417 2087 uno
1447 2059 1510 2089 Ms.
1536 2068 1606 2095 suo,
1632 2063 1690 2091 linc

994 2100 1084 2140 depr.
1102 2105 1135 2130 et
1150 2100 1323 2139 vulgatum
1339 2109 1454 2139 parum
1477 2100 1617 2133 latinum
1632 2104 1688 2141 ju-

995 2141 1092 2172 dicat.
1136 2142 1199 2173 Sed
1220 2140 1363 2182 efficium
1386 2141 1456 2172 sine
1477 2143 1576 2173 dubio
1592 2146 1689 2175 vitio-

994 2193 1067 2214 sum
1082 2188 1142 2214 est.
1166 2194 1242 2214 nain
1264 2184 1406 2213 officium
1423 2185 1585 2222 quomodo
1601 2196 1690 2217 arro-

995 2226 1116 2265 gantiae
1144 2225 1354 2256 condemnari
1382 2228 1514 2265 potest?
1547 2228 1690 2259 Excusat

997 2268 1130 2305 Coelius‚
1154 2267 1240 2308 quod
1262 2269 1490 2298 commentarii
1514 2279 1623 2300 rerum
1638 2281 1692 2301 ur-

996 2310 1155 2340 banarum
1179 2309 1286 2340 aliena
1302 2319 1402 2339 manu
1423 2310 1536 2351 scripti
1558 2312 1636 2342 sint.
1658 2312 1691 2342 id

996 2362 1062 2382 non
1075 2358 1145 2383 erat
1160 2351 1312 2393 «fficium.
1359 2352 1443 2381 Puto
1459 2352 1598 2383 Coelium
1614 2354 1691 2384 scri-

997 2395 1094 2434 psisse
1109 2396 1290 2431 consilium,
1304 2403 1348 2423 sc.
1365 2403 1421 2433 per
1435 2394 1535 2423 alium
1549 2395 1692 2426 scriben-

996 2437 1040 2472 di,
1058 2446 1125 2467 non
1144 2446 1202 2466 sua
1222 2445 1334 2466 manu.
1359 2445 1425 2471 rem
1443 2441 1522 2475 puto
1537 2446 1605 2467 esse
1620 2446 1691 2468 ma—

997 2479 1170 2509 nifestam:
1194 2479 1358 2517 mirorque
1375 2477 1426 2507 hic
1442 2478 1607 2509 neminem
1622 2478 1690 2509 hae-

997 2530 1085 2551 sisse.

1040 2566 1060 2593 4
1077 2561 1143 2593 Sed
1153 2562 1259 2602 ipsum
1274 2559 1562 2600 volumen-facile
1575 2571 1626 2592 me
1639 2573 1693 2593 ea·—

999 2604 1106 2644 cusat]
1132 2603 1282 2634 Profecto
1296 2602 1501 2633 scribendum
1524 2609 1573 2634 est
1596 2614 1693 2636 excu-

1000 2647 1094 2676 sabit.
1138 2645 1311 2675 Postulant
1325 2645 1422 2675 verba
1437 2646 1521 2681 misi,
1537 2648 1694 2683 arbitror,

1001 2698 1076 2718 cum
1092 2687 1153 2718 hoe
1169 2692 1368 2726 comparata.
1387 2686 1458 2717 aliis
1472 2697 1600 2727 quoque
1616 2689 1695 2718 locis

1003 2729 1195 2769 compendia
1209 2729 1367 2759 scribendi
1393 2739 1533 2768 praeseus
1556 2731 1616 2761 hoc
1636 2740 1695 2770 pro

1004 2772 1116 2802 futuro
1131 2777 1165 2801 et
1181 2771 1372 2810 imperfecto
1387 2771 1539 2802 intulere.

1049 2817 1066 2845 5
1081 2812 1174 2854 cnjus
1185 2812 1257 2854 otii]
1277 2813 1396 2845 Editur
1410 2824 1427 2844 e
1442 2813 1522 2845 Mss.
1536 2813 1651 2856 qquus
1663 2818 1701 2844 ut
