1865 3223
431 112 509 150 AD
533 109 899 149 TERENTIAM
924 108 1195 150 UXOREM.
1452 116 1528 154 379

105 224 152 257 ut
172 216 314 258 animo
337 216 417 257 sim
439 230 612 272 magno,
629 221 673 254 ct
694 228 812 269 spem
830 213 1011 255 habeam
1034 214 1334 268 recuperanda:
1358 214 1528 256 salutis:

103 272 146 314 id
184 273 309 315 velim
339 274 395 314 sit
423 270 647 329 ejusmodi,
680 280 726 311 ut
754 280 867 311 recte
902 283 1068 326 sperare
1099 271 1324 325 possimus.
1388 271 1530 322 Nunc,

103 330 244 380 miser,
267 330 437 385 quando
463 327 662 382 tuasjam
694 327 853 368 litteras
884 327 1125 382 accipiam?
1157 327 1251 381 quis
1274 329 1323 367 ad
1349 342 1415 368 me
1440 342 1532 383 per-

104 385 210 426 feret
230 389 243 428 ?
273 402 377 442 quas
399 401 480 442 ego
501 394 816 440 exspectassem
837 384 1071 434 Brundisii,
1089 384 1120 423 si
1144 392 1252 423 esset
1275 383 1438 424 licitum
1461 398 1534 440 per

106 453 270 493 nautas,
290 445 363 499 qni
392 445 433 475 24
448 451 742 496 tempestatem
768 441 1092 496 praetermittere
1114 439 1356 481 noluerunt.
1405 440 1533 486 Quod

106 500 314 554 reliquum
337 508 414 550 est,
437 509 626 539 sustenta
651 508 706 548 te,
729 513 823 539 mea
843 498 1057 548 Terentia,
1080 507 1127 537 ut
1150 507 1285 553 potes,
1325 496 1535 536 honestis-

107 556 212 596 sime
242 556 453 597 viximus:
494 555 728 596 floruimus.
768 570 854 596 non
888 555 1039 595 vitium
1072 564 1278 603 nostrum,
1301 553 1371 593 sed
1404 553 1535 593 virtus

108 624 253 654 nostra
271 627 346 653 nos
368 612 538 652 afflixit.
570 622 791 668 peccatum
815 622 879 652 est
900 611 1077 660 nullum,
1103 611 1181 651 nisi
1208 610 1320 665 quod
1348 625 1429 651 nou
1454 624 1539 650 una

109 670 292 709 animam
316 684 413 709 cum
438 670 697 709 ornamentis
720 668 952 709 amisimus.
1014 669 1096 708 Sed
1123 669 1154 707 si
1180 667 1260 708 hoc
1291 666 1373 708 fuit
1397 666 1538 708 liberis

110 727 264 766 nostris
287 727 462 782 gratius,
485 740 561 766 nos
585 726 753 767 vivere:
788 736 942 776 cetera,
965 739 1222 780 quamquam
1255 723 1427 766 ferenda
1454 738 1539 767 non

110 790 223 833 sunt,
253 783 449 824 feramus.
509 782 654 837 Atque
680 797 777 838 ego,
807 783 879 837 qui
910 793 949 822 te
985 782 1208 832 confirmo,
1236 782 1326 838 ipse
1357 798 1424 823 me
1454 798 1539 824 non

112 853 298 893 possum.
362 839 562 880 Clodium
599 839 890 890 Philetaerum,
915 839 1028 894 quod
1063 839 1296 879 valitudine
1320 839 1540 881 oculorum

113 897 441 951 impediebatur,
464 897 682 936 homiuem
706 895 887 946 fidelem,
910 895 1066 936 remisi.
1129 896 1350 937 Sallustius
1390 900 1430 927 25
1446 898 1541 939 offi-

112 953 179 993 cio
224 953 354 993 vincit
396 967 558 993 omnes.
636 952 894 993 Pescennius
945 965 1009 992 est
1050 953 1347 1008 perbeuivolus
1392 955 1539 996 nobis:

112 1023 238 1063 quem
259 1024 424 1065 semper
446 1024 568 1065 spero
592 1010 651 1050 tui
677 1010 766 1050 fore
788 1011 1101 1050 observantem.
1147 1010 1272 1051 Sicca
1292 1012 1474 1062 dixerat,
1498 1026 1542 1052 se

113 1080 280 1107 mecum
306 1066 423 1107 fore:
463 1067 534 1107 sed
560 1066 790 1107 Brundisio
820 1067 1028 1107 discessit.
1090 1066 1219 1117 Cura,
1241 1069 1380 1123 quoad
1405 1079 1542 1123 potes,

114 1132 160 1162 ut
194 1123 354 1164 valeas:
397 1132 440 1163 et
469 1124 529 1164 sic
559 1124 793 1173 existimes,
814 1138 880 1164 me
917 1123 1210 1164 vehementius
1232 1135 1322 1165 ·tua
1359 1126 1543 1175 miseria,

111 1195 239 1234 quam
290 1194 383 1220 mea
425 1181 700 1220 commoveri.
761 1180 865 1220 Mea
905 1179 1119 1230 Terentia,
1161 1181 1367 1222 fidissima
1415 1192 1543 1237 atque

113 1237 277 1292 optima
308 1251 432 1287 uxor,
454 1247 496 1277 et
534 1251 626 1278 mea
660 1236 877 1277 carissima
909 1236 1053 1288 filiola,
1076 1246 1118 1276 et
1149 1252 1244 1292 spes
1275 1238 1436 1293 reliqua
1466 1254 1544 1279 no-

115 1303 213 1343 stra,
238 1292 406 1344 Cicero,
430 1293 578 1333 valete.
641 1293 784 1333 Pridie
809 1292 1022 1334 Kalendas
1048 1293 1157 1334 Maii
1184 1294 1429 1335 Brundisio.

622 1381 1023 1419 ARGUMENTUM.
1556 1380 1579 1413 5

114 1444 285 1480 Reditum
319 1457 361 1480 ex
391 1446 579 1492 provincia
615 1445 746 1480 Cilicia
778 1446 985 1494 signifieat.-
1037 1446 1210 1483 Terentiae
1241 1449 1467 1496 diligentiam
1505 1450 1542 1483 in

184 1497 367 1533 scribendo
384 1497 509 1532 laudat
525 1513 537 1532 .·
568 1497 738 1545 quaefiert'
759 1498 843 1533 velit
863 1499 905 1533 de
924 1498 1103 1534 Preciana
1121 1502 1297 1540 auctione,
1320 1502 1479 1536 mandat.

192 1562 258 1603 M.
280 1562 330 1603 T.
352 1563 402 1604 C.
434 1562 763 1604 TERENTIAE
798 1562 870 1604 ET
900 1563 1072 1606 TULL.
1107 1565 1238 1607 SUIS
1271 1567 1314 1607 S.
1340 1566 1386 1607 P.
1415 1566 1471 1608 D.
1556 1568 1679 1609 P·23⁶·

116 1617 178 1670 SI
204 1641 248 1671 tu
280 1639 323 1670 et
344 1630 496 1681 Tullia,
517 1631 591 1672 lux
629 1641 786 1680 nostra,
810 1631 973 1682 valetis,
995 1647 1076 1673 eoo
1108 1643 1150 1674 et
1173 1635 1448 1674 suavissimus
1472 1622 1590 1677 Ci-a'

115 1702 213 1728 cero
230 1687 430 1728 valemus.
492 1688 635 1728 Pridie
655 1687 756 1728 Idus
778 1688 991 1729 Octobres
1010 1667 1203 1731 Xtheuas
1224 1692 1431 1742 venimus,
1448 1707 1547 1734 cum

117 1757 216 1784 sane
251 1744 436 1785 adversis
461 1745 597 1785 ventis
631 1745 692 1785 usi
730 1759 932 1795 essemus,
965 1747 1167 1801 tardeque
1203 1757 1244 1787 et
1277 1748 1548 1790 incommode

115 1801 449 1857 navigassemus.
513 1801 579 1842 De
602 1816 708 1842 nave
724 1803 982 1842 exeuntibus
1006 1804 1129 1844 nobis
1152 1803 1335 1844 Acastus
1359 1820 1455 1846 cum
1479 1806 1548 1846 lit-

118 1858 217 1898 teris
241 1868 396 1913 praesto
419 1857 502 1898 fuit
524 1873 608 1899 uno
631 1868 673 1899 et
697 1858 900 1899 vicesimo
922 1859 1005 1910 die,
1028 1875 1128 1901 saue
1150 1870 1333 1901 strenue.
1384 1863 1548 1919 Accepi

117 1923 211 1955 tuas
234 1915 408 1966 litteras,
429 1915 584 1970 quibus
616 1915 822 1965 intellexi,
847 1925 887 1955 te
918 1917 1066 1967 vereri,
1089 1932 1142 1957 ne
1174 1919 1410 1972 superiores
1440 1921 1547 1962 mihi

115 1971 292 2012 redditae
318 1986 402 2011 uon
433 1981 588 2012 essent.
649 1972 811 2013 Omnes
844 1982 940 2012 sunt
964 1973 1168 2015 redditae:
1201 1974 1548 2030 diligentissime-

116 2042 198 2082 que
226 2043 251 2068 a
285 2037 325 2068 te
358 2029 592 2084 perscripta
623 2039 721 2069 sunt
752 2029 923 2070 omnia:
958 2030 1084 2084 idque
1120 2030 1224 2071 milri
1256 2034 1547 2087 gratissimum

118 2085 215 2125 fuit.
263 2084 414 2139 Neque
437 2100 528 2126 sum
551 2085 799 2136 admiratus,
822 2085 932 2126 hanc
953 2087 1193 2142 epistolam,
1213 2103 1340 2142 quam
1363 2089 1548 2133 Acastus

119 2142 278 2192 attulit,
309 2142 348 2172 ⁶26
367 2143 536 2183 brevem
569 2142 714 2182 fuisse.
739 2141 831 2197 jam
867 2143 979 2183 enim
1016 2157 1083 2184 me
1125 2145 1263 2199 ipsum
1303 2157 1548 2203 exspectas,

119 2198 208 2238 sive
231 2213 307 2238 nos
330 2199 459 2254 ipsos,
481 2200 553 2254 qui
576 2199 748 2254 quidem
770 2214 896 2254 quam
930 2201 1115 2255 primum
1137 2202 1187 2242 ad
1215 2217 1286 2242 vos
1310 2205 1452 2245 venire
1475 2221 1549 2247 cu-

120 2255 285 2310 pimus:
328 2256 407 2296 etsi
443 2257 541 2296 27in
572 2271 701 2311 quarn
735 2256 1043 2312 rempublicam
1075 2259 1308 2310 veniarum,
1340 2261 1549 2318 intelligo.

161 2386 202 2415 ‘24
223 2389 444 2424 tempestatem
473 2385 735 2425 proetermittere]
773 2384 812 2415 ln

119 2427 240 2457 bonam
257 2432 383 2467 partem
397 2428 476 2458 dicit
490 2431 723 2468 tempestatem,
736 2438 812 2458 ven-

119 2474 171 2498 tos
187 2469 354 2499 secundos.

163 2512 203 2541 25
225 2510 327 2551 (fficio
356 2512 460 2541 vincet
490 2511 611 2550 omnes]
650 2511 733 2542 Edd.
760 2521 810 2551 pr.

123 2552 248 2583 addunt
264 2563 344 2593 spes,
359 2553 444 2592 quod
463 2559 577 2583 natum
592 2563 630 2583 ex
644 2553 764 2584 ultima
779 2554 812 2583 in

122 2604 230 2624 omnes
251 2600 285 2625 et
309 2597 414 2636 prima
435 2596 470 2625 in
495 2595 705 2632 Pescennius,
729 2595 814 2626 unde

123 2637 156 2665 in
186 2636 249 2666 Gu.
279 2640 308 2667 l.
337 2640 367 2669 ΕΞ.
395 2637 446 2668 ed.
481 2637 577 2668 Rom.
607 2647 715 2667 omnes
736 2647 813 2678 spes.

127 2679 277 2714 cennius,
301 2684 452 2718 recteque
480 2679 624 2709 deletum
647 2684 728 2710 est.·
752 2679 816 2710 Sed

119 2722 224 2750 vincet
246 2721 472 2760 corrigendum
499 2723 610 2751 vincit.
641 2722 746 2751 vincet
768 2722 815 2751 fa-

120 2767 211 2792 ctum
226 2768 273 2791 est
290 2773 308 2792 e
331 2763 446 2793 vitiosa
463 2764 604 2793 lectione
618 2773 697 2803 spes.

162 2804 202 2834 26
225 2805 349 2834 brevem
360 2803 482 2845 fuisse]
510 2804 728 2836 Refer-endum
752 2804 814 2835 hoc

120 2846 161 2876 ad
185 2846 395 2877 Terentiam:
428 2857 500 2886 quae
527 2848 656 2878 brevem
680 2847 814 2888 scripse-

855 2391 918 2416 rat.
942 2386 996 2417 sed
1017 2392 1188 2428 propterea
1210 2399 1286 2419 mox
1309 2389 1481 2429 legendum
1498 2397 1548 2423 est

855 2430 1069 2468 exspectabas.
1115 2430 1190 2461 Sive
1211 2441 1266 2461 nos
1287 2433 1380 2472 ipsos,
1397 2443 1448 2463 me
1471 2443 1547 2464 cum

855 2470 935 2501 filio.
951 2481 980 2501 v.
996 2481 1047 2511 ep.
1068 2475 1114 2502 14.

897 2515 935 2546 27
959 2513 994 2542 in
1025 2524 1126 2553 quam
1155 2524 1258 2554 remp.
1286 2516 1444 2556 venimus]
1485 2518 1545 2548 Ed.

856 2552 944 2585 Med.
976 2559 1013 2585 ut
1040 2556 1102 2586 Gu.
1136 2560 1163 2586 l.
1193 2560 1223 2586 2.
1260 2558 1433 2588 zvenz'emuS.
1476 2561 1545 2591 Ser.

855 2598 1035 2627 veniamus.
1058 2599 1093 2627 in
1115 2599 1185 2628 edd.
1201 2604 1278 2628 ante
1294 2599 1380 2629 Med.
1395 2605 1445 2630 est
1455 2603 1546 2641 cupi-

857 2647 965 2677 amus,
981 2644 1017 2669 ut
1033 2640 1066 2669 in
1085 2649 1150 2670 scr.
1175 2639 1299 2677 multis,
1315 2641 1399 2679 quod
1413 2642 1548 2681 frustra,

856 2685 895 2710 ut
924 2682 1081 2722 optantis,
1108 2683 1225 2722 probat
1254 2682 1411 2713 Graevius.
1447 2685 1549 2715 immo

856 2733 948 2753 error
973 2729 1023 2754 est
1052 2723 1256 2754 librariorum
1289 2727 1550 2763 permutantium

855 2766 1113 2805 conjunctivum,
1129 2766 1300 2804 cupiamus
1314 2777 1371 2807 pro
1390 2769 1551 2808 cupimus,

854 2809 1001 2838 venimus
1014 2816 1072 2847 pro
1088 2808 1265 2837 veniamus.
