1817 3196
228 82 276 116 56
587 76 766 116 EPIST.
804 75 989 114 LIBER
1013 74 1273 114 TERTIUS

227 178 444 233 decedere,
467 190 510 223 et
534 196 608 237 per
631 181 721 222 fore
745 179 1119 221 accommodatum
1142 178 1236 228 tibi,
1255 177 1288 218 si
1311 177 1364 218 ad
1385 176 1499 220 illam
1531 178 1657 220 mari·

228 240 375 280 timam
414 248 578 294 partem
611 238 860 294 provinciae,
893 236 1072 276 navibus
1103 235 1388 277 accessissem.
1450 235 1558 278 Dixi
1589 250 1657 277 me

226 311 317 337 esse
350 295 587 337 facturum:
621 296 764 348 itaque
798 294 1007 342 fecissem,
1044 292 1125 332 nisi
1159 290 1263 332 mihi
1301 291 1349 331 L.
1384 291 1560 334 Clodius
1582 306 1661 333 no·

229 362 314 394 ster
339 353 540 408 Corcyrae
565 352 760 400 dixisset,
783 350 958 391 minime
992 348 1031 389 id
1064 363 1154 388 esse
1187 347 1455 390 faciendum:
1487 359 1528 390 te
1553 349 1663 390 Lao-

228 410 361 451 dicea:
412 410 502 450 fore
545 408 598 448 ad
641 422 782 447 mcum
833 406 1079 446 adventum.
1142 404 1244 445 Erat
1296 405 1338 446 id
1382 405 1487 446 mibi
1524 405 1660 446 multo

229 468 414 516 brevius,
464 465 684 518 multoque
732 462 1014 512 commodius,
1073 475 1171 502 cum
1221 464 1456 517 praesertim
1516 472 1558 503 te
1601 463 1664 504 ita

229 524 353 564 malle
375 523 614 564 arbitrarer.
675 519 768 560 Tua
791 520 897 559 ratio
926 529 1072 574 postea
1094 529 1158 559 cst
1180 529 1457 560 commutata.
1518 519 1663 570 Nunc,

230 580 333 636 quid
359 580 446 620 fieri
470 579 619 635 possit,
644 589 685 617 tu
723 576 923 617 facillime
946 586 1119 616 statues.
1143 590 1225 632 ego
1249 576 1326 617 tibi
1355 590 1497 617 meum
1519 575 1661 617 consi-

184 644 214 675 b.
230 638 334 679 lium
376 651 606 692 exponam.
670 634 809 688 Prope
855 632 950 674 Kal.
994 633 1145 674 Sextil.
1189 642 1293 688 puto
1333 647 1400 673 me
1440 633 1662 674 Laodiceae

229 695 346 735 fore:
368 694 426 735 ibi
454 697 489 724 14
504 706 739 748 perpaucos
762 691 865 741 dies,
888 690 989 730 dum
1014 690 1195 745 pecunia
1218 689 1442 745 accipitur,
1463 705 1560 745 quae
1584 689 1664 730 mi-

228 752 273 793 hi
297 766 349 792 ex
375 750 545 807 publica
570 748 882 804 permutatione
905 747 1098 798 debetur,
1121 748 1434 788 commorabor.
1495 746 1666 788 Deinde

230 809 311 850 iter
333 808 488 849 faciam
516 807 567 847 ad
590 805 844 855 exercitum,
867 814 911 844 ut
932 805 1102 845 circiter
1125 804 1226 845 Idus
1250 803 1402 844 Sextil.
1424 813 1572 859 putem
1595 817 1664 844 me

230 866 282 906 ad
304 864 501 906 Iconium
532 862 638 903 fore.
700 861 782 903 Sed
811 862 844 902 si
867 861 969 916 quid
993 876 1106 902 nunc
1128 876 1196 902 me
1218 860 1326 902 fallit
1349 861 1391 901 in
1423 860 1664 911 scribendo,

230 921 398 977 (procul
421 920 535 961 eninr
558 921 729 960 aberam
764 920 817 959 ab
840 933 883 958 re
906 919 1010 973 ipsa,
1033 928 1076 958 et
1107 934 1132 959 a
1153 918 1292 968 locis‚)
1324 918 1449 959 simul
1482 933 1532 959 ac
1565 932 1664 974 pro-

231 979 350 1034 gredi
374 992 564 1033 coepero,
587 990 715 1032 quam
738 975 955 1016 celerrime
980 985 1144 1030 potero,
1167 985 1207 1016 et
1240 989 1368 1031 quam
1392 975 1661 1016 creberrimis

229 1036 382 1077 litteris
402 1034 572 1084 faciam,
596 1043 643 1074 ut
663 1032 741 1073 tibi
763 1041 864 1072 nota
887 1031 942 1071 sit
965 1032 1103 1072 omnis
1127 1033 1234 1072 ratio
1257 1033 1421 1073 dierum
1446 1043 1574 1087 atque
1596 1032 1667 1073 iti-

231 1108 380 1134 nerum
403 1105 612 1132 meorum.
645 1089 799 1132 Oueris
823 1088 901 1129 tibi
924 1088 1144 1143 imponere
1167 1103 1244 1129 nec
1263 1088 1399 1129 audeo
1421 1090 1670 1144 quidquam,

232 1165 311 1191 nec
333 1151 485 1191 debeo.
547 1147 646 1197 Sed,
669 1146 783 1201 quod
808 1156 882 1186 tuo
904 1145 1135 1186 commodo
1158 1145 1247 1186 fieri
1273 1146 1422 1200 possit,
1446 1146 1667 1201 utriusque

232 1207 428 1248 nostrum
459 1205 604 1261 magni
641 1204 881 1253 winter-est,
913 1212 960 1243 ut
982 1212 1023 1242 te
1057 1203 1220 1243 videam
1254 1212 1367 1252 ante,
1389 1218 1517 1258 quam
1548 1203 1673 1244 dece-

233 1265 323 1306 das.
386 1264 529 1310 Quam
564 1260 812 1302 facultatem
844 1260 876 1299 si
901 1259 996 1314 quis
1018 1274 1140 1300 casus
1171 1260 1388 1315 eripuerit,
1411 1274 1504 1301 mea
1528 1268 1671 1303 tamen

234 1322 278 1362 in
303 1332 344 1362 te
367 1320 512 1362 omnia
533 1319 679 1359 officia
708 1317 983 1367 constabunt,
1006 1331 1092 1357 non
1115 1331 1235 1358 secus
1258 1331 1308 1357 ac
1332 1316 1365 1357 si
1392 1325 1432 1357 te
1457 1317 1671 1359 vidissem.

235 1378 335 1420 Tibi
358 1378 410 1419 de
439 1376 595 1418 nostris
629 1376 754 1416 rebus
787 1374 892 1414 nihil
915 1388 1005 1414 sum
1041 1383 1139 1414 ante
1164 1373 1438 1414 mandaturus
1463 1388 1536 1430 per
1557 1374 1672 1415 litte·

235 1451 316 1487 ras,
348 1450 472 1491 quam
503 1434 727 1488 desperaro
750 1446 895 1472 coram
928 1444 995 1470 me
1025 1440 1167 1471 tecum
1194 1445 1321 1486 agere
1350 1446 1488 1486 posse.
1543 1431 1675 1478 Quod

236 1503 278 1534 te
307 1508 332 1534 a
365 1491 548 1533 Scaevila
582 1489 754 1545 petiisse
793 1488 916 1537 dicis,
959 1496 1018 1537 ut,
1041 1488 1142 1528 dum
1174 1497 1218 1528 tu
1249 1488 1432 1538 abesses,
1465 1497 1564 1529 ante
1600 1488 1676 1529 ad-

235 1560 412 1591 ventum
434 1562 592 1597 meum,
617 1545 850 1601 provinciae
881 1555 1108 1601 praeesset;
1139 1559 1236 1585 eum
1269 1558 1350 1600 ego
1383 1544 1542 1600 Ephesi
1567 1546 1676 1588 vidi:

236 1607 405 1662 fuitque
427 1619 596 1646 mecum
620 1602 886 1644 familiariter
916 1601 1104 1642 triduum
1135 1601 1252 1651 illud,
1275 1602 1389 1656 quod
1411 1616 1493 1657 ego
1515 1601 1675 1658 Ephesi

237 1673 527 1706 commoratus
550 1675 668 1702 sum:
713 1674 790 1700 nec
813 1673 866 1700 ex
888 1673 939 1699 eo
963 1658 1195 1714 quidquam
1219 1658 1379 1708 audivi,
1400 1659 1516 1713 quod
1549 1660 1629 1700 sibi
1653 1675 1679 1701 a

239 1731 282 1762 te
303 1720 551 1762 mandatum
572 1718 746 1759 diceret.
787 1717 898 1757 Sane
921 1715 1070 1756 vellem
1095 1715 1303 1771 potuisset
1324 1716 1503 1771 obsequi
1528 1716 1679 1759 volun-

242 1779 320 1820 tati
345 1788 445 1818 tuae.
476 1791 563 1817 uon
584 1775 700 1816 enim
721 1774 906 1814 arbitror
930 1772 1129 1814 noluisse.
1190 1772 1309 1813 Vale.

202 1851 230 1892 6
761 1845 1164 1884 ARGUMENTUM.

247 1916 410 1952 Ostendit
430 1923 667 1960 congressum,
688 1922 711 1946 α
736 1922 773 1946 se
792 1912 1000 1958 expetitum,
1021 1909 1065 1944 ab
1093 1910 1214 1956 Appio
1232 1910 1412 1946 vitatum:
1444 1922 1481 1945 se
1509 1915 1627 1947 tamen
1646 1912 1680 1948 ei

286 1967 375 2017 fore
393 1966 671 2002 amicissimum:
703 1965 822 2011 quint
848 1963 964 1998 locum
992 1963 1202 2004 constituat,
1231 1962 1291 1997 ubi
1310 1964 1496 1998 convenire
1523 1965 1676 2011 possint,

296 2021 354 2056 sui
373 2019 513 2054 itineris
532 2018 717 2053 certiorem
728 2014 843 2064 facit.

496 2084 563 2125 M.
585 2083 635 2124 T.
662 2082 712 2123 C.
746 2080 936 2123 APPIO
960 2079 1274 2132 PULCHRO,
1298 2081 1342 2122 S.
1367 2080 1425 2123 D.

251 2143 396 2195 CUM
433 2166 574 2193 meum
609 2150 771 2192 factum
810 2164 907 2191 cum
945 2156 1020 2190 tuo
1050 2163 1269 2204 comparo,
1302 2149 1380 2189 etsi
1422 2163 1508 2190 non
1545 2151 1683 2207 magis

247 2211 354 2252 mihi
388 2210 512 2250 faveo
547 2210 589 2249 in
624 2217 769 2248 nostra
800 2206 992 2247 amicitia
1024 2206 1197 2257 tuenda,
1227 2221 1352 2260 quam
1389 2206 1495 2247 tibi:
1539 2215 1682 2250 tamen

248 2268 385 2310 multo
424 2266 559 2322 magis
596 2278 692 2305 meo
730 2264 845 2305 facto
880 2262 1081 2312 delector,
1124 2277 1252 2318 quam
1290 2273 1379 2303 tuo.
1440 2262 1536 2319 Ego
1569 2265 1684 2307 enim

250 2324 469 2367 Brundisii
489 2322 667 2378 quaesivi
691 2336 745 2361 ex
771 2321 950 2371 Phania,
973 2320 1096 2375 cujus
1119 2320 1223 2360 mihi
1249 2320 1423 2361 videbar
1442 2331 1486 2360 et
1506 2319 1687 2362 fidelita-

251 2394 337 2425 tem
360 2396 462 2437 erga
485 2390 524 2420 te
561 2379 842 2440 perspexisse,
865 2391 908 2418 et
928 2391 1051 2418 nosse
1073 2377 1230 2430 locum,
1256 2377 1293 2406 ¹6
1306 2391 1432 2432 quem
1452 2378 1563 2433 apud
1589 2388 1630 2420 te
1651 2380 1687 2421 is

296 2515 333 2543 14
357 2520 535 2551 perpaucos
562 2509 641 2549 dies]
681 2509 790 2539 Sentit
817 2508 950 2548 quisque

993 2514 1067 2538 cum
1089 2507 1237 2537 Victorio
1252 2507 1297 2537 sic
1318 2507 1427 2547 explet
1443 2508 1588 2539 Graevius
1603 2520 1620 2539 e
1636 2519 1690 2541 co-

250 2559 399 2585 attentus
417 2554 534 2587 lector,
549 2551 610 2581 hoe
627 2552 803 2591 abruptum
820 2560 900 2587 esse,
916 2556 951 2580 et

993 2549 1063 2579 dice
1089 2549 1243 2579 corradi:
1282 2551 1426 2587 interest,
1450 2554 1485 2579 ut
1509 2554 1540 2580 te
1560 2552 1689 2583 videam

251 2597 388 2627 fortasse
410 2605 536 2634 quoque
562 2593 732 2632 intelligit,
758 2593 866 2623 deesse
893 2593 949 2629 ibi,

249 2639 301 2669 vel
324 2637 508 2675 hujusmodi
530 2635 618 2675 quid.
632 2642 666 2666 et
690 2636 849 2675 reperitur
872 2645 951 2673 quo-

251 2691 313 2719 que
323 2681 355 2710 in
363 2681 440 2711 Mss.
452 2677 642 2716 quibusdam
654 2682 688 2708 et
698 2676 768 2707 edd.
782 2683 853 2716 post
863 2677 948 2707 Vict.

249 2723 295 2752 ae'ln'
309 2722 358 2768 vel
373 2723 439 2752 ubi.
461 2720 543 2752 illud
568 2720 677 2760 placet
693 2718 835 2756 Graevio,
855 2719 950 2759 idque

307 2774 322 2793 e
361 2787 368 2793 .

251 2774 443 2837 recffipimm-
470 2814 570 2847 quam
595 2802 741 2845 decedas]
782 2802 950 2836 Lacunam

993 2595 1084 2627 ante,
1097 2601 1195 2631 quam
1210 2591 1240 2621 d.
1256 2601 1350 2630 quem
1367 2598 1497 2622 secutus
1513 2601 1603 2623 sum:
1629 2604 1690 2625 nee

993 2633 1061 2663 haec
1079 2634 1175 2663 lectio
1187 2638 1294 2672 potest
1306 2633 1423 2664 habere
1438 2634 1689 2667 dubitationem.

993 2675 1130 2705 MsGu.
1155 2679 1289 2705 tamen:
1318 2677 1449 2706 interest
1466 2677 1562 2716 prius
1577 2688 1689 2708 conve-

993 2719 1135 2753 niamus,
1152 2727 1181 2756 q.
1197 2718 1229 2747 d.
1246 2717 1325 2748 illud
1342 2718 1457 2748 melius
1472 2724 1532 2749 est.

1040 2760 1076 2790 16
1098 2769 1192 2799 quem
1207 2761 1298 2800 apud
1309 2764 1339 2789 te
1351 2762 1377 2789 is
1391 2760 1524 2799 teneret]
1560 2761 1695 2800 Semper

995 2812 1046 2835 me
1070 2801 1206 2838 offendit
1229 2803 1266 2834 is.
1312 2802 1395 2837 Sane
1418 2802 1547 2845 &meltum
1572 2803 1694 2844 oratio·
